2984 4962
318 449 375 508 DE
398 449 502 510 VITA
525 449 582 508 ΕΤ
605 447 796 509 SORIPTIS
817 446 1051 509 HERODOTI.
1185 453 1244 514 461

118 617 203 671 Ιοίιιο
219 618 356 686 existimo,
373 619 545 696 'Hecataeum
567 637 636 689 pura
650 620 744 672 lonica
764 620 879 673 dialecto
900 619 1096 690 scripsisset),
1123 620 1248 674 Herodo-

117 711 173 756 tum
190 711 279 757 autem
302 721 356 757 non
381 703 467 757 solum
481 705 592 757 Ionicae
608 703 716 758 dialecti
733 707 834 757 formas
852 721 990 775 uocesque
1005 704 1177 773 adhibuisse,
1199 705 1248 758 sed

116 787 296 842 immiscuisse
322 788 364 842 his
390 806 500 860 quoque
513 789 673 842 Homericus
695 800 778 860 atque
799 791 906 842 omnino
928 789 1019 859 spicas
1042 790 1101 844 sive
1117 789 1248 858 poeticas,

116 880 172 925 tum
186 886 253 927 vero
274 873 353 927 etiam
370 875 490 940 Atticas,
506 874 629 944 adeoque
655 874 766 927 aliarum
784 875 958 928 dialeotorum
979 875 1081 927 formas
1104 891 1247 944 vocesque,

116 957 182 1012 haec
204 977 270 1011 raro
287 959 374 1012 omnia
394 959 433 1010 ita
451 976 543 1012 secum
558 959 725 1028 coniungere
746 960 902 1025 studuisse,
930 967 961 1012 ut
980 961 1051 1012 bene
1071 959 1250 1012 convenirent

117 1043 235 1116 indeque
255 1044 343 1096 oratio
360 1044 506 1096 exsisteret
523 1044 647 1096 suaviter
660 1044 799 1096 delectans
822 1045 871 1098 hac
886 1044 947 1114 ipsa
961 1045 1094 1098 varietate
1116 1043 1250 1096 concinna

116 1145 248 1198 omneque
277 1129 396 1181 taedium
420 1128 541 1181 evitante
567 1145 653 1199 eaque
674 1129 707 1182 de
728 1145 811 1183 causa
833 1128 874 1182 vel
896 1129 1082 1198 praestantior
1102 1129 1250 1182 haberetur

115 1231 185 1282 puro
214 1213 307 1266 lonico
334 1229 472 1280 sermone,
503 1229 558 1282 quo
582 1213 747 1268 Hecataeum
778 1215 922 1285 ipsumque
949 1215 1030 1267 etiarn
1055 1214 1250 1283 Hippocratem

116 1298 155 1366 (ei
181 1305 253 1350 recte
278 1297 363 1350 tradit
396 1298 515 1368 scriptor
539 1298 567 1350 ἰιι
595 1298 759 1352 Bachmanni
782 1299 902 1352 Anecdd.
924 1299 963 1352 ll.
989 1319 1016 1370 p.
1038 1297 1143 1366 369**)
1171 1313 1249 1350 usum

117 1399 180 1434 esse
196 1382 301 1434 volunt.
335 1382 502 1452 Quamquam
516 1383 560 1436 vel
575 1383 603 1434 in
620 1383 670 1436 hac
683 1384 818 1438 Herodoti
831 1383 956 1455 ¹oratione
975 1384 1012 1437 ita
1031 1384 1137 1436 variata
1151 1381 1249 1434 lunda-

117 1473 235 1519 mentum
250 1483 356 1536 semper
370 1469 483 1536 praebet
498 1469 590 1520 Ionica
608 1468 751 1537 dialectos,
768 1469 896 1541 adquam
912 1476 1003 1522 cetera
1024 1469 1122 1538 optime
1140 1468 1249 1519 confor-

116 1554 223 1604 mentdr
239 1551 317 1618 adeo,
333 1559 363 1604 ut
382 1553 450 1604 bene
471 1549 649 1620 coeanffll).
692 1554 786 1617 Quare
809 1555 883 1623 apud
897 1552 976 1606 Phot.
996 1553 1064 1605 Cod.
1082 1552 1139 1605 Lx.
1161 1569 1188 1620 p.
1205 1554 1248 1604 59.

114 1629 237 1706 Ἰωνικῆς
249 1633 392 1690 διαλέκτου
407 1631 501 1691 κανὼν
515 1645 629 1690 vocatur
646 1637 819 1706 Herodotus,
841 1647 869 1692 et
889 1656 905 1690 a
919 1638 1036 1705 Dionys.
1052 1637 1140 1689 Halic.
1157 1636 1248 1705 Epist.

116 1721 149 1773 ad
171 1721 224 1774 Cn.
240 1721 333 1791 Pomp.
356 1721 403 1774 Vl.
419 1741 446 1792 p.
463 1713 723 1789 rusticantium
743 1717 852 1790 ἄριστος
866 1717 970 1777 aurcis.
1011 1723 1043 1774 In
1065 1713 1184 1792 sepulcri
1207 1721 1250 1772 in-

116 1805 265 1873 scriptione
294 1813 384 1859 autem
408 1807 567 1860 Herodotus
586 1815 701 1860 vocatur
723 1801 810 1870 Ἰάδος
833 1801 947 1878 ἀρχαίης
965 1803 1082 1877 ἱστορίης
1101 1800 1249 1876 nocituros:

115 1891 171 1942 vid.
187 1907 272 1961 supra
287 1897 312 1958 s.
331 1893 357 1944 6.

200 1976 279 2039 Quae
296 1993 355 2029 cum
370 1975 407 2030 ita
429 1977 502 2044 sint,
520 1993 620 2046 operae
636 1992 703 2028 sane
725 1975 860 2044 pretium,
877 1977 1032 2031 accuratius
1046 1976 1074 2029 in
1095 1993 1161 2043 eam,
1179 1991 1250 2046 quae

115 2061 266 2114 Herodotei
275 2062 408 2115 sermonis
424 2063 517 2129 fucrit,
533 2063 643 2114 formam
659 2061 808 2130 inquirere.
840 2062 929 2125 Quem
944 2061 1015 2115 enini
1030 2061 1123 2114 Ionica
1135 2059 1249 2112 dialecto

116 2146 262 2215 scripsisse
279 2146 405 2214 diximus,
422 2147 446 2198 is
461 2147 670 2217 haudquaquam
685 2145 714 2197 in
729 2146 853 2198 omnibus
868 2147 906 2200 ita
921 2155 1011 2200 certas
1027 2146 1157 2216 quasdam
1174 2145 1250 2212 leges

116 2230 195 2300 sequi
215 2231 338 2297 videtur,
367 2238 397 2282 ut
422 2231 510 2283 omnia
535 2231 570 2282 ad
594 2246 674 2282 unam
691 2233 857 2300 eandemque
875 2249 992 2285 normam
1016 2231 1124 2283 dialecti
1141 2231 1251 2282 lonicae

116 2315 267 2367 constituta
283 2315 355 2383 eint3
378 2315 444 2384 quin
467 2315 517 2366 hoc
535 2315 624 2384 ipsum
642 2314 804 2383 posterioris
825 2317 922 2368 aetatis
937 2317 1169 2383 grammaticorum
1191 2319 1249 2365 stu-

116 2398 189 2450 dium
214 2399 317 2466 luisse,
343 2407 376 2451 ut
390 2399 574 2466 Herodotum,
606 2415 684 2469 quem
710 2399 738 2450 in
766 2399 885 2466 singulis
911 2400 1006 2452 formis
1028 2399 1177 2468 verbisque
1195 2415 1250 2448 non

117 2483 205 2534 omnia
225 2483 259 2534 ad
283 2499 362 2536 unam
386 2484 507 2552 regulam
530 2490 629 2536 certum
652 2483 762 2551 exigere
781 2483 959 2550 invenerant,
984 2483 1154 2551 corrigerent
1174 2489 1202 2534 et
1217 2481 1250 2534 ad

117 2567 225 2618 lonicae
246 2567 355 2620 dialecti
370 2585 516 2637 canonem,
538 2585 616 2638 quem
632 2568 685 2620 sibi
707 2569 857 2635 finxerant,
881 2568 966 2636 magis
981 2568 1196 2633 conformarent,
1221 2573 1252 2617 ut

116 2651 265 2721 suiipsius
284 2653 368 2722 magis
384 2660 514 2706 constans
529 2653 574 2704 ille
595 2659 755 2723 appararet,
777 2653 894 2721 vestigia
910 2653 1041 2723 quaedam
1066 2653 1188 2705 indicare
1211 2651 1250 2710 vi—

116 2736 264 2804 dentur-l).
294 2737 427 2792 Nimirum
440 2737 502 2791 illos
525 2739 713 2806 grammaticos
732 2737 802 2790 idem
818 2737 968 2791 offendisse
982 2738 1106 2806 videtur,
1129 2754 1183 2808 quo
1210 2735 1252 2790 vel

182 2968 206 3034 *)
224 2972 256 3022 Iu
265 2973 405 3024 Hecataei
423 2973 588 3038 fragmentis
606 2971 737 3038 pleraque
749 2971 923 3038 reperiuntur
941 2972 976 3022 od
990 2971 1140 3022 communia
1153 2985 1251 3020 sermo·

116 3039 159 3088 nis
173 3039 274 3090 formas
287 3056 433 3090 conversa:
453 3056 524 3106 quaa
543 3055 633 3105 pauca
645 3045 765 3101 restant,
783 3039 920 3104 inquibus
938 3041 999 3106 ipsa
1011 3039 1150 3090 Hecataei
1166 3039 1252 3088 verba

115 3112 275 3170 servantur,
294 3107 424 3157 exhibent
436 3123 504 3158 sane
518 3109 619 3157 formas
632 3107 736 3158 solutas
748 3108 860 3157 Ionicae
878 3107 1007 3170 dialecti,
1026 3113 1057 3156 ut
1068 3100 1249 3171 καλεύμενος,

116 3163 218 3237 οὔρεα,
239 3167 341 3237 δοκέω,
362 3175 432 3236 alia;
452 3181 534 3239 atqua
546 3175 619 3225 haud
632 3177 689 3225 scio
703 3191 738 3226 an
751 3176 779 3224 in
792 3177 884 3240 operta
897 3175 990 3238 initio,
1009 3174 1090 3240 quala
1104 3174 1183 3223 uffart
1195 3175 1251 3222 De-

114 3241 229 3290 metrius
242 3241 284 3291 Dc
297 3241 451 3291 elocutione
464 3243 487 3302 θ.
501 3242 517 3290 2
530 3249 559 3292 ot
573 3242 615 3292 lt:
632 3234 782 3300 Ἑκαταῖος
791 3235 933 3309 Μιλήσιος
944 3230 1000 3292 cide
1012 3243 1161 3307 μυθεῖται·
1181 3233 1251 3289 eride

115 3302 233 3375 γράφω,
245 3301 283 3367 ὦς
295 3323 343 3374 μοι
355 3299 469 3374 ἀληθέα
483 3303 577 3362 δοκέοι
590 3303 680 3372 εἶναι,
695 3311 867 3360 scribendum
881 3326 986 3376 quoque
999 3311 1036 3360 sit
1044 3301 1214 3374 μυθέεται,
1228 3309 1252 3356 si

115 3376 225 3442 quidem
243 3381 371 3442 quattuor
387 3377 457 3426 haec
474 3378 566 3442 priora
582 3378 669 3429 rerba
691 3394 738 3444 pro
755 3378 841 3443 ipsius
859 3377 997 3428 Hecataei
1015 3375 1107 3428 verbis
1124 3375 1251 3425 habendo

116 3449 190 3495 suot.

183 3523 221 3590 *ἢ
240 3514 271 3585 ὃς
284 3518 496 3606 (Ιπποκοάτης)
511 3521 625 3594 α’κροὶιῳ
641 3527 676 3596 τῇ
689 3519 760 3579 ’loide
773 3527 887 3594 χρῆται·
913 3518 928 3578 ὁ
946 3523 1000 3592 γὰρ
1014 3518 1167 3590 Ἡρόδοτος
1185 3539 1251 3590 συμ-

113 3595 209 3664 μίσγει
223 3589 314 3662 αιὶιηι
325 3593 360 3662 τῇ
372 3595 514 3662 ποιητικῇ.
537 3597 643 3647 Atticas
656 3605 748 3647 tamen
762 3597 863 3646 formas
875 3596 979 3645 Ionicis
991 3595 1170 3644 immiscuisse
1183 3594 1251 3660 Hip·

114 3669 257 3732 pocratem
270 3665 370 3715 statuit
381 3665 402 3714 I.
417 3665 460 3715 Fl.
473 3664 587 3715 Lobeok
600 3666 628 3713 in
641 3664 739 3717 Philol.
753 3665 826 3713 VIII.
839 3679 865 3728 p.
879 3661 921 3712 ⁸20.

183 3745 237 3812 aar)
256 3749 317 3801 Vid.
336 3748 452 3800 Bradov.
470 3765 534 3816 pag.
551 3749 580 3798 7:
603 3747 841 3812 „Fundamentum
859 3748 944 3814 igitur
961 3747 1135 3798 Herodoteae
1153 3747 1251 3796 oratio·

112 3821 159 3870 nis
179 3824 221 3868 est
237 3833 334 3868 recens
347 3817 406 3877 Ias,
425 3833 494 3882 quae
513 3831 573 3866 cum
590 3815 676 3866 multa
693 3831 754 3866 cum
767 3817 913 3867 Homerico
931 3830 1068 3878 sermone,
1087 3813 1173 3864 multa
1191 3829 1251 3864 curn

111 3893 209 3940 vetere
222 3887 316 3936 Attica
328 3885 447 3935 dialecto
460 3885 576 3935 haberet
588 3886 754 3948 communia,
773 3901 805 3936 eo
819 3883 931 3934 facilius
949 3884 1032 3933 etiam
1046 3882 1102 3932 alia
1115 3882 1250 3948 quaedam

114 3973 149 4006 ex
163 3955 215 4004 hac
230 3953 368 4004 affinitate
381 3954 505 4018 recipere
519 3958 547 4002 ot
560 3951 595 4002 ad
607 3968 670 4003 suus
683 3953 759 4018 legas
772 3954 891 4003 formare
904 3952 1020 4016 potuit.“

185 4037 215 4100 †)
234 4038 312 4088 Conl.
325 4037 518 4102 Ephemeridd.
531 4037 639 4086 lenens.
655 4033 728 4086 1817.
746 4053 786 4086 nr.
803 4035 858 4086 lul.
871 4053 897 4101 p.
911 4033 960 4085 352
978 4039 1005 4085 et
1022 4035 1083 4086 add.
1096 4035 1132 4084 H.
1144 4034 1250 4100 Apate„

113 4107 161 4172 qni
182 4105 216 4154 ad
228 4105 359 4156 Herodot.
373 4105 413 4166 ΙΙ,
429 4103 485 4153 121.
503 4103 713 4170 pag.·2ll01uae
733 4104 797 4154 edit.
817 4105 857 4154 ita
874 4103 1046 4168 pronuntiat:
1071 4103 1181 4166 „Nimia
1198 4102 1252 4152 luit
1359 4105 1360 4108 ’

113 4175 356 4240 grammaticorum
373 4187 440 4238 prae
458 4173 577 4224 caeteris
594 4187 691 4237 opera,
712 4187 791 4236 quarn
809 4172 838 4222 In
856 4187 888 4221 eo
906 4169 1091 4234 collocarunt,
1108 4175 1140 4220 ut
1154 4171 1250 4220 Musae

112 4239 249 4291 Herodoti
263 4241 403 4291 mulierum
416 4241 571 4290 Ionicarum
589 4255 661 4290 mora
679 4241 809 4304 pretiosis
822 4239 933 4289 indutae
946 4239 1069 4288 vestibus
1081 4238 1249 4289 incederent.

112 4307 267 4360 Nonnullae
279 4309 422 4360 verborum
436 4309 550 4370 formas,
566 4323 633 4372 quaa
645 4308 674 4356 in
687 4311 762 4356 textu
776 4306 933 4358 retinendus
946 4305 1078 4356 editorum
1091 4305 1190 4370 religIo
1204 4320 1250 4355 cu·

113 4377 203 4432 ravit,
220 4374 283 4425 hnic
302 4375 394 4426 inutili
407 4375 497 4428 studio
510 4376 650 4427 debemus.
663 4401 697 4410 -
714 4375 776 4426 Non
788 4375 894 4432 dubito,
914 4373 977 4438 quin
991 4373 1143 4440 complures
1155 4373 1254 4422 harum

114 4448 262 4498 formarum
274 4445 386 4494 lonicae
398 4445 443 4494 rel
455 4445 543 4510 potins
556 4445 683 4510 politicae
698 4457 732 4494 cx
745 4443 868 4494 versibus
878 4441 993 4492 Homeri
1005 4447 1033 4494 et
1045 4441 1170 4508 Pythiae,
1185 4455 1249 4506 quos
