3040 4962
527 483 733 544 URANIA.
757 485 847 544 VIII.
869 492 913 548 37.
1250 492 1290 552 51

144 657 267 744 τέρεος.
312 653 436 745 θοόνμα
459 655 521 744 μὲν
544 651 608 744 γάρ
639 657 695 724 καὶ
717 658 816 726 τοῦτο
840 653 944 746 κάρτα
969 658 1056 745 ἐστί,
1083 653 1169 726 ὅπλα
1191 652 1292 747 άρήϊα

145 753 317 846 αὐτόματα
340 759 488 847 φανῆναι
513 760 575 839 ἔξω
598 763 799 847 προκείμενα
827 760 891 827 ror?
912 761 1011 846 νηοῦ·
1045 755 1086 828 τά
1110 759 1148 828 tl
1172 755 1213 847 δὴ
1238 761 1291 828 ἐπὶ

144 855 256 951 τούτῳ
279 855 419 945 δεύτερα
444 854 661 946 ἐπιγενόμενα
689 860 744 928 καὶ
775 856 838 928 διὰ
854 857 989 930 πάντων
1012 857 1196 949 φασμάτων
1217 856 1292 943 ἄξια

144 957 327 1050 θωυμάσαι
350 958 499 1049 μάλιστα.
533 955 623 1029 Ἐπεὶ
645 955 709 1050 γάρ
734 957 775 1048 δὴ
793 949 880 1048 ἦσαν
905 959 1052 1042 ἐπιόντες
1074 965 1108 1030 ol
1129 959 1291 1052 βάρβαροι

145 1058 232 1130 κατά
255 1057 291 1131 τό
317 1059 392 1152 ίρόν
416 1065 474 1149 τῆς
497 1068 668 1150 Προνηίης
684 1056 883 1152 Ἀθηναίης,
909 1065 945 1132 ἐν
968 1060 1075 1156 τούτῳ
1101 1065 1137 1132 ἐκ
1153 1063 1215 1152 μὲν
1232 1066 1293 1132 τοῦ

145 1159 298 1254 οὐρανοῦ
315 1165 472 1254 κεραυνοὶ
491 1157 620 1232 αὐτοῖσι
640 1163 833 1252 ἐνέπιπτον,
858 1157 922 1234 ἆπό
942 1163 979 1233 δὲ
1002 1167 1065 1234 τοιῑ
1087 1167 1293 1256 Παρνησσοῦ

147 1323 236 1392 νηῖης
249 1327 315 1376 eth.
329 1327 347 1376 l.
361 1333 389 1377 et
401 1327 484 1392 poulo
502 1327 618 1376 inferius
637 1326 694 1390 (ubi
747 1327 849 1378 cultum
863 1343 937 1378 esee:
957 1329 990 1378 tle
1004 1343 1056 1394 quo
1070 1329 1196 1394 equidem
1208 1329 1290 1381 valde

147 1395 317 1444 Selmet'erus
336 1395 407 1444 hund
426 1395 480 1444 eibi
498 1400 629 1444 constans
648 1395 693 1444 de·
746 1395 850 1458 dubito,
861 1397 907 1461 qui
916 1401 947 1446 ut
955 1411 1038 1446 unum
1048 1399 1144 1447 eedem
1156 1397 1197 1447 ite
1208 1413 1291 1447 uuam

146 1463 230 1512 deret
240 1459 397 1527 Προναίης)
407 1463 517 1527 reposui
530 1478 590 1511 eum
604 1461 692 1524 Gnisl.
746 1467 853 1513 tentum
876 1465 955 1514 huius
973 1465 1042 1514 deae
1060 1463 1209 1529 Προναίας
1231 1467 1290 1516 nive

147 1535 179 1579 et
191 1535 308 1580 reeentt.
323 1531 397 1591 edd.,
411 1537 442 1580 ut
454 1545 537 1595 euprn
550 1531 572 1592 1,
586 1529 633 1591 92,
646 1530 694 1579 nbi
746 1531 852 1594 (Ionum
866 1533 951 1594 more)
965 1529 1114 1598 Προνηίης
1127 1533 1290 1598 appellatio·

146 1598 283 1648 vid.nott.
313 1597 394 1648 Conl.
408 1598 491 1648 etiem
505 1597 632 1647 nesebin.
647 1597 693 1647 ud·
746 1599 906 1648 neminisse
921 1600 1060 1662 existimo,
1080 1601 1291 1665 qunmiurlere·

146 1681 220 1716 vere.
240 1665 411 1730 ctesiphont.
430 1667 453 1726 ς.
476 1665 531 1714 108.
555 1663 610 1715 110.
632 1663 692 1714 lll:
745 1672 823 1730 peto,
843 1667 914 1731 qnod
930 1667 1001 1716 haee
1019 1667 1103 1718 nudes
1118 1669 1187 1718 setin
1199 1666 1291 1734 ample

146 1733 248 1798 quibus
259 1732 329 1783 loeis
342 1733 507 1782 Turieeuses
520 1733 638 1784 editores
651 1749 693 1782 re·
746 1739 774 1784 et
784 1735 896 1800 eopiosa
907 1740 971 1785 aute
981 1736 1069 1801 ipsum
1078 1735 1212 1800 Apollinis
1224 1739 1291 1785 tem·

146 1807 192 1850 ete
216 1800 325 1852 dedisse
348 1801 415 1850 mihi
437 1801 565 1850 videntur
589 1791 695 1866 Ἀθηνᾷ
745 1801 818 1866 plum
831 1797 1290 1869 e.vnovexetruotefuitedipenm

146 1865 324 1934 Προναίᾳ,
343 1869 389 1918 Fr.
406 1868 520 1918 Frnnke
542 1873 633 1918 nutem
652 1884 693 1916 re·
745 1870 827 1930 viam,
840 1884 910 1934 queo
921 1871 949 1920 in
958 1871 1010 1920 hoe
1020 1870 1150 1936 templum
1160 1869 1289 1920 ducebat.

145 1937 199 1988 diit
223 1936 259 1986 ed
282 1937 428 1986 lectionem
450 1933 603 2000 Προνοία.
640 1935 695 1986 Sed
745 1937 839 2002 Neque
863 1938 988 2000 dubium,
1013 1939 1076 2003 quin
1094 1938 1205 2004 paulum
1225 1943 1289 1988 ente

145 2004 212 2054 vide
225 2005 263 2052 ein
278 2005 400 2068 Inprimis
412 2005 531 2053 Pnusnn.
545 2004 579 2064 Χ,
591 2003 615 2052 8.
629 2005 683 2064 §.4
746 2003 889 2055 Castaliae
907 2006 1011 2056 fontem
1028 2005 1073 2055 vel
1091 2022 1124 2056 eo
1141 2006 1202 2072 ipro
1216 2006 1288 2067 loeo,

144 2073 195 2121 nbi
206 2071 477 2137 memorettemplum
488 2061 610 2136 Ἀθηνᾶς
620 2069 694 2134 Προ·
746 2087 798 2136 quo
821 2088 893 2122 nune
915 2071 1067 2138 Παναηίας
1091 2074 1213 2124 eeclesia
1234 2089 1291 2123 une

145 2137 244 2204 τοίας,
268 2140 309 2188 sie
328 2140 401 2189 euim
424 2139 463 2188 ibi
482 2139 558 2188 dedit
576 2139 695 2188 Siebelis
747 2155 807 2190 enm
825 2142 992 2191 monasterio
1012 2145 1226 2203 exstructurum,
1244 2141 1291 2191 vol

144 2206 271 2274 peg.181
292 2223 350 2272 eeq.
368 2207 460 2272 plures
478 2207 603 2256 excitans
620 2207 695 2256 viros
746 2212 822 2258 certe
841 2210 875 2258 eb
893 2209 975 2270 ereb,
996 2225 1067 2274 quae
1084 2209 1196 2275 paulum
1215 2209 1291 2258 edite

143 2277 257 2335 doctos,
272 2275 317 2339 qui
332 2274 491 2324 alterutram
504 2273 623 2340 amplexi
637 2276 695 2323 nint
746 2281 811 2326 oute
829 2276 901 2325 hane
921 2277 1068 2326 ecelesiam
1087 2279 1162 2326 iuuet
1181 2291 1289 2327 uomen-

144 2343 309 2405 lectionem,
334 2341 456 2407 illudque
475 2343 622 2402 adiiciene,
648 2357 692 2391 eo·
745 2358 798 2407 que
817 2336 1094 2408 ἰοπὴΜαρμαρία,
1114 2344 1290 2394 uedeebuiue

144 2416 262 2475 guntem
284 2410 371 2460 videri
389 2411 541 2461 Minervam
563 2405 694 2472 πρόνοον
745 2411 887 2460 Minervae
899 2407 1047 2476 Προνηίης
1058 2412 1112 2461 nite
1122 2411 1220 2472 fuerim
1233 2411 1289 2460 vid.

146 2482 177 2528 iu
201 2477 336 2542 Apollinis
356 2479 468 2528 lemeuii
493 2476 596 2542 templo
620 2477 693 2542 opud
744 2478 888 2527 'l'hiereeln
907 2478 924 2527 l.
943 2479 961 2528 l.
980 2494 1044 2543 pag.
1062 2478 1079 2528 8
1095 2494 1171 2543 seqq.
1197 2485 1225 2528 et
1242 2478 1291 2528 Ul-

145 2547 269 2595 Paunnn.
287 2546 338 2607 lx,
361 2544 399 2595 10.
416 2547 478 2606 §.2
514 2545 694 2595 Recentiores
745 2545 819 2594 riebs
832 2544 850 2595 l.
862 2545 881 2595 l.
894 2561 957 2610 pag.
971 2547 1013 2595 41.
1029 2547 1062 2595 45
1074 2561 1131 2611 seq.
1145 2544 1205 2597 263.
1242 2545 1289 2595 Cr.

144 2614 305 2662 Pausaniae
325 2614 444 2663 editores
461 2614 634 2662 retinuerunt
654 2612 693 2662 le·
744 2612 797 2662 hoo
810 2613 870 2663 loeo
883 2615 1004 2664 oouierri
1019 2613 1079 2663 vult
1090 2614 1148 2664 Tho
1162 2613 1291 2664 elassicul

145 2683 268 2731 ctionem
281 2679 440 2744 Προνοίας,
462 2695 542 2745 quam
555 2681 580 2730 si
592 2680 653 2744 quis
665 2680 693 2729 in
745 2680 856 2730 Iournel
874 2681 935 2731 Vol.
948 2682 996 2731 XI.
1015 2698 1040 2746 p.
1057 2681 1112 2733 151.
1125 2707 1156 2715 -
1175 2681 1216 2730 Ad
1235 2681 1290 2730 ior·

146 2749 290 2798 Pausania
303 2749 444 2798 ferendam
454 2753 544 2813 putet,
564 2748 594 2796 in
607 2749 693 2798 Hero·
745 2763 804 2797 mee
821 2743 905 2813 τέρεα
924 2753 952 2799 et
968 2744 1064 2813 τέρεος
1082 2749 1155 2800 eous.
1172 2749 1289 2799 Rretlov.

144 2817 213 2866 (loto
230 2831 313 2866 unam
329 2812 478 2882 Προνηίης
494 2816 609 2865 formem
631 2831 693 2882 pro·
744 2831 771 2881 p.
785 2816 849 2878 2593
874 2817 908 2867 ed
926 2817 1092 2868 locutionem
1108 2806 1182 2867 ὅπλα
1199 2807 1236 2880 άρ
1250 2809 1290 2866 'tu

145 2884 210 2934 beri
227 2899 309 2949 poseo
334 2886 389 2934 ium
412 2899 495 2948 supro
517 2883 640 2934 indieevi
664 2885 693 2932 in
745 2888 812 2934 nott.
828 2885 958 2946 ad1V,23
972 2892 1000 2935 et
1014 2885 1048 2935 nd
1059 2885 1225 2934 locutionem
1239 2833 1289 2934 όιά

145 2957 218 3003 nott.
231 2952 266 3001 ud
279 2953 305 3014 Ι,
318 2951 364 3012 92,
384 2967 499 3016 eamque
512 2966 585 3001 nuno
598 2951 694 3001 confir·
746 2945 862 3002 moleton
879 2946 1037 3019 φασμάτων
1054 2957 1122 3003 nott.
1139 2953 1174 3002 nd
1186 2952 1288 3002 Herod.

145 3024 252 3070 mutem
270 3021 380 3070 invenio
399 3019 578 3084 inscriptione
601 3035 618 3068 a
636 3021 695 3068 viro
746 3019 837 3082 v‚67.
873 3021 926 3071 Pro
944 3019 1031 3087 θαῖμα
1049 3025 1077 3070 ot
1094 3012 1230 3086 θωμάσαι
1248 3035 1289 3070 re-

145 3087 231 3136 dooto
244 3086 359 3151 Graeco,
374 3084 518 3151 Rnugnbe‚
533 3087 610 3136 edite
622 3087 649 3134 in
662 3085 694 3134 li·
746 3088 825 3152 posui
837 3081 942 3153 θοίνμα
955 3093 983 3140 et
995 3080 1159 3154 θωυμάσαι.

146 3155 212 3204 bro:
225 3153 381 3220 Antiquitee
393 3153 574 3219 Helleniqnee
587 3153 664 3204 unii
673 3154 693 3203 l.
781 3147 811 3205 ἐιι
823 3150 876 3221 μὲν
887 3155 940 3206 τοῦ
951 3150 1079 3221 οὐρανοῦ
1090 3151 1226 3220 ιιιραννοί
1238 3147 1289 3205 αό-

146 3222 210 3271 Vol.
225 3223 260 3272 11.
273 3239 337 3288 pag.
350 3221 400 3274 306
413 3221 474 3273 eoll.
483 3238 514 3300 ρ.
527 3220 585 3284 328,
599 3222 628 3270 iu
641 3237 695 3286 que
745 3223 818 3272 τοῖσι
836 3214 990 3274 ἐνέπιπτον
1005 3240 1031 3275 ιι.
1043 3239 1068 3273 τ.
1081 3221 1118 3290 1.]
1139 3225 1214 3274 Idem
1228 3238 1289 3288 pro-

146 3289 279 3354 leguntnr
301 3291 399 3341 verba:
422 3279 529 3356 Ἀθανᾳ
551 3287 693 3354 Προναίᾳ.
746 3289 849 3355 digium
862 3292 1099 3342 euarrntDiodor.
1113 3293 1166 3352 XI,
1183 3291 1212 3342 14
1231 3291 1289 3354 (ubi

148 3357 212 3406 Hoo
223 3359 308 3422 igitur
316 3374 397 3408 unum
407 3359 532 3422 idemque
543 3372 637 3408 vertum
646 3358 693 3406 hn-
745 3358 817 3409 ooul.
830 3358 1007 3424 wesseling.)
1025 3363 1054 3408 et
1072 3359 1168 3408 lustin.
1186 3359 1226 3416 ll,
1245 3357 1289 3417 12;

148 3425 192 3474 iun
210 3424 363 3492 Delphitrae
380 3427 524 3476 Minervae
542 3439 694 3490 cognomen
744 3425 792 3474 ubi
810 3425 880 3475 been
898 3426 1039 3492 leguntur:
1061 3451 1110 3488 ‚,-
1127 3429 1288 3474 unteneve·
1342 3451 1347 3459 ·

148 3493 237 3544 iubae
250 3495 376 3544 existimo
389 3507 477 3558 neque
491 3493 620 3542 assentiri
632 3508 694 3558 pos·
744 3493 779 3542 lie
802 3493 900 3558 proelii
929 3493 1151 3558 congressionem
1175 3491 1290 3540 miseret

147 3575 209 3610 eum
219 3561 576 3623 Ruekertofflernienstd.
586 3560 693 3610 Athene
745 3561 850 3610 Xerxes
872 3565 1002 3625 quattuor
1018 3559 1106 3608 millia
1124 3561 1288 3608 armatorum
1340 3573 1341 3576 ¹

148 3628 268 3746 illel
283 3629 345 3762 tl·
363 3627 692 3762 i.)¹¹5;.¹{“l;¹.{.⁰lt.323·
745 3627 873 3763 lzllll
887 3625 1212 3760 ⁸ilsttl”¹3.tl⁰¹lz¹l
1225 3625 1289 3742 ilfi.

188 3735 195 3747 ·
232 3733 239 3746 ·
270 3732 277 3745 ·
348 3733 354 3747 ·
417 3733 423 3758 ι
684 3723 693 3732 ·
880 3731 887 3756 ι

147 3781 212 3815 vum
225 3765 319 3830 utique
360 3763 482 3830 ροναίαν
493 3765 595 3814 dictem
608 3763 694 3813 tuisne
746 3764 861 3815 Graecis
875 3769 988 3823 tentum,
1001 3761 1050 3812 sed
1063 3766 1091 3812 et
1104 3775 1164 3811 eum
1176 3760 1229 3810 (liis
1242 3761 1290 3810 im·

147 3837 237 3898 putot,
251 3833 360 3882 nomine
370 3832 452 3882 dueto
465 3848 498 3882 ex
510 3834 571 3898 ipen
581 3831 636 3881 1οοί
647 3847 694 3880 nn·
746 3831 908 3882 mortalibus
936 3829 1038 3880 bellum
1066 3833 1187 3894 gereret:
1218 3843 1288 3893 quae

147 3909 226 3949 ture:
240 3900 288 3950 ted
301 3900 416 3950 eandem
428 3901 506 3950 uddit
518 3916 578 3949 mox
588 3914 694 3964 quoque
745 3914 841 3950 manus
858 3904 918 3948 tote
934 3897 1066 3948 imbribus
1084 3901 1112 3946 et
1129 3895 1289 3946 fulminibus

147 3967 372 4018 vocitetemeeee
385 3961 538 4032 Πρόνοιαν,
553 3967 694 4018 eumdeae
746 3967 839 4018 deleta
863 3970 919 4028 eet,
942 3971 973 4015 ut
995 3964 1177 4030 intelligeret,
1208 3979 1289 4028 quem

147 4033 378 4100 prudentissimae
412 4035 588 4099 eiusdemque
618 4036 695 4100 inge·
745 4035 838 4084 nnllne
868 4039 962 4085 essent
989 4033 1127 4085 hominum
1157 4031 1288 4082 edverme

148 4103 324 4152 nioeiesimne
336 4103 407 4152 rutio
419 4102 504 4152 fuerit
515 4102 627 4164 habitem
643 4117 695 4152 neo
746 4102 812 4152 deos
821 4101 923 4153 τίκτέ*
941 4101 1109 4163 Quibuscum
1120 4099 1288 4150 conterende

148 4171 240 4236 megin
257 4170 355 4235 probo,
375 4171 446 4236 quod
463 4173 562 4220 etetuit
573 4169 693 4232 Ulriehe,
745 4174 816 4231 eunt,
830 4185 899 4234 quae
909 4185 923 4219 e
933 4169 1066 4220 Polouieo
1076 4167 1206 4218 chronico
1215 4167 1287 4216 Mer·

149 4239 222 4290 bene
245 4238 325 4288 (leem
347 4239 471 4303 primitus
492 4239 595 4288 dictem
618 4231 693 4302 Πρό·
744 4237 796 4287 tini
808 4236 928 4300 Bielslri,
948 4238 995 4303 qui
1012 4236 1102 4286 medio
1116 4232 1227 4285 neeeulo
1240 4232 1286 4282 de-

149 4321 247 4368 νοιαν,
271 4305 371 4356 deinde
395 4321 409 4356 e
431 4305 493 4356 loeo
515 4309 575 4372 ipso
595 4319 694 4356 nomeu
745 4305 815 4356 eimo
827 4309 905 4356 sexto
918 4309 980 4370 post
992 4303 1055 4354 Chr.
1068 4319 1095 4352 n.
1109 4303 1194 4352 fenne
1206 4300 1285 4360 vixit,

150 4369 300 4436 Προναίας
313 4373 470 4438 occepisse,
484 4381 597 4438 utroque
611 4373 694 4439 igitur
744 4387 831 4438 nuper
841 4372 954 4439 protulit
963 4373 1032 4437 Aug.
1044 4367 1287 4428 Bielowekiffom·

149 4442 313 4508 cognomine
329 4440 446 4506 Delphis
468 4442 497 4491 in
517 4441 570 4492 boe
591 4439 693 4506 templo
744 4441 801 4506 peii
809 4441 894 4505 Trogi
902 4440 1075 4504 Fmgmentt.
1086 4433 1202 4500 Leopoli
1215 4429 1286 4484 1853.

1039 4521 1085 4588 4*
