2984 4962
271 463 333 524 444
681 453 996 516 COMMENTATIO

270 630 349 700 gypti
366 628 480 682 historia
493 645 570 682 nsum
585 646 662 695 esse,
683 635 711 682 et
725 626 896 694 fidelissime,
915 643 1096 697 quaecunque
1108 625 1173 680 inde
1187 625 1344 695 hausisset,
1360 647 1402 680 er-

270 715 407 786 pressisse
429 715 497 767 idam
513 714 673 766 Gutschmid
693 714 710 766 l.
726 713 744 764 l.
760 717 801 784 (p.
817 715 869 767 656
885 713 979 782 seqq.)
1000 713 1164 766 monstravit
1183 729 1216 766 ae
1232 731 1282 782 per
1297 713 1403 782 singola

270 806 434 871 persecutus
459 805 516 867 est,
540 815 668 852 summam
682 800 709 851 in
734 798 775 850 his
799 797 963 864 diligentiam
985 815 1039 850 non
1063 799 1154 850 minus
1176 797 1324 850 adhibitam
1345 817 1402 850 esse

270 891 363 954 ratus,
385 901 463 956 quam
480 883 620 952 egregium
635 883 763 936 iudicium
784 882 812 934 in
829 882 899 952 ipsis
916 883 1040 936 fontibus
1055 882 1210 952 deligendis
1226 887 1254 936 et
1271 882 1348 936 certi
1365 901 1401 936 re·

269 987 329 1024 rum
344 969 459 1022 scientii
474 970 508 1022 ab
525 969 638 1022 incertis
654 968 730 1036 vulgi
742 967 896 1021 rumoribus
907 967 1117 1036 distinguenda,
1133 969 1201 1022 adeo
1219 974 1250 1022 ut
1265 968 1402 1033 nonnulla,

268 1055 297 1108 in
324 1056 425 1126 quibua
451 1071 560 1107 errasse
584 1053 711 1106 videatur
735 1052 866 1105 historiae
895 1056 987 1122 pater,
1017 1051 1097 1105 facile
1121 1053 1270 1106 condonari
1299 1054 1404 1123 possint

269 1144 310 1210 (p.
327 1140 402 1207 660).
445 1138 528 1202 Quod
552 1138 671 1209 denique
698 1138 731 1190 ad
753 1139 951 1208 chronologiam
978 1137 1092 1206 attinet,
1125 1139 1197 1191 hunc
1220 1155 1335 1208 qaoque
1359 1156 1404 1208 par

269 1223 392 1292 singula,
415 1241 487 1294 qnae
508 1223 551 1276 hle
572 1223 744 1294 respicienda
759 1230 840 1289 sunt,
861 1223 922 1292 pari
940 1237 1006 1275 cura
1022 1224 1202 1292 pertractavit
1215 1222 1285 1276 idem
1302 1225 1346 1276 vir
1360 1223 1402 1276 do-

269 1317 330 1362 ctus
346 1313 388 1379 (p.
406 1308 581 1376 our—oso),
598 1310 625 1361 in
643 1310 698 1362 line
713 1307 908 1378 disputationis
923 1306 989 1359 haec
1005 1309 1168 1375 enuntians,
1184 1307 1342 1380 quaeipsis
1357 1307 1403 1360 riri

269 1394 342 1447 docti
361 1394 453 1447 verbis
466 1393 508 1446 hlc
522 1401 648 1464 repetere
661 1393 753 1446 iuvat:
772 1393 825 1460 „ln
838 1392 1007 1462 temporibus
1024 1393 1213 1464 computandis
1228 1395 1336 1446 erravit
1348 1393 1403 1464 qui-

269 1479 348 1547 „dem
370 1479 555 1550 (Herodotus)
578 1479 605 1530 in
628 1496 675 1546 eo,
698 1478 772 1548 quod
793 1483 898 1530 aetates
913 1477 1050 1530 hominum
1073 1487 1102 1532 et
1122 1495 1267 1546 regnorum
1283 1489 1405 1548 tempora

177 1595 182 1608 ·
269 1581 343 1630 „non
358 1564 410 1616 rite
422 1563 565 1626 distinuit,
582 1564 668 1616 sedin
682 1563 840 1616 universum
854 1562 934 1614 etiam
949 1563 976 1614 in
991 1563 1040 1614 hac
1050 1569 1128 1633 parte
1143 1563 1314 1616 narrationis
1331 1580 1404 1628 snae,

269 1665 360 1718 „quae
382 1649 492 1702 inarime
508 1648 655 1702 detrectari
674 1647 761 1714 solet,
786 1655 817 1700 ut
840 1647 921 1712 alias,
944 1647 1096 1717 Aegyptios
1117 1649 1209 1701 fontes
1226 1647 1347 1702 fideliter
1361 1665 1403 1700 ex·

270 1733 425 1802 „pressit.“

354 1817 452 1888 ltaque
470 1818 655 1884 Herodotum,
680 1833 759 1887 quem
779 1833 872 1870 verum
888 1819 998 1872 coluisse
1015 1817 1125 1870 tradere
1146 1817 1333 1883 ostendimus,
1361 1837 1405 1888 po-

269 1904 346 1958 tuisse
367 1919 478 1973 quoque
497 1901 565 1954 illud
582 1903 692 1954 tradere
709 1901 869 1955 crediderim
890 1920 940 1955 nec
960 1901 1107 1972 quidquam
1127 1903 1162 1956 ah
1181 1921 1213 1956 eo
1231 1904 1404 1973 praetermis

270 2005 343 2053 sum,
367 2004 422 2057 quo
437 1988 499 2040 huic
519 1987 609 2040 officio
630 1987 814 2040 satisfaceret.
849 1987 923 2040 Satis
943 1988 1042 2042 iecisse
1060 1995 1150 2040 autem
1164 1988 1337 2041 Herodotum
1353 1996 1405 2040 tum

270 2091 316 2139 ea,
341 2089 412 2142 quae
429 2071 583 2138 attulimus,
608 2079 832 2140 commonstrant,
854 2080 910 2124 tum
931 2073 1016 2124 omnis
1039 2073 1131 2142 operis
1147 2073 1270 2141 indoles,
1295 2073 1405 2126 vividus

269 2157 314 2210 ille
335 2175 366 2208 ac
386 2157 497 2210 nativus
513 2157 603 2225 color,
626 2158 673 2228 qui
691 2157 729 2209 nil
747 2158 827 2210 habet
841 2158 1009 2228 quaesitum,
1031 2157 1068 2210 nil
1085 2157 1224 2224 fictitium,
1248 2157 1354 2228 quique
1375 2159 1405 2208 ab

269 2243 340 2296 omni
355 2244 418 2295 inco
433 2242 509 2294 inani
524 2259 640 2312 prorsus
655 2251 699 2296 est
713 2242 819 2296 ahenas
832 2239 871 2309 *).
905 2244 943 2296 ut
958 2247 1053 2294 nostra
1067 2249 1171 2309 aetate,
1195 2259 1250 2312 qua
1270 2249 1314 2294 tot
1328 2261 1404 2312 pere-

269 2327 425 2397 grinatores
440 2327 634 2381 remotissimas
648 2344 772 2398 quasque
783 2327 865 2380 Asiae
878 2335 906 2379 et
917 2327 1026 2380 Africae
1040 2326 1136 2396 plagas
1151 2327 1320 2397 perscrutati
1332 2335 1405 2390 sunt,

268 2414 399 2483 pleraque
415 2414 474 2466 iere
486 2431 593 2482 eorum,
610 2431 680 2484 quae
698 2413 731 2466 da
747 2413 788 2465 his
803 2413 873 2482 ipsis
888 2411 1049 2480 regionibus
1064 2412 1152 2465 adhuc
1168 2412 1320 2480 incognitis
1336 2413 1405 2483 apud

268 2499 437 2551 Herodotum
461 2499 562 2550 tradita
583 2505 707 2564 exstant,
730 2515 846 2567 quorum
863 2497 934 2550 hand
955 2513 1042 2566 pauca
1062 2497 1140 2567 prius
1159 2497 1205 2550 vix
1225 2496 1306 2550 ullam
1330 2499 1406 2550 tidem
1453 2543 1454 2566 ,

268 2601 372 2636 merere
388 2583 567 2652 ridebantur,
585 2600 658 2636 nunc
672 2584 711 2636 ita
729 2591 823 2635 exacte
841 2591 868 2636 et
882 2588 1009 2635 accurate
1024 2583 1120 2651 reique
1139 2589 1191 2634 tam
1208 2581 1406 2634 convenienter

269 2669 370 2720 tradita
385 2669 498 2720 inventa
510 2675 591 2734 sunt,
616 2677 647 2720 ut
661 2669 721 2720 iure
738 2667 860 2736 mireris,
884 2683 938 2737 qua
959 2666 1101 2736 diligentia
1114 2667 1274 2720 Herodotus
1297 2666 1407 2736 singula

269 2753 480 2823 perlustraverit
502 2759 529 2804 et
550 2753 746 2806 examinaverit
762 2769 812 2804 nec
835 2768 953 2821 rrrrquam
971 2753 1030 2806 fere
1051 2751 1146 2822 lapsus
1160 2751 1284 2806 falsusne
1301 2751 1405 2818 ciffi).

269 2837 326 2900 Qui
343 2837 429 2904 igitur
444 2837 470 2889 in
490 2837 539 2904 iis,
557 2855 627 2907 quae
640 2838 700 2907 ipse
715 2837 785 2888 vidit
796 2837 996 2906 comperitque,
1014 2855 1068 2890 non
1084 2836 1172 2890 falsus
1187 2843 1245 2904 est,
1264 2853 1331 2889 nuru
1348 2855 1406 2890 eum

268 2933 323 2974 tam
338 2921 417 2974 facile
431 2923 465 2974 ab
482 2921 543 2973 aliis
559 2922 615 2975 falli
629 2923 753 2991 potuisse
765 2921 895 2974 credibile
911 2927 970 2988 est,
987 2923 1147 2991 praesertim
1163 2939 1222 2975 curn
1238 2927 1316 2974 uinta
1332 2923 1405 2979 crisi,

269 3023 341 3076 quae
364 3024 398 3059 ne
420 3013 532 3058 nostrae
556 3007 664 3078 quidem
688 3007 787 3059 aetatis
811 3007 899 3058 virum
920 3006 1064 3072 dedeceat,
1093 3007 1194 3060 iudicio
1210 3013 1263 3060 tam
1279 3007 1405 3062 subacto.

269 3107 450 3162 quaecunque
465 3093 585 3160 accepit,
604 3091 741 3161 disquirat
756 3109 806 3144 nec
823 3091 876 3143 ulla
895 3109 924 3144 re
939 3109 970 3144 se
983 3092 1117 3145 deterreri
1133 3092 1222 3160 sinat,
1245 3108 1300 3162 quo
1315 3093 1406 3145 minus

270 3193 363 3230 verum
379 3176 511 3228 inveniat.
553 3177 605 3228 Est
619 3177 727 3247 quidem
743 3177 845 3229 Noster
859 3172 1044 3246 λογογράφος,
1067 3185 1204 3246 qnatenus
1226 3183 1351 3230 veterum
1365 3172 1408 3230 λό-

269 3280 335 3331 γους
350 3268 476 3314 sccurate
491 3269 519 3314 et
533 3261 662 3330 religiose
677 3261 788 3328 retulit;
805 3263 854 3314 sed
869 3262 938 3314 idem
954 3279 1063 3332 quoque
1079 3262 1242 3328 historicus,
1259 3261 1405 3316 historiae·

270 3364 323 3416 que
345 3353 424 3416 pater
445 3347 601 3413 vocandas,
624 3347 648 3399 si
669 3347 777 3417 quidem
798 3365 888 3400 veram
904 3347 974 3398 illam
997 3347 1127 3399 historiae
1150 3347 1302 3414 notionem,
1325 3365 1405 3419 quam

268 3431 356 3484 animo
378 3431 535 3502 impressam
556 3432 666 3500 habuit,
694 3433 797 3502 primus
820 3449 930 3503 quoque
951 3431 978 3484 in
1004 3449 1085 3501 opere
1106 3433 1257 3500 superstite
1276 3432 1405 3485 exhibere

269 3517 386 3570 studuit.

788 3708 813 3768 §-
839 3707 878 3760 ll.

353 3855 432 3906 Hanc
447 3861 537 3908 antem
553 3855 683 3908 historiae
703 3855 839 3908 notionem
860 3855 919 3925 ipse
939 3856 1061 3908 indicare
1078 3856 1187 3908 videtur
1206 3855 1233 3908 in
1253 3856 1347 3924 operis
1364 3859 1402 3907 in-

270 3954 385 4006 gressu,
407 3939 453 3992 uhi
471 3941 595 3993 anibitum
610 3940 730 3992 declarat
745 3941 906 4010 initiumque
923 3959 1012 3994 rerum
1028 3942 1062 3992 ab
1077 3941 1137 4010 ipso
1155 3947 1326 3994 narratarum
1339 3959 1403 3992 con·

270 4021 371 4076 stituit.
405 4023 541 4093 Loquitur
563 4025 633 4079 enim
656 4027 694 4077 ita
716 4027 741 4095 l,
759 4029 789 4079 5:
816 4020 868 4095 ἐγὼ
890 4021 920 4078 δὲ
940 4025 1003 4094 napi
1023 4021 1073 4094 plu
1091 4021 1198 4080 τούτων
1219 4019 1270 4080 oris
1292 4022 1403 4096 ἔρχομαι
1453 4017 1454 4020 “

336 4253 440 4316 *lvid
454 4256 624 4307 Dalrlmann:
644 4259 774 4308 Herorlot.
788 4275 852 4324 pag.
868 4257 914 4308 184
928 4273 985 4322 aeq.

336 4321 462 4384 ¹⁹⁸)Nolo
474 4324 567 4374 hucin
581 4341 610 4374 re
623 4328 779 4376 testimonia
793 4341 862 4392 cong
865 4342 955 4386 erere,
975 4341 1066 4390 quae
1059 4326 1163 4376 cassatim
1178 4327 1326 4377 Hcrodotei
1340 4327 1401 4376 libri

271 4391 367 4454 quava
382 4393 488 4441 fere
491 4393 556 4456 ginis
571 4393 710 4444 cshrbent
741 4395 827 4458 Atque
845 4393 889 4443 uel
906 4393 954 4442 rrhr
973 4399 1059 4455 errat,
1080 4395 1163 4444 facile
1178 4411 1277 4444 errorrs
1290 4411 1401 4444 causam

271 4459 421 4524 intelligas.
452 4408 513 4508 lino
525 4460 662 4524 defungar
674 4461 798 4525 exemplo
811 4463 845 4523 11
860 4461 905 4522 34·
924 4463 969 4511 ubi
981 4462 1035 4512 md
1049 4433 1116 4513 hott.
1129 4463 1200 4526 (Vol.
1214 4463 1236 4512 1.
1249 4479 1275 4528 p.
1289 4461 1360 4524 500).
