3074 4960
236 463 296 526 158
667 456 936 518 HERODOTI

237 627 432 718 ίςἝφεσον,
452 631 590 710 καλέσας
609 625 818 718 Μαρδόνιον,
838 631 971 698 ἐκέλευέ
985 657 1043 717 μιν
1059 634 1117 716 τῆς
1133 631 1286 716 στρατιῆς
1298 634 1369 698 δια-

235 735 344 819 λέγειν
369 727 447 810 τούς
473 728 645 818 βούλεται,
673 732 727 799 καὶ
754 731 878 799 ποιέειν
900 745 984 798 τοῖσι
1002 727 1127 816 λύγοισι
1145 726 1185 798 τα
1203 736 1282 820 ἔργα
1300 756 1369 798 πει·

235 831 384 922 ρύμενον
409 825 514 920 ὁμοία.
556 829 687 918 Ταύτην
712 830 773 919 μὲν
799 827 861 917 τῆν
883 825 1010 918 ῆμέρην
1029 835 1060 910 ἐς
1078 833 1215 900 τοσούτο
1234 833 1368 918 ἐγίνετο·

232 937 290 1022 τῆς
318 933 355 1002 δὲ
380 929 516 1018 νυκτὸς,
544 929 761 1012 κελεύσαντος
785 933 951 1017 βασιλέος,
978 929 1035 1011 τὰς
1052 933 1128 1011 νίας
1145 937 1180 1001 οί
1194 933 1369 1020 στρατηγοὶ

234 1039 270 1104 ἐκ
286 1037 349 1104 τού
367 1030 524 1124 Φαλήρου
541 1028 670 1120 ιἰπῆγον
687 1027 793 1101 ὀπίσω
821 1035 853 1112 ἐς
879 1029 938 1101 τόν
960 1027 1217 1120 Ἑλλήσποντον,
1246 1027 1289 1112 ὥς
1315 1030 1369 1101 τύ-

233 1163 306 1224 χεος
325 1133 391 1223 εἶχε
410 1137 555 1222 ἕκαστος,
575 1130 842 1222 διαφυλαξούσας
860 1129 916 1212 τὰς
934 1138 1067 1222 σχεδίας
1085 1135 1293 1223 πορευθῆναι
1310 1139 1369 1219 βα·

233 1237 326 1305 σιλίλ.
364 1237 434 1304 ἐπεὶ
460 1235 497 1303 δὲ
519 1231 625 1324 ἆγχού
646 1223 732 1322 ῆσαν
754 1236 928 1322 Ζωστῆρος
952 1232 1118 1314 πλείοντες
1140 1239 1175 1303 ot
1195 1232 1368 1324 βάρβαροι,

233 1433 303 1483 haee
316 1431 493 1483 cavillantem
510 1447 558 1498 pro
575 1445 649 1480 more
662 1431 698 1480 ΙΙ.
711 1446 775 1496 pag.
827 1447 877 1481 reo:
889 1433 1021 1482 transiret.
1052 1431 1130 1480 Libri
1142 1431 1238 1496 ecripti
1250 1425 1369 1498 βασιλέϊ,

232 1499 330 1550 8711-
342 1501 395 1550 Pro
406 1491 542 1557 ἐκέλευσε,
556 1499 626 1563 quod
640 1514 654 1548 ο
667 1497 776 1562 quibua·
828 1498 898 1562 quod
908 1499 1019 1561 retinui,
1030 1499 1137 1548 reiecta
1147 1498 1264 1548 Aldinae
1275 1497 1370 1547 lectio-

233 1568 296 1617 dam
313 1567 486 1616 retinuerunt
503 1565 659 1622 Schaet'er.,
676 1565 775 1614 Matth.
827 1579 861 1614 ne
873 1563 1009 1630 βασιλῆας
1023 1580 1140 1630 namque
1151 1563 1370 1630 cumSchweigh.

234 1639 262 1683 et
278 1649 349 1683 roeo.
367 1633 441 1694 edd,
467 1632 592 1697 equidem
609 1631 775 1696 reliquorum
828 1633 984 1695 intelligere
1019 1632 1099 1682 licet:
1136 1627 1371 1696 διαφυλαξούσας

233 1701 362 1750 librorum
381 1699 573 1750 auctoritatem
590 1703 701 1748 eecntnc
715 1713 775 1748 cum
827 1696 939 1764 βασιλέϊ
957 1689 1037 1760 (οἷστε
1055 1690 1154 1762 αύτδν)
1176 1699 1368 1764 πορευθῆναι,

233 1767 386 1832 Schweigh.
412 1771 441 1816 et
464 1766 553 1816 Galat.
577 1766 641 1815 dedi
663 1757 775 1816 ίιιὲλεοι
826 1771 857 1814 ut
873 1782 941 1816 eane
958 1767 996 1815 sit
1012 1767 1123 1816 dativus
1140 1767 1273 1816 commodi
1291 1781 1370 1831 quem

234 1835 353 1898 itemque
377 1850 439 1884 mox
461 1828 529 1890 τούς
552 1825 697 1898 βούλεται,
727 1832 775 1880 ubi
826 1842 942 1896 vocant3
968 1847 1131 1897 quemqnam
1152 1833 1303 1882 infinitivus
1320 1847 1370 1883 ιτσ-

233 1901 297 1950 olim
310 1894 376 1957 τούς
393 1889 430 1949 ἂν
447 1891 597 1964 βούληται,
617 1899 696 1949 librie
708 1899 775 1948 scri·
827 1898 970 1964 ρευθῆναι
984 1900 1077 1949 nescio
1088 1899 1152 1964 qnid
1163 1900 1254 1949 durius
1267 1900 1370 1949 habere

233 1969 289 2032 ptia
302 1968 410 2028 invitia,
425 1966 559 2016 exstabat.
591 1967 775 2016 Indioativum
826 1966 949 2029 videtur,
968 1966 1012 2016 ciri
1026 1969 1066 2014 ita
1078 1967 1181 2016 mederi
1194 1966 1282 2016 voluit
1295 1967 1371 2016 Reie-

233 2035 261 2083 in
285 2034 388 2084 talibus
410 2035 474 2099 poni
495 2049 588 2098 poeae,
613 2037 774 2094 monstrant,
827 2033 903 2094 tius,
927 2038 958 2082 ut
980 2033 1132 2098 legeretur:
1157 2023 1205 2083 δι’
1228 2022 1272 2083 ὦν
1297 2027 1370 2083 ἔδει

234 2117 304 2166 quae
312 2101 455 2152 Werierne
466 2099 560 2150 attulit
572 2102 600 2150 in
611 2101 684 2149 Aott.
697 2099 775 2164 phili.
827 2099 1019 2165 πορευθῆναι.
1055 2101 1157 2150 Postea
1171 2101 1323 2164 Schweigh.
1343 2101 1370 2149 in

232 2170 358 2219 Menace.
372 2169 394 2218 1.
407 2183 471 2234 pag.
481 2167 539 2284 βθδ.
552 2167 609 2217 106.
632 2161 777 2232 διαλέγειν
827 2168 895 2217 Lex.
910 2168 1009 2216 Herod.
1028 2169 1073 2229 (11.
1086 2183 1149 2232 pag.
1164 2168 1224 2230 226)
1243 2184 1304 2217 eam
1316 2169 1370 2217 eibi

232 2236 286 2286 hoc
304 2236 365 2286 loco
383 2243 411 2285 et
428 2237 478 2286 Vll
500 2273 506 2296 ,
528 2234 575 2285 113
591 2234 661 2284 dixit
676 2235 777 2283 Noster
827 2235 1011 2298 suspicionem
1025 2235 1149 2284 obortam
1168 2235 1322 2294 essentne,
1342 2239 1371 2284 nt

234 2303 330 2354 eadem
348 2305 459 2368 elipendi
479 2302 696 2376 significatione,
721 2315 777 2376 qua
828 2302 949 2352 activum
960 2303 1072 2352 verbum
1085 2295 1220 2364 τορεύειν
1231 2303 1370 2352 notionem

232 2387 316 2436 cupra
333 2371 419 2434 (VIII,
436 2367 492 2420 100.
509 2368 565 2433 101)
587 2370 658 2419 dixit
671 2369 774 2419 απολε·
827 2367 931 2418 habeat
948 2371 1073 2424 mittendi.
1092 2371 1237 2419 adducendi
1242 2407 1249 2426 ,
1269 2372 1304 2418 ad
1321 2373 1371 2418 tter

233 2439 345 2504 γεσθαι.
386 2438 466 2488 Conf.
486 2438 597 2488 Diodor.
615 2437 676 2499 XV,
697 2435 728 2484 71
748 2440 776 2485 et
824 2437 947 2500 parandi,
961 2437 1076 2500 indeque
1087 2436 1225 2486 hunclooi
1238 2437 1296 2486 tore
1309 2451 1370 2486 ecn-

233 2522 303 2572 qnae
323 2506 567 2571 aliaproieruutnr
589 2506 617 2554 in
634 2505 775 2554 Thesauro
826 2519 885 2553 eum
909 2505 1071 2553 arbitratur:
1101 2519 1177 2554 παρετ
1200 2505 1372 2554 custoditurus

233 2575 313 2638 Liug.
333 2573 431 2622 Graec.
450 2573 487 2622 11.
505 2587 568 2637 pag.
591 2570 663 2622 1209.
698 2571 775 2620 Intra
823 2578 923 2635 pontes,
938 2579 963 2620 ut
976 2574 1032 2636 rupi
1043 2573 1078 2620 ud
1089 2576 1221 2620 transitum
1233 2577 1323 2635 parutt
1330 2587 1371 2621 ca·

233 2629 776 2702 V111,113inveniturqnoquetate'yc·
827 2645 897 2698 cent,
915 2655 936 2688 e.
953 2646 1103 2701 curaturae,
1128 2637 1320 2697 observaturus,
1345 2645 1371 2686 ια

177 2757 185 2774 ,
234 2707 317 2769 σθαι,
342 2707 375 2756 de
394 2721 445 2770 quo
463 2707 547 2755 etiam
565 2705 638 2754 cont.
657 2709 726 2754 nott.
741 2704 776 2753 ad
826 2713 918 2769 pontes
927 2711 980 2755 eto.
999 2697 1071 2755 Mihi
1081 2707 1170 2770 magis
1184 2706 1286 2756 arridet
1298 2707 1372 2770 prior

232 2775 306 2834 VIII,
320 2773 360 2824 22.
395 2773 500 2823 Verba:
519 2768 567 2821 cul
580 2765 691 2823 ποιέειν
702 2774 775 2820 τοῖσι
827 2772 1028 2837 interpretatio.
1049 2807 1055 2818 .

234 2833 341 2904 λόγοισι
358 2832 392 2889 τὰ
412 2834 481 2904 ἔργα
496 2829 775 2903 πειρώμενονύμοία
863 2839 1020 2904 Ζωστῆρος]
1046 2841 1088 2889 De
1112 2841 1163 2890 hoo
1187 2841 1371 2905 promontorio

234 2908 341 2972 proprie
358 2907 467 2956 valent:
490 2913 565 2971 utque
581 2909 702 2956 tentando
720 2921 775 2956 cer·
826 2907 949 2970 primarii
962 2915 1025 2956 aunt
1036 2908 1091 2958 loci
1101 2908 1234 2972 Stephani
1243 2909 1370 2971 Bycen.

233 2973 344 3024 ιιιοοίδαε
360 2976 478 3039 aequalia
495 2975 605 3023 reddere
615 2975 689 3036 facta
700 2988 722 3023 a.
736 2979 775 3022 ct·
827 2989 892 3038 pag.
905 2973 963 3024 377.
981 2976 1100 3024 I'auean.
1112 2976 1138 3034 1,
1157 2975 1198 3025 31.
1216 2977 1239 3036 ἃ.
1252 2975 1277 3026 3.
1296 2975 1370 3024 Stra·

234 3057 281 3106 quc
298 3057 402 3105 operam
419 3043 496 3104 darc,
516 3047 542 3089 ut
558 3044 689 3104 ρτοπτίτείι
702 3042 777 3102 facta
827 3041 889 3090 boa.
902 3042 949 3091 tx.
967 3059 992 3105 p.
1010 3041 1060 3092 aitte
1078 3057 1099 3092 e.
1113 3041 1200 3091 etue.
1236 3042 1300 3091 Fuit
1316 3047 1369 3091 ter-

233 3115 365 3174 cepuarct.
406 3103 585 3158 Lo'cntioncm
608 3099 637 3166 ἐς
658 3105 775 3158 τοσοῦτο
827 3123 875 3158 rae
899 3113 1005 3158 tractus
1030 3110 1154 3159 inruere
1179 3115 1321 3174 porrectus
1343 3113 1372 3158 et

234 3176 270 3236 (ta
287 3182 394 3234 tuntum,
410 3176 531 3226 dcctcnua
548 3191 582 3225 ea
599 3175 651 3225 hoc
668 3175 712 3224 die
728 3175 776 3224 tie-
826 3175 962 3240 Apollinis
980 3178 1061 3238 aede,
1085 3191 1157 3226 nunc
1174 3177 1281 3236 diruta,
1304 3175 1371 3226 alio·

234 3241 320 3307 baut)‚
332 3259 403 3308 quac
413 3243 532 3294 occurrit
542 3243 706 3304 etiamvltl,
720 3242 775 3302 125,
827 3257 937 3307 rumque
962 3243 1072 3293 deorum
1095 3246 1150 3294 aris
1172 3244 1301 3309 insignia.
1326 3243 1371 3292 cui

235 3313 331 3376 attigit
342 3311 442 3361 Matth.
456 3310 502 3361 Gr.
517 3310 562 3360 Gr.
577 3311 600 3371 ξ.
613 3309 673 3373 578,
687 3327 710 3359 ο.
733 3311 776 3358 Tu
828 3325 845 3360 a
869 3312 994 3360 Latonae
1025 3311 1136 3376 cingulo
1164 3325 1262 3360 nomen
1286 3311 1370 3359 vonit.

233 3379 288 3430 vid.
302 3383 370 3428 nott.
384 3379 419 3428 ad
432 3379 477 3441 Vl,
495 3377 541 3428 134
555 3383 583 3428 et
594 3378 655 3438 Vll,
669 3376 710 3426 111).
734 3377 777 3426 Ad
827 3378 905 3427 Nunc
930 3379 996 3428 Vari
1017 3379 1113 3428 dicunt
1135 3378 1207 3428 hanc
1231 3379 1389 3442 regionem'

232 3447 319 3498 verba
335 3439 373 3505 οδς
384 3439 485 3512 τάχεος
502 3439 562 3511 εἶχε
575 3439 692 3503 ἕκαστος
708 3445 738 3507 (i.
752 3460 775 3494 e.
828 3445 862 3495 ob
872 3446 962 3494 vicum
972 3461 1056 3511 prope
1069 3447 1220 3506 iacentem
1233 3445 1311 3494 laone
1324 3443 1370 3493 ad·

233 3519 467 3580 quaritucetcrttutc
477 3518 581 3581 pureque
587 3520 694 3578 peccet),
706 3527 776 3577 quae
828 3514 922 3562 iacens
935 3527 1015 3563 aecer
1028 3513 1174 3562 etiamnum
1187 3519 1303 3562 vocatur
1319 3513 1371 3562 Vu-

233 3585 328 3648 attigit
345 3583 417 3633 idem
430 3583 566 3632 Matthiae
583 3579 682 3642 §.337‚
703 3581 775 3630 eonf-
827 3583 963 3630 liceraeac.
1000 3580 1084 3630 Plura
1096 3582 1197 3630 Kruee:
1217 3579 1314 3630 Hellas
1332 3580 1370 3638 11,

233 3665 303 3713 quae
326 3665 409 3715 cupra
429 3650 557 3715 leguntur
576 3649 626 3707 VI,
646 3646 694 3697 llil
718 3647 777 3709 (ubi
830 3648 977 3712 t.pug.2'll
992 3662 1048 3712 aeq.
1063 3648 1246 3712 etl'orbiger:
1260 3647 1370 3697 Handb.

233 3717 288 3765 vid.
302 3717 396 3780 uottt:
415 3708 452 3774 οἱς
469 3715 568 3768 ποδοῖν
583 3709 677 3781 εἷχονς
696 3716 773 3764 Wee·
827 3714 852 3763 d.
872 3715 918 3765 eit.
939 3715 1163 3780 Geograph.111‚
1182 3731 1208 3780 p.
1227 3713 1287 3764 868.
1317 3715 1371 3764 Ne-

234 3782 333 3846 aeling.
352 3784 524 3835 excitaverat
539 3783 679 3833 Plutarch.
697 3783 733 3832 ΙΙ.
749 3798 775 3847 p.
828 3797 879 3846 que
902 3783 957 3832 alio
981 3783 1039 3832 fere
1061 3783 1120 3832 loco
1142 3783 1194 3832 hoo
1216 3787 1371 3847 promonto-

233 3847 292 3897 uto,
306 3849 407 3898 Herod.
421 3850 528 3910 1x‚58.
564 3850 637 3900 Male
650 3849 714 3900 olim
726 3864 774 3899 τα·
827 3850 911 3908 rium,
932 3851 977 3899 eui
993 3865 1065 3899 nuno
1084 3865 1181 3900 nornen
1198 3849 1370 3909 lumbardia,

235 3907 317 3978 τέως,
343 3916 413 3979 quod
436 3916 524 3981 ipcnrn
542 3917 682 3968 Sanerolti
705 3917 777 3966 iiber
827 3917 905 3980 ponit
926 3917 1034 3966 Leuke:
1057 3918 1111 3967 Die
1133 3919 1239 3966 Damon
1255 3917 1372 3966 Attiea'a

235 3983 349 4042 retinet,
388 3981 560 4046 Florentino,
589 3985 651 4034 aliie
680 3983 776 4034 metina
828 3999 892 4048 pag.
905 3983 938 4032 46
950 3999 1007 4048 seq.
1022 3985 1063 4034 ed.
1075 3986 1218 4034 Westerm.
1233 3990 1261 4034 et
1273 4001 1298 4050 p.
1312 3983 1371 4035 240.

235 4049 350 4098 alterum
368 4049 555 4102 afferentibus.
591 4053 628 4100 Et
644 4051 713 4102 vidit
729 4051 776 4100 du·
828 4051 970 4100 Minervae
994 4067 1070 4101 aram
1095 4052 1121 4100 h.
1140 4052 1158 4100 l.
1178 4057 1372 4102 commemorat

234 4117 297 4166 dum
315 4117 479 4182 WeeeeIIng.
497 4119 571 4168 Dies.
584 4119 715 4169 Herodot.
728 4119 776 4168 lx.
828 4119 983 4168 Pausaniae
996 4118 1014 4166 l.
1029 4135 1111 4184 supra
1123 4119 1150 4179 1.,
1164 4119 1236 4168 unde
1250 4119 1371 4184 explica-

234 4199 260 4249 p.
278 4181 334 4232 ree.
828 4190 872 4234 tur
884 4186 985 4234 mentio
1002 4177 1154 4251 Ἀθηναίας
1168 4185 1372 4252 Ζωστηρίας

269 4244 504 4314 διαφυλαξούσας
525 4245 576 4310 τὰς
594 4251 709 4318 σχεδίας
726 4268 776 4303 πο·
828 4253 856 4302 in
881 4254 1061 4318 inscriptione
1084 4253 1265 4310 memorabili,
1291 4267 1371 4317 quarn

235 4317 378 4384 ρενδῆται
391 4311 513 4383 βασιλέϊ]
526 4319 566 4368 Ad
579 4335 688 4370 aeneum
700 4327 776 4372 recte
828 4320 914 4369 edidit
931 4327 1013 4385 atque
1038 4321 1170 4385 explicnIt
1187 4321 1310 4370 Boeclrh.
1328 4322 1370 4370 in:

235 4385 331 4440 Valla:
350 4388 386 4437 ad
396 4389 574 4438 custodiendae
585 4395 670 4450 ναίει,
690 4389 778 4454 quidm
827 4387 1055 4438 Monateberieht.
1077 4389 1102 4438 d.
1119 4387 1224 4439 Berlin.
1237 4387 1326 4438 Akad.
1343 4387 1370 4438 d.
