<?xml version="1.0" encoding="UTF-8"?>
<!DOCTYPE html PUBLIC "-//W3C//DTD XHTML 1.0 Transitional//EN"
    "http://www.w3.org/TR/xhtml1/DTD/xhtml1-transitional.dtd">
<html xmlns="http://www.w3.org/1999/xhtml" xml:lang="en" lang="en">
 <head>
  <title>
</title>
<meta http-equiv="Content-Type" content="text/html;charset=utf-8" />
  <meta name='ocr-system' content='tesseract 3.04.00' />
  <meta name='ocr-capabilities' content='ocr_page ocr_carea ocr_par ocr_line ocrx_word'/>
</head>
<body>
  <div class='ocr_page' id='page_1' title='image "./herodotihalicar02bhgoog/herodotihalicar02bhgoog_0412.png"; bbox 0 0 3066 4964; ppageno 0'>
   <div class='ocr_carea' id='block_1_1' title="bbox 525 377 1271 490">
    <p class='ocr_par' dir='ltr' id='par_1_1' title="bbox 525 377 1271 490">
     <span class='ocr_line' id='line_1_1' title="bbox 525 377 1271 490; baseline 0.007 -15"><span class='ocrx_word' id='word_1_1' title='bbox 525 377 529 388; x_wconf 78' lang='grc'><strong>’</strong></span> <span class='ocrx_word' id='word_1_2' title='bbox 583 416 641 476; x_wconf 77' lang='lat' dir='ltr'><strong>nn</strong></span> <span class='ocrx_word' id='word_1_3' title='bbox 665 417 753 490; x_wconf 84' lang='lat' dir='ltr'><strong>vru,</strong></span> <span class='ocrx_word' id='word_1_4' title='bbox 776 428 819 478; x_wconf 83' lang='lat'><strong>55.</strong></span> <span class='ocrx_word' id='word_1_5' title='bbox 1210 418 1271 481; x_wconf 84' lang='lat'><strong>393</strong></span> 
     </span>
    </p>
   </div>
   <div class='ocr_carea' id='block_1_2' title="bbox 135 587 1276 2528">
    <p class='ocr_par' dir='ltr' id='par_1_2' title="bbox 135 587 1276 2528">
     <span class='ocr_line' id='line_1_2' title="bbox 139 587 1271 659; baseline -0.004 -15"><span class='ocrx_word' id='word_1_6' title='bbox 139 590 206 644; x_wconf 86' lang='lat' dir='ltr'>Chr.</span> <span class='ocrx_word' id='word_1_7' title='bbox 231 592 273 657; x_wconf 87' lang='lat' dir='ltr'><strong>n.)</strong></span> <span class='ocrx_word' id='word_1_8' title='bbox 293 588 663 659; x_wconf 86' lang='lat' dir='ltr'><strong>nondumprorsuslinitum</strong></span> <span class='ocrx_word' id='word_1_9' title='bbox 682 587 769 640; x_wconf 81' lang='lat' dir='ltr'><strong>luisse</strong></span> <span class='ocrx_word' id='word_1_10' title='bbox 792 606 876 658; x_wconf 83' lang='lat' dir='ltr'><strong>opus:</strong></span> <span class='ocrx_word' id='word_1_11' title='bbox 902 589 969 640; x_wconf 89' lang='lat' dir='ltr'><strong>adeo</strong></span> <span class='ocrx_word' id='word_1_12' title='bbox 999 595 1043 655; x_wconf 90' lang='lat' dir='ltr'><strong>ut,</strong></span> <span class='ocrx_word' id='word_1_13' title='bbox 1070 605 1130 640; x_wconf 88' lang='lat' dir='ltr'><strong>eum</strong></span> <span class='ocrx_word' id='word_1_14' title='bbox 1150 587 1271 658; x_wconf 84' lang='lat' dir='ltr'><strong>proximo</strong></span> 
     </span>
     <span class='ocr_line' id='line_1_3' title="bbox 138 671 1271 744; baseline -0.002 -16"><span class='ocrx_word' id='word_1_15' title='bbox 138 693 210 728; x_wconf 88' lang='lat' dir='ltr'><strong>anno</strong></span> <span class='ocrx_word' id='word_1_16' title='bbox 236 673 359 744; x_wconf 85' lang='lat' dir='ltr'><strong>(Olymp.</strong></span> <span class='ocrx_word' id='word_1_17' title='bbox 376 674 478 743; x_wconf 83' lang='lat' dir='ltr'>XCIII,</span> <span class='ocrx_word' id='word_1_18' title='bbox 493 678 509 728; x_wconf 83' lang='lat'><strong>3</strong></span> <span class='ocrx_word' id='word_1_19' title='bbox 526 673 585 727; x_wconf 85' lang='lat' dir='ltr'><strong>sive</strong></span> <span class='ocrx_word' id='word_1_20' title='bbox 601 677 652 727; x_wconf 79' lang='grc'><strong>4011</strong></span> <span class='ocrx_word' id='word_1_21' title='bbox 674 679 737 725; x_wconf 90' lang='lat' dir='ltr'><strong>ante</strong></span> <span class='ocrx_word' id='word_1_22' title='bbox 758 673 824 728; x_wconf 87' lang='lat' dir='ltr'><strong>Chr.</strong></span> <span class='ocrx_word' id='word_1_23' title='bbox 847 675 888 742; x_wconf 85' lang='lat' dir='ltr'><strong>n.)</strong></span> <span class='ocrx_word' id='word_1_24' title='bbox 910 673 1037 742; x_wconf 87' lang='lat' dir='ltr'><strong>templum</strong></span> <span class='ocrx_word' id='word_1_25' title='bbox 1063 671 1174 725; x_wconf 82' lang='lat' dir='ltr'><strong>flammis</strong></span> <span class='ocrx_word' id='word_1_26' title='bbox 1196 689 1271 726; x_wconf 89' lang='lat' dir='ltr'><strong>arre—</strong></span> 
     </span>
     <span class='ocr_line' id='line_1_4' title="bbox 137 757 1273 832; baseline -0.002 -20"><span class='ocrx_word' id='word_1_27' title='bbox 137 767 212 832; x_wconf 90' lang='lat' dir='ltr'><strong>ptum</strong></span> <span class='ocrx_word' id='word_1_28' title='bbox 227 767 303 814; x_wconf 89' lang='lat' dir='ltr'><strong>esset</strong></span> <span class='ocrx_word' id='word_1_29' title='bbox 320 765 390 812; x_wconf 91' lang='lat' dir='ltr'><strong>teste</strong></span> <span class='ocrx_word' id='word_1_30' title='bbox 407 759 586 829; x_wconf 83' lang='lat' dir='ltr'><strong>Xenophonte</strong></span> <span class='ocrx_word' id='word_1_31' title='bbox 601 759 628 810; x_wconf 93' lang='lat' dir='ltr'><strong>in</strong></span> <span class='ocrx_word' id='word_1_32' title='bbox 645 757 752 811; x_wconf 83' lang='lat' dir='ltr'><strong>Hellen.</strong></span> <span class='ocrx_word' id='word_1_33' title='bbox 774 757 797 825; x_wconf 90' lang='lat' dir='ltr'><strong>I,</strong></span> <span class='ocrx_word' id='word_1_34' title='bbox 812 761 838 826; x_wconf 85' lang='grc'><strong>8,</strong></span> <span class='ocrx_word' id='word_1_35' title='bbox 854 765 879 824; x_wconf 82' lang='lat'><strong>2,</strong></span> <span class='ocrx_word' id='word_1_36' title='bbox 903 757 985 810; x_wconf 90' lang='lat' dir='ltr'><strong>multo</strong></span> <span class='ocrx_word' id='word_1_37' title='bbox 1010 763 1074 828; x_wconf 87' lang='lat' dir='ltr'><strong>post</strong></span> <span class='ocrx_word' id='word_1_38' title='bbox 1097 757 1201 811; x_wconf 86' lang='lat' dir='ltr'><strong>demum</strong></span> <span class='ocrx_word' id='word_1_39' title='bbox 1222 757 1273 810; x_wconf 93' lang='lat' dir='ltr'><strong>hoc</strong></span> 
     </span>
     <span class='ocr_line' id='line_1_5' title="bbox 138 841 1271 913; baseline -0.005 -14"><span class='ocrx_word' id='word_1_40' title='bbox 138 863 237 899; x_wconf 85' lang='lat' dir='ltr'><strong>novum</strong></span> <span class='ocrx_word' id='word_1_41' title='bbox 247 845 428 898; x_wconf 80' lang='lat' dir='ltr'>Erechtheum</span> <span class='ocrx_word' id='word_1_42' title='bbox 440 843 592 896; x_wconf 89' lang='lat' dir='ltr'><strong>absolutum</strong></span> <span class='ocrx_word' id='word_1_43' title='bbox 602 861 664 896; x_wconf 85' lang='lat' dir='ltr'><strong>esse</strong></span> <span class='ocrx_word' id='word_1_44' title='bbox 676 842 824 913; x_wconf 88' lang='lat' dir='ltr'><strong>putandum</strong></span> <span class='ocrx_word' id='word_1_45' title='bbox 839 843 883 910; x_wconf 83' lang='lat' dir='ltr'><strong>sit,</strong></span> <span class='ocrx_word' id='word_1_46' title='bbox 896 844 968 896; x_wconf 86' lang='lat' dir='ltr'><strong>circa</strong></span> <span class='ocrx_word' id='word_1_47' title='bbox 975 843 1161 912; x_wconf 78' lang='lat' dir='ltr'><strong>Olympiadem</strong></span> <span class='ocrx_word' id='word_1_48' title='bbox 1171 841 1271 910; x_wconf 84' lang='lat' dir='ltr'><strong>extu,</strong></span> 
     </span>
     <span class='ocr_line' id='line_1_6' title="bbox 138 927 1272 1000; baseline -0.005 -16"><span class='ocrx_word' id='word_1_49' title='bbox 138 939 169 984; x_wconf 90' lang='lat' dir='ltr'><strong>ut</strong></span> <span class='ocrx_word' id='word_1_50' title='bbox 188 930 267 1000; x_wconf 91' lang='lat' dir='ltr'><strong>ponit</strong></span> <span class='ocrx_word' id='word_1_51' title='bbox 287 929 396 982; x_wconf 81' lang='lat' dir='ltr'><strong>Mtiller.</strong></span> <span class='ocrx_word' id='word_1_52' title='bbox 418 927 436 984; x_wconf 93' lang='lat' dir='ltr'><strong>l.</strong></span> <span class='ocrx_word' id='word_1_53' title='bbox 452 929 470 980; x_wconf 92' lang='lat' dir='ltr'><strong>l.</strong></span> <span class='ocrx_word' id='word_1_54' title='bbox 505 929 566 980; x_wconf 89' lang='lat' dir='ltr'><strong>Hoc</strong></span> <span class='ocrx_word' id='word_1_55' title='bbox 587 929 778 999; x_wconf 79' lang='lat' dir='ltr'><strong>Erechtheum,</strong></span> <span class='ocrx_word' id='word_1_56' title='bbox 796 929 869 1000; x_wconf 89' lang='lat' dir='ltr'><strong>quod</strong></span> <span class='ocrx_word' id='word_1_57' title='bbox 884 927 1025 980; x_wconf 79' lang='lat' dir='ltr'><strong>Herodoto</strong></span> <span class='ocrx_word' id='word_1_58' title='bbox 1040 927 1133 980; x_wconf 81' lang='lat' dir='ltr'><strong>videre</strong></span> <span class='ocrx_word' id='word_1_59' title='bbox 1150 928 1224 980; x_wconf 90' lang='lat' dir='ltr'><strong>haud</strong></span> <span class='ocrx_word' id='word_1_60' title='bbox 1241 927 1272 978; x_wconf 92' lang='lat' dir='ltr'><strong>li-</strong></span> 
     </span>
     <span class='ocr_line' id='line_1_7' title="bbox 138 1011 1274 1084; baseline -0.004 -16"><span class='ocrx_word' id='word_1_61' title='bbox 138 1015 202 1082; x_wconf 90' lang='lat' dir='ltr'><strong>cuit,</strong></span> <span class='ocrx_word' id='word_1_62' title='bbox 215 1015 285 1068; x_wconf 86' lang='lat' dir='ltr'><strong>vidit</strong></span> <span class='ocrx_word' id='word_1_63' title='bbox 300 1032 331 1067; x_wconf 89' lang='lat' dir='ltr'><strong>ac</strong></span> <span class='ocrx_word' id='word_1_64' title='bbox 346 1013 495 1084; x_wconf 72' lang='lat' dir='ltr'><strong>descripsit</strong></span> <span class='ocrx_word' id='word_1_65' title='bbox 510 1013 663 1066; x_wconf 86' lang='lat' dir='ltr'><strong>Pausanias</strong></span> <span class='ocrx_word' id='word_1_66' title='bbox 679 1013 700 1081; x_wconf 94' lang='lat' dir='ltr'><strong>l,</strong></span> <span class='ocrx_word' id='word_1_67' title='bbox 717 1015 760 1068; x_wconf 77' lang='lat'><strong>26.</strong></span> <span class='ocrx_word' id='word_1_68' title='bbox 778 1019 809 1072; x_wconf 79' lang='lat'><strong>27</strong></span> <span class='ocrx_word' id='word_1_69' title='bbox 825 1014 1002 1083; x_wconf 90' lang='lat' dir='ltr'><strong>eiusdemque</strong></span> <span class='ocrx_word' id='word_1_70' title='bbox 1015 1020 1109 1083; x_wconf 89' lang='lat' dir='ltr'><strong>partes</strong></span> <span class='ocrx_word' id='word_1_71' title='bbox 1126 1011 1274 1066; x_wconf 85' lang='lat' dir='ltr'><strong>nonnullas</strong></span> 
     </span>
     <span class='ocr_line' id='line_1_8' title="bbox 137 1095 1273 1170; baseline -0.003 -18"><span class='ocrx_word' id='word_1_72' title='bbox 137 1101 225 1152; x_wconf 88' lang='lat' dir='ltr'><strong>adhuc</strong></span> <span class='ocrx_word' id='word_1_73' title='bbox 248 1116 398 1170; x_wconf 79' lang='lat' dir='ltr'><strong>superesse</strong></span> <span class='ocrx_word' id='word_1_74' title='bbox 424 1116 501 1152; x_wconf 91' lang='lat' dir='ltr'><strong>nemo</strong></span> <span class='ocrx_word' id='word_1_75' title='bbox 528 1098 628 1150; x_wconf 86' lang='lat' dir='ltr'><strong>nescit:</strong></span> <span class='ocrx_word' id='word_1_76' title='bbox 654 1097 680 1150; x_wconf 93' lang='lat' dir='ltr'><strong>in</strong></span> <span class='ocrx_word' id='word_1_77' title='bbox 710 1098 810 1168; x_wconf 93' lang='lat' dir='ltr'><strong>quibus</strong></span> <span class='ocrx_word' id='word_1_78' title='bbox 835 1097 1023 1152; x_wconf 87' lang='lat' dir='ltr'><strong>describendis</strong></span> <span class='ocrx_word' id='word_1_79' title='bbox 1048 1095 1273 1169; x_wconf 80' lang='lat' dir='ltr'><strong>explicandisque</strong></span> 
     </span>
     <span class='ocr_line' id='line_1_9' title="bbox 138 1181 1274 1253; baseline -0.004 -15"><span class='ocrx_word' id='word_1_80' title='bbox 138 1185 239 1239; x_wconf 77' lang='lat' dir='ltr'><strong>summai</strong></span> <span class='ocrx_word' id='word_1_81' title='bbox 259 1183 403 1253; x_wconf 77' lang='lat' dir='ltr'><strong>diligentia</strong></span> <span class='ocrx_word' id='word_1_82' title='bbox 423 1190 535 1236; x_wconf 89' lang='lat' dir='ltr'><strong>nostrae</strong></span> <span class='ocrx_word' id='word_1_83' title='bbox 558 1182 655 1236; x_wconf 87' lang='lat' dir='ltr'><strong>aetatis</strong></span> <span class='ocrx_word' id='word_1_84' title='bbox 680 1181 732 1234; x_wconf 85' lang='lat' dir='ltr'><strong>viri</strong></span> <span class='ocrx_word' id='word_1_85' title='bbox 752 1183 824 1235; x_wconf 90' lang='lat' dir='ltr'><strong>docti</strong></span> <span class='ocrx_word' id='word_1_86' title='bbox 846 1189 913 1237; x_wconf 88' lang='lat' dir='ltr'><strong>sunt</strong></span> <span class='ocrx_word' id='word_1_87' title='bbox 927 1183 1046 1236; x_wconf 69' lang='lat' dir='ltr'><strong>versatis</strong></span> <span class='ocrx_word' id='word_1_88' title='bbox 1070 1183 1103 1236; x_wconf 85' lang='lat' dir='ltr'><strong>C.</strong></span> <span class='ocrx_word' id='word_1_89' title='bbox 1121 1183 1156 1236; x_wconf 94' lang='lat'><strong>0.</strong></span> <span class='ocrx_word' id='word_1_90' title='bbox 1173 1181 1274 1236; x_wconf 83' lang='lat' dir='ltr'><strong>Mtiller</strong></span> 
     </span>
     <span class='ocr_line' id='line_1_10' title="bbox 138 1267 1272 1338; baseline -0.004 -16"><span class='ocrx_word' id='word_1_91' title='bbox 138 1271 191 1337; x_wconf 90' lang='lat' dir='ltr'><strong>(De</strong></span> <span class='ocrx_word' id='word_1_92' title='bbox 214 1269 334 1323; x_wconf 77' lang='lat' dir='ltr'><strong>illinere.</strong></span> <span class='ocrx_word' id='word_1_93' title='bbox 360 1268 465 1326; x_wconf 88' lang='lat' dir='ltr'><strong>Poliad.</strong></span> <span class='ocrx_word' id='word_1_94' title='bbox 490 1267 508 1320; x_wconf 94' lang='lat' dir='ltr'><strong>l.</strong></span> <span class='ocrx_word' id='word_1_95' title='bbox 527 1267 546 1324; x_wconf 91' lang='lat' dir='ltr'><strong>l.</strong></span> <span class='ocrx_word' id='word_1_96' title='bbox 571 1267 669 1320; x_wconf 85' lang='lat' dir='ltr'><strong>Kleine</strong></span> <span class='ocrx_word' id='word_1_97' title='bbox 690 1267 822 1320; x_wconf 83' lang='lat' dir='ltr'><strong>deutsche</strong></span> <span class='ocrx_word' id='word_1_98' title='bbox 845 1269 948 1321; x_wconf 87' lang='lat' dir='ltr'><strong>Schrilt</strong></span> <span class='ocrx_word' id='word_1_99' title='bbox 969 1268 1005 1320; x_wconf 95' lang='lat' dir='ltr'><strong>ll.</strong></span> <span class='ocrx_word' id='word_1_100' title='bbox 1031 1285 1094 1338; x_wconf 84' lang='lat' dir='ltr'><strong>pag.</strong></span> <span class='ocrx_word' id='word_1_101' title='bbox 1117 1271 1164 1326; x_wconf 92' lang='grc'><strong>141</strong></span> <span class='ocrx_word' id='word_1_102' title='bbox 1194 1285 1272 1337; x_wconf 89' lang='lat' dir='ltr'><strong>seqq.</strong></span> 
     </span>
     <span class='ocr_line' id='line_1_11' title="bbox 138 1351 1274 1423; baseline -0.001 -17"><span class='ocrx_word' id='word_1_103' title='bbox 138 1353 316 1422; x_wconf 78' lang='lat' dir='ltr'><strong>Archaeolog.</strong></span> <span class='ocrx_word' id='word_1_104' title='bbox 334 1354 346 1420; x_wconf 67' lang='grc'><strong>1</strong></span> <span class='ocrx_word' id='word_1_105' title='bbox 365 1357 422 1422; x_wconf 87' lang='grc'><strong>109,</strong></span> <span class='ocrx_word' id='word_1_106' title='bbox 438 1357 477 1422; x_wconf 85' lang='grc'><strong>4),</strong></span> <span class='ocrx_word' id='word_1_107' title='bbox 492 1351 583 1406; x_wconf 81' lang='lat' dir='ltr'><strong>Leuke</strong></span> <span class='ocrx_word' id='word_1_108' title='bbox 598 1351 807 1423; x_wconf 81' lang='lat' dir='ltr'><strong>(Topograpbie</strong></span> <span class='ocrx_word' id='word_1_109' title='bbox 820 1371 847 1406; x_wconf 85' lang='lat' dir='ltr'><strong>v.</strong></span> <span class='ocrx_word' id='word_1_110' title='bbox 865 1353 963 1406; x_wconf 84' lang='lat' dir='ltr'><strong>Athen.</strong></span> <span class='ocrx_word' id='word_1_111' title='bbox 983 1369 1045 1423; x_wconf 81' lang='lat' dir='ltr'><strong>pag.</strong></span> <span class='ocrx_word' id='word_1_112' title='bbox 1061 1355 1112 1408; x_wconf 83' lang='grc'><strong>248</strong></span> <span class='ocrx_word' id='word_1_113' title='bbox 1128 1371 1206 1423; x_wconf 83' lang='lat' dir='ltr'><strong>seqq.</strong></span> <span class='ocrx_word' id='word_1_114' title='bbox 1222 1353 1274 1410; x_wconf 77' lang='lat'><strong>428</strong></span> 
     </span>
     <span class='ocr_line' id='line_1_12' title="bbox 138 1436 1273 1510; baseline 0.001 -19"><span class='ocrx_word' id='word_1_115' title='bbox 138 1455 215 1510; x_wconf 85' lang='lat' dir='ltr'><strong>seqq.</strong></span> <span class='ocrx_word' id='word_1_116' title='bbox 231 1439 274 1492; x_wconf 92' lang='lat' dir='ltr'><strong>ed.</strong></span> <span class='ocrx_word' id='word_1_117' title='bbox 289 1439 410 1509; x_wconf 78' lang='lat' dir='ltr'><strong>Turio),</strong></span> <span class='ocrx_word' id='word_1_118' title='bbox 425 1436 660 1491; x_wconf 85' lang='lat' dir='ltr'><strong>Raoul-Rochette</strong></span> <span class='ocrx_word' id='word_1_119' title='bbox 675 1436 802 1504; x_wconf 90' lang='lat' dir='ltr'><strong>(Journal</strong></span> <span class='ocrx_word' id='word_1_120' title='bbox 819 1437 960 1491; x_wconf 85' lang='lat' dir='ltr'><strong>d.Savans</strong></span> <span class='ocrx_word' id='word_1_121' title='bbox 977 1439 1053 1492; x_wconf 89' lang='grc'><strong>1850.</strong></span> <span class='ocrx_word' id='word_1_122' title='bbox 1069 1457 1097 1508; x_wconf 90' lang='lat' dir='ltr'><strong>p.</strong></span> <span class='ocrx_word' id='word_1_123' title='bbox 1118 1440 1179 1494; x_wconf 84' lang='grc'><strong>661.</strong></span> <span class='ocrx_word' id='word_1_124' title='bbox 1196 1455 1273 1508; x_wconf 87' lang='lat' dir='ltr'><strong>seqq.</strong></span> 
     </span>
     <span class='ocr_line' id='line_1_13' title="bbox 138 1521 1274 1594; baseline -0.004 -17"><span class='ocrx_word' id='word_1_125' title='bbox 138 1527 185 1577; x_wconf 96' lang='grc'><strong>751</strong></span> <span class='ocrx_word' id='word_1_126' title='bbox 215 1541 277 1594; x_wconf 89' lang='lat' dir='ltr'><strong>sqq.</strong></span> <span class='ocrx_word' id='word_1_127' title='bbox 300 1527 376 1578; x_wconf 93' lang='grc'><strong>1851.</strong></span> <span class='ocrx_word' id='word_1_128' title='bbox 405 1543 432 1594; x_wconf 95' lang='lat' dir='ltr'><strong>p.</strong></span> <span class='ocrx_word' id='word_1_129' title='bbox 453 1528 485 1577; x_wconf 82' lang='grc'><strong>27</strong></span> <span class='ocrx_word' id='word_1_130' title='bbox 508 1541 584 1592; x_wconf 91' lang='lat' dir='ltr'><strong>seqq.</strong></span> <span class='ocrx_word' id='word_1_131' title='bbox 603 1525 638 1576; x_wconf 78' lang='lat' dir='ltr'><strong>ru</strong></span> <span class='ocrx_word' id='word_1_132' title='bbox 662 1522 729 1592; x_wconf 81' lang='lat' dir='ltr'><strong>sq),</strong></span> <span class='ocrx_word' id='word_1_133' title='bbox 765 1522 849 1576; x_wconf 78' lang='lat' dir='ltr'><strong>Beule</strong></span> <span class='ocrx_word' id='word_1_134' title='bbox 874 1521 1057 1593; x_wconf 80' lang='lat' dir='ltr'><strong>(L&#39;Acropole</strong></span> <span class='ocrx_word' id='word_1_135' title='bbox 1084 1522 1209 1578; x_wconf 74' lang='lat' dir='ltr'><strong>d&#39;hthen.</strong></span> <span class='ocrx_word' id='word_1_136' title='bbox 1236 1521 1274 1574; x_wconf 85' lang='lat'><strong>11.</strong></span> 
     </span>
     <span class='ocr_line' id='line_1_14' title="bbox 137 1605 1273 1680; baseline 0 -18"><span class='ocrx_word' id='word_1_137' title='bbox 137 1629 165 1680; x_wconf 92' lang='lat' dir='ltr'><strong>p.</strong></span> <span class='ocrx_word' id='word_1_138' title='bbox 181 1613 229 1663; x_wconf 81' lang='grc'><strong>217</strong></span> <span class='ocrx_word' id='word_1_139' title='bbox 250 1627 327 1680; x_wconf 88' lang='lat' dir='ltr'><strong>seqq.</strong></span> <span class='ocrx_word' id='word_1_140' title='bbox 340 1611 390 1668; x_wconf 69' lang='grc'><strong>231</strong></span> <span class='ocrx_word' id='word_1_141' title='bbox 401 1608 493 1680; x_wconf 86' lang='lat' dir='ltr'><strong>seqq.)</strong></span> <span class='ocrx_word' id='word_1_142' title='bbox 506 1615 533 1660; x_wconf 94' lang='lat' dir='ltr'><strong>et</strong></span> <span class='ocrx_word' id='word_1_143' title='bbox 543 1606 713 1676; x_wconf 85' lang='lat' dir='ltr'><strong>potissimum</strong></span> <span class='ocrx_word' id='word_1_144' title='bbox 727 1606 862 1661; x_wconf 83' lang='lat' dir='ltr'><strong>&#39;l&#39;hiersch</strong></span> <span class='ocrx_word' id='word_1_145' title='bbox 877 1607 1025 1678; x_wconf 82' lang='lat' dir='ltr'><strong>(Abhendl.</strong></span> <span class='ocrx_word' id='word_1_146' title='bbox 1041 1607 1068 1664; x_wconf 95' lang='lat' dir='ltr'><strong>d.</strong></span> <span class='ocrx_word' id='word_1_147' title='bbox 1085 1607 1170 1675; x_wconf 87' lang='lat' dir='ltr'><strong>Bayr.</strong></span> <span class='ocrx_word' id='word_1_148' title='bbox 1186 1605 1273 1662; x_wconf 80' lang='lat' dir='ltr'><strong>nkad.</strong></span> 
     </span>
     <span class='ocr_line' id='line_1_15' title="bbox 138 1691 1274 1764; baseline 0 -18"><span class='ocrx_word' id='word_1_149' title='bbox 138 1695 164 1747; x_wconf 93' lang='lat' dir='ltr'><strong>d.</strong></span> <span class='ocrx_word' id='word_1_150' title='bbox 181 1693 353 1750; x_wconf 87' lang='lat' dir='ltr'><strong>Wissensch.</strong></span> <span class='ocrx_word' id='word_1_151' title='bbox 374 1693 467 1764; x_wconf 90' lang='lat' dir='ltr'><strong>philol.</strong></span> <span class='ocrx_word' id='word_1_152' title='bbox 487 1693 549 1748; x_wconf 90' lang='lat' dir='ltr'><strong>hist.</strong></span> <span class='ocrx_word' id='word_1_153' title='bbox 568 1691 673 1750; x_wconf 80' lang='lat' dir='ltr'><strong>Classe,</strong></span> <span class='ocrx_word' id='word_1_154' title='bbox 694 1691 727 1743; x_wconf 89' lang='lat' dir='ltr'><strong>V.</strong></span> <span class='ocrx_word' id='word_1_155' title='bbox 745 1711 770 1761; x_wconf 94' lang='lat' dir='ltr'><strong>p.</strong></span> <span class='ocrx_word' id='word_1_156' title='bbox 791 1696 823 1747; x_wconf 88' lang='lat'><strong>81</strong></span> <span class='ocrx_word' id='word_1_157' title='bbox 842 1711 920 1764; x_wconf 86' lang='lat' dir='ltr'><strong>seqq.</strong></span> <span class='ocrx_word' id='word_1_158' title='bbox 940 1696 987 1747; x_wconf 88' lang='grc'><strong>173</strong></span> <span class='ocrx_word' id='word_1_159' title='bbox 1009 1711 1088 1763; x_wconf 88' lang='lat' dir='ltr'><strong>seqq.</strong></span> <span class='ocrx_word' id='word_1_160' title='bbox 1103 1691 1181 1744; x_wconf 83' lang='lat' dir='ltr'>VIII.</span> <span class='ocrx_word' id='word_1_161' title='bbox 1196 1709 1224 1761; x_wconf 95' lang='lat' dir='ltr'><strong>p.</strong></span> <span class='ocrx_word' id='word_1_162' title='bbox 1240 1693 1274 1746; x_wconf 82' lang='grc'><strong>93</strong></span> 
     </span>
     <span class='ocr_line' id='line_1_16' title="bbox 137 1773 1275 1850; baseline -0.004 -18"><span class='ocrx_word' id='word_1_163' title='bbox 137 1779 245 1850; x_wconf 83' lang='lat' dir='ltr'><strong>seqq.)=</strong></span> <span class='ocrx_word' id='word_1_164' title='bbox 269 1779 313 1832; x_wconf 89' lang='lat' dir='ltr'><strong>cui</strong></span> <span class='ocrx_word' id='word_1_165' title='bbox 333 1779 362 1831; x_wconf 87' lang='lat' dir='ltr'><strong>in</strong></span> <span class='ocrx_word' id='word_1_166' title='bbox 381 1778 500 1847; x_wconf 83' lang='lat' dir='ltr'><strong>singulis</strong></span> <span class='ocrx_word' id='word_1_167' title='bbox 522 1777 683 1848; x_wconf 87' lang='lat' dir='ltr'><strong>quibusdam</strong></span> <span class='ocrx_word' id='word_1_168' title='bbox 699 1777 900 1830; x_wconf 84' lang='lat' dir='ltr'><strong>constituendis</strong></span> <span class='ocrx_word' id='word_1_169' title='bbox 920 1796 951 1830; x_wconf 87' lang='lat' dir='ltr'><strong>ac</strong></span> <span class='ocrx_word' id='word_1_170' title='bbox 973 1775 1137 1830; x_wconf 84' lang='lat' dir='ltr'><strong>deliniendis</strong></span> <span class='ocrx_word' id='word_1_171' title='bbox 1161 1773 1206 1829; x_wconf 86' lang='lat' dir='ltr'><strong>alii</strong></span> <span class='ocrx_word' id='word_1_172' title='bbox 1222 1775 1275 1828; x_wconf 81' lang='lat' dir='ltr'><strong>viri</strong></span> 
     </span>
     <span class='ocr_line' id='line_1_17' title="bbox 136 1859 1273 1932; baseline -0.004 -15"><span class='ocrx_word' id='word_1_173' title='bbox 136 1864 210 1917; x_wconf 91' lang='lat' dir='ltr'><strong>docti</strong></span> <span class='ocrx_word' id='word_1_174' title='bbox 228 1869 294 1916; x_wconf 89' lang='lat' dir='ltr'><strong>sunt</strong></span> <span class='ocrx_word' id='word_1_175' title='bbox 318 1862 453 1930; x_wconf 86' lang='lat' dir='ltr'><strong>oblocuti,</strong></span> <span class='ocrx_word' id='word_1_176' title='bbox 480 1863 514 1916; x_wconf 89' lang='lat' dir='ltr'><strong>de</strong></span> <span class='ocrx_word' id='word_1_177' title='bbox 540 1879 655 1932; x_wconf 90' lang='lat' dir='ltr'><strong>quorum</strong></span> <span class='ocrx_word' id='word_1_178' title='bbox 678 1861 790 1932; x_wconf 89' lang='lat' dir='ltr'><strong>scriptis</strong></span> <span class='ocrx_word' id='word_1_179' title='bbox 813 1863 869 1915; x_wconf 85' lang='lat' dir='ltr'><strong>vid.</strong></span> <span class='ocrx_word' id='word_1_180' title='bbox 890 1863 972 1916; x_wconf 77' lang='lat' dir='ltr'><strong>Starl(</strong></span> <span class='ocrx_word' id='word_1_181' title='bbox 993 1863 1020 1914; x_wconf 92' lang='lat' dir='ltr'><strong>in</strong></span> <span class='ocrx_word' id='word_1_182' title='bbox 1045 1860 1178 1929; x_wconf 78' lang='lat' dir='ltr'><strong>Philolog.</strong></span> <span class='ocrx_word' id='word_1_183' title='bbox 1199 1859 1273 1914; x_wconf 79' lang='lat' dir='ltr'><strong>xlv,</strong></span> 
     </span>
     <span class='ocr_line' id='line_1_18' title="bbox 137 1943 1276 2020; baseline -0.003 -20"><span class='ocrx_word' id='word_1_184' title='bbox 137 1951 365 2020; x_wconf 82' lang='lat' dir='ltr'><strong>pag.701seqq.</strong></span> <span class='ocrx_word' id='word_1_185' title='bbox 392 1948 434 2001; x_wconf 77' lang='lat' dir='ltr'><strong>Ad</strong></span> <span class='ocrx_word' id='word_1_186' title='bbox 452 1947 621 2001; x_wconf 87' lang='lat' dir='ltr'><strong>Herodotum</strong></span> <span class='ocrx_word' id='word_1_187' title='bbox 644 1947 711 1999; x_wconf 86' lang='lat' dir='ltr'><strong>haec</strong></span> <span class='ocrx_word' id='word_1_188' title='bbox 727 1947 816 2001; x_wconf 85' lang='lat' dir='ltr'><strong>minus</strong></span> <span class='ocrx_word' id='word_1_189' title='bbox 832 1948 989 2018; x_wconf 82' lang='lat' dir='ltr'><strong>pertineut3</strong></span> <span class='ocrx_word' id='word_1_190' title='bbox 1012 1965 1090 2018; x_wconf 88' lang='lat' dir='ltr'><strong>quem</strong></span> <span class='ocrx_word' id='word_1_191' title='bbox 1114 1947 1183 2000; x_wconf 91' lang='lat' dir='ltr'><strong>enim</strong></span> <span class='ocrx_word' id='word_1_192' title='bbox 1205 1943 1276 2000; x_wconf 81' lang='lat' dir='ltr'><strong>vidit</strong></span> 
     </span>
     <span class='ocr_line' id='line_1_19' title="bbox 136 2025 1276 2104; baseline -0.003 -18"><span class='ocrx_word' id='word_1_193' title='bbox 136 2041 220 2104; x_wconf 89' lang='lat' dir='ltr'><strong>atque</strong></span> <span class='ocrx_word' id='word_1_194' title='bbox 240 2034 373 2094; x_wconf 82' lang='lat' dir='ltr'><strong>indicavit</strong></span> <span class='ocrx_word' id='word_1_195' title='bbox 390 2025 626 2102; x_wconf 72' lang='grc' dir='ltr'><strong>Ἐρεχθέοςνηόν,</strong></span> <span class='ocrx_word' id='word_1_196' title='bbox 657 2048 715 2084; x_wconf 88' lang='lat' dir='ltr'><strong>eum</strong></span> <span class='ocrx_word' id='word_1_197' title='bbox 747 2031 781 2084; x_wconf 88' lang='lat' dir='ltr'><strong>ad</strong></span> <span class='ocrx_word' id='word_1_198' title='bbox 808 2033 965 2102; x_wconf 86' lang='lat' dir='ltr'><strong>antiquiora</strong></span> <span class='ocrx_word' id='word_1_199' title='bbox 989 2039 1111 2102; x_wconf 89' lang='lat' dir='ltr'><strong>tempora</strong></span> <span class='ocrx_word' id='word_1_200' title='bbox 1135 2031 1276 2101; x_wconf 86' lang='lat' dir='ltr'><strong>pertinere</strong></span> 
     </span>
     <span class='ocr_line' id='line_1_20' title="bbox 136 2116 1276 2188; baseline -0.002 -17"><span class='ocrx_word' id='word_1_201' title='bbox 136 2119 357 2172; x_wconf 85' lang='lat' dir='ltr'><strong>monstravimus.</strong></span> <span class='ocrx_word' id='word_1_202' title='bbox 389 2119 479 2188; x_wconf 81' lang='lat' dir='ltr'><strong>Atque</strong></span> <span class='ocrx_word' id='word_1_203' title='bbox 499 2119 526 2170; x_wconf 90' lang='lat' dir='ltr'><strong>in</strong></span> <span class='ocrx_word' id='word_1_204' title='bbox 544 2118 594 2168; x_wconf 87' lang='lat' dir='ltr'><strong>hac</strong></span> <span class='ocrx_word' id='word_1_205' title='bbox 617 2116 772 2186; x_wconf 76' lang='lat' dir='ltr'><strong>antiquiore</strong></span> <span class='ocrx_word' id='word_1_206' title='bbox 787 2117 934 2170; x_wconf 84' lang='lat' dir='ltr'><strong>Erechthei</strong></span> <span class='ocrx_word' id='word_1_207' title='bbox 950 2119 1018 2170; x_wconf 89' lang='lat' dir='ltr'><strong>aede</strong></span> <span class='ocrx_word' id='word_1_208' title='bbox 1034 2117 1130 2188; x_wconf 86' lang='lat' dir='ltr'><strong>utique</strong></span> <span class='ocrx_word' id='word_1_209' title='bbox 1148 2116 1202 2169; x_wconf 80' lang='lat' dir='ltr'><strong>fuit</strong></span> <span class='ocrx_word' id='word_1_210' title='bbox 1217 2118 1276 2170; x_wconf 86' lang='lat' dir='ltr'><strong>olco</strong></span> 
     </span>
     <span class='ocr_line' id='line_1_21' title="bbox 137 2196 1276 2274; baseline -0.003 -18"><span class='ocrx_word' id='word_1_211' title='bbox 137 2209 164 2256; x_wconf 90' lang='lat' dir='ltr'><strong>et</strong></span> <span class='ocrx_word' id='word_1_212' title='bbox 180 2223 271 2270; x_wconf 87' lang='lat' dir='ltr'><strong>more,</strong></span> <span class='ocrx_word' id='word_1_213' title='bbox 294 2211 324 2256; x_wconf 90' lang='lat' dir='ltr'><strong>ut</strong></span> <span class='ocrx_word' id='word_1_214' title='bbox 342 2203 447 2256; x_wconf 89' lang='lat' dir='ltr'><strong>Noster</strong></span> <span class='ocrx_word' id='word_1_215' title='bbox 467 2204 492 2256; x_wconf 89' lang='lat' dir='ltr'><strong>h.</strong></span> <span class='ocrx_word' id='word_1_216' title='bbox 509 2203 526 2255; x_wconf 91' lang='lat' dir='ltr'><strong>l.</strong></span> <span class='ocrx_word' id='word_1_217' title='bbox 547 2201 651 2254; x_wconf 87' lang='lat' dir='ltr'><strong>diserte</strong></span> <span class='ocrx_word' id='word_1_218' title='bbox 666 2202 840 2270; x_wconf 84' lang='lat' dir='ltr'><strong>pronuntiat:</strong></span> <span class='ocrx_word' id='word_1_219' title='bbox 855 2197 884 2257; x_wconf 74' lang='grc' dir='ltr'><strong>ἐν</strong></span> <span class='ocrx_word' id='word_1_220' title='bbox 898 2204 936 2274; x_wconf 82' lang='grc' dir='ltr'><strong>τῷ</strong></span> <span class='ocrx_word' id='word_1_221' title='bbox 951 2196 1027 2271; x_wconf 72' lang='grc' dir='ltr'><strong><em>ἐλαίη</em></strong></span> <span class='ocrx_word' id='word_1_222' title='bbox 1041 2219 1069 2256; x_wconf 83' lang='grc' dir='ltr'><strong>τε</strong></span> <span class='ocrx_word' id='word_1_223' title='bbox 1084 2199 1133 2255; x_wconf 78' lang='grc' dir='ltr'><strong>καὶ</strong></span> <span class='ocrx_word' id='word_1_224' title='bbox 1146 2197 1276 2254; x_wconf 77' lang='grc' dir='ltr'><em>θάλασσα</em></span> 
     </span>
     <span class='ocr_line' id='line_1_22' title="bbox 135 2285 1274 2356; baseline -0.004 -14"><span class='ocrx_word' id='word_1_225' title='bbox 135 2285 186 2342; x_wconf 78' lang='grc' dir='ltr'><strong>ἔνι.</strong></span> <span class='ocrx_word' id='word_1_226' title='bbox 202 2287 366 2341; x_wconf 87' lang='lat' dir='ltr'><strong>Pausaniam</strong></span> <span class='ocrx_word' id='word_1_227' title='bbox 392 2287 416 2340; x_wconf 91' lang='lat' dir='ltr'><strong>si</strong></span> <span class='ocrx_word' id='word_1_228' title='bbox 437 2287 578 2356; x_wconf 88' lang='lat' dir='ltr'><strong>sequimur</strong></span> <span class='ocrx_word' id='word_1_229' title='bbox 601 2285 636 2352; x_wconf 90' lang='lat' dir='ltr'><strong>(i,</strong></span> <span class='ocrx_word' id='word_1_230' title='bbox 663 2288 705 2340; x_wconf 79' lang='lat'><strong>26.</strong></span> <span class='ocrx_word' id='word_1_231' title='bbox 729 2289 755 2350; x_wconf 77' lang='lat' dir='ltr'><strong>s.</strong></span> <span class='ocrx_word' id='word_1_232' title='bbox 777 2291 817 2355; x_wconf 83' lang='lat' dir='ltr'><strong>fi),</strong></span> <span class='ocrx_word' id='word_1_233' title='bbox 834 2305 887 2339; x_wconf 91' lang='lat' dir='ltr'><strong>non</strong></span> <span class='ocrx_word' id='word_1_234' title='bbox 905 2295 958 2338; x_wconf 88' lang='lat' dir='ltr'><strong>tam</strong></span> <span class='ocrx_word' id='word_1_235' title='bbox 979 2289 1006 2338; x_wconf 92' lang='lat' dir='ltr'><strong>in</strong></span> <span class='ocrx_word' id='word_1_236' title='bbox 1028 2285 1175 2340; x_wconf 82' lang='lat' dir='ltr'><strong>Erechthei</strong></span> <span class='ocrx_word' id='word_1_237' title='bbox 1196 2286 1274 2352; x_wconf 86' lang='lat' dir='ltr'><strong>aede,</strong></span> 
     </span>
     <span class='ocr_line' id='line_1_23' title="bbox 136 2369 1274 2442; baseline -0.003 -17"><span class='ocrx_word' id='word_1_238' title='bbox 136 2390 217 2442; x_wconf 90' lang='lat' dir='ltr'><strong>quam</strong></span> <span class='ocrx_word' id='word_1_239' title='bbox 231 2373 258 2424; x_wconf 93' lang='lat' dir='ltr'><strong>in</strong></span> <span class='ocrx_word' id='word_1_240' title='bbox 275 2372 390 2424; x_wconf 82' lang='lat' dir='ltr'><strong>alterius</strong></span> <span class='ocrx_word' id='word_1_241' title='bbox 410 2371 487 2424; x_wconf 86' lang='lat' dir='ltr'><strong>aedis</strong></span> <span class='ocrx_word' id='word_1_242' title='bbox 502 2372 564 2424; x_wconf 93' lang='lat' dir='ltr'><strong>huic</strong></span> <span class='ocrx_word' id='word_1_243' title='bbox 582 2369 704 2422; x_wconf 84' lang='lat' dir='ltr'><strong>adiectae</strong></span> <span class='ocrx_word' id='word_1_244' title='bbox 724 2377 816 2439; x_wconf 86' lang='lat' dir='ltr'><strong>parte,</strong></span> <span class='ocrx_word' id='word_1_245' title='bbox 837 2371 864 2424; x_wconf 93' lang='lat' dir='ltr'><strong>in</strong></span> <span class='ocrx_word' id='word_1_246' title='bbox 882 2371 1024 2424; x_wconf 83' lang='lat' dir='ltr'><strong>Minervae</strong></span> <span class='ocrx_word' id='word_1_247' title='bbox 1040 2371 1161 2424; x_wconf 88' lang='lat' dir='ltr'><strong>Poliadis</strong></span> <span class='ocrx_word' id='word_1_248' title='bbox 1184 2388 1274 2424; x_wconf 87' lang='lat' dir='ltr'><strong>sacra-</strong></span> 
     </span>
     <span class='ocr_line' id='line_1_24' title="bbox 137 2447 1274 2528; baseline -0.003 -19"><span class='ocrx_word' id='word_1_249' title='bbox 137 2457 178 2510; x_wconf 92' lang='lat' dir='ltr'><strong>rio</strong></span> <span class='ocrx_word' id='word_1_250' title='bbox 199 2475 273 2510; x_wconf 83' lang='lat' dir='ltr'><strong>more</strong></span> <span class='ocrx_word' id='word_1_251' title='bbox 294 2449 445 2526; x_wconf 75' lang='grc' dir='ltr'><strong>(θάλασσα,</strong></span> <span class='ocrx_word' id='word_1_252' title='bbox 467 2457 526 2508; x_wconf 85' lang='lat' dir='ltr'><strong>slve</strong></span> <span class='ocrx_word' id='word_1_253' title='bbox 549 2461 580 2508; x_wconf 93' lang='lat' dir='ltr'><strong>ut</strong></span> <span class='ocrx_word' id='word_1_254' title='bbox 601 2453 754 2509; x_wconf 76' lang='lat' dir='ltr'><strong>Pausanias</strong></span> <span class='ocrx_word' id='word_1_255' title='bbox 776 2455 887 2522; x_wconf 84' lang='lat' dir='ltr'><strong>scribit,</strong></span> <span class='ocrx_word' id='word_1_256' title='bbox 909 2447 985 2526; x_wconf 71' lang='grc' dir='ltr'><strong>ὕδωρ</strong></span> <span class='ocrx_word' id='word_1_257' title='bbox 1013 2450 1181 2528; x_wconf 78' lang='grc' dir='ltr'><strong>θαλάσσιον)</strong></span> <span class='ocrx_word' id='word_1_258' title='bbox 1212 2457 1274 2522; x_wconf 84' lang='lat' dir='ltr'><strong>fuit,</strong></span> 
     </span>
    </p>
   </div>
   <div class='ocr_carea' id='block_1_3' title="bbox 34 2537 1275 2610">
    <p class='ocr_par' dir='ltr' id='par_1_3' title="bbox 34 2537 1275 2610">
     <span class='ocr_line' id='line_1_25' title="bbox 34 2537 1275 2610; baseline 0.001 -17"><span class='ocrx_word' id='word_1_259' title='bbox 34 2593 38 2602; x_wconf 83' lang='grc'><strong>,</strong></span> <span class='ocrx_word' id='word_1_260' title='bbox 137 2541 262 2610; x_wconf 85' lang='lat' dir='ltr'><strong>idemque</strong></span> <span class='ocrx_word' id='word_1_261' title='bbox 288 2539 367 2593; x_wconf 89' lang='lat' dir='ltr'><strong>etiam</strong></span> <span class='ocrx_word' id='word_1_262' title='bbox 391 2559 451 2593; x_wconf 91' lang='lat' dir='ltr'><strong>mox</strong></span> <span class='ocrx_word' id='word_1_263' title='bbox 469 2541 563 2608; x_wconf 81' lang='grc'><strong>(1,27.</strong></span> <span class='ocrx_word' id='word_1_264' title='bbox 582 2541 598 2602; x_wconf 77' lang='lat' dir='ltr'><strong><em>S</em></strong></span> <span class='ocrx_word' id='word_1_265' title='bbox 616 2541 643 2606; x_wconf 80' lang='lat'><strong>2)</strong></span> <span class='ocrx_word' id='word_1_266' title='bbox 671 2537 704 2591; x_wconf 88' lang='lat' dir='ltr'><strong>de</strong></span> <span class='ocrx_word' id='word_1_267' title='bbox 721 2542 779 2593; x_wconf 85' lang='lat' dir='ltr'><strong>oleo</strong></span> <span class='ocrx_word' id='word_1_268' title='bbox 795 2539 950 2608; x_wconf 85' lang='lat' dir='ltr'><strong>sicrelert,</strong></span> <span class='ocrx_word' id='word_1_269' title='bbox 975 2547 1006 2594; x_wconf 93' lang='lat' dir='ltr'><strong>ut</strong></span> <span class='ocrx_word' id='word_1_270' title='bbox 1025 2543 1053 2594; x_wconf 93' lang='lat' dir='ltr'><strong>in</strong></span> <span class='ocrx_word' id='word_1_271' title='bbox 1070 2539 1192 2594; x_wconf 89' lang='lat' dir='ltr'><strong>eiusdem</strong></span> <span class='ocrx_word' id='word_1_272' title='bbox 1208 2541 1275 2594; x_wconf 87' lang='lat' dir='ltr'><strong>deae</strong></span> 
     </span>
    </p>
   </div>
   <div class='ocr_carea' id='block_1_4' title="bbox 86 2623 1276 3459">
    <p class='ocr_par' dir='ltr' id='par_1_4' title="bbox 86 2623 1276 2950">
     <span class='ocr_line' id='line_1_26' title="bbox 86 2623 1275 2696; baseline 0.001 -18"><span class='ocrx_word' id='word_1_273' title='bbox 86 2652 89 2660; x_wconf 95' lang='lat'><em>·</em></span> <span class='ocrx_word' id='word_1_274' title='bbox 137 2625 205 2678; x_wconf 89' lang='lat' dir='ltr'><strong>cella</strong></span> <span class='ocrx_word' id='word_1_275' title='bbox 219 2625 307 2678; x_wconf 84' lang='lat' dir='ltr'><strong>fuisse</strong></span> <span class='ocrx_word' id='word_1_276' title='bbox 323 2625 499 2695; x_wconf 79' lang='lat' dir='ltr'><strong>perhibeatur</strong></span> <span class='ocrx_word' id='word_1_277' title='bbox 515 2623 685 2696; x_wconf 81' lang='lat' dir='ltr'><strong>(vid.Leale</strong></span> <span class='ocrx_word' id='word_1_278' title='bbox 706 2623 723 2676; x_wconf 92' lang='lat' dir='ltr'><strong>l.</strong></span> <span class='ocrx_word' id='word_1_279' title='bbox 739 2623 757 2680; x_wconf 93' lang='lat' dir='ltr'><strong>l.</strong></span> <span class='ocrx_word' id='word_1_280' title='bbox 775 2643 803 2695; x_wconf 85' lang='lat' dir='ltr'><strong>p.</strong></span> <span class='ocrx_word' id='word_1_281' title='bbox 820 2629 879 2692; x_wconf 76' lang='lat'><strong>244,</strong></span> <span class='ocrx_word' id='word_1_282' title='bbox 896 2624 1010 2679; x_wconf 76' lang='lat' dir='ltr'><strong>Miller:</strong></span> <span class='ocrx_word' id='word_1_283' title='bbox 1026 2625 1125 2680; x_wconf 89' lang='lat' dir='ltr'><strong>Kleine</strong></span> <span class='ocrx_word' id='word_1_284' title='bbox 1143 2627 1275 2680; x_wconf 85' lang='lat' dir='ltr'><strong>deutsche</strong></span> 
     </span>
     <span class='ocr_line' id='line_1_27' title="bbox 136 2709 1273 2780; baseline 0.001 -17"><span class='ocrx_word' id='word_1_285' title='bbox 136 2710 247 2767; x_wconf 76' lang='lat' dir='ltr'><strong>schrift.</strong></span> <span class='ocrx_word' id='word_1_286' title='bbox 264 2709 301 2762; x_wconf 86' lang='lat'><strong>11.</strong></span> <span class='ocrx_word' id='word_1_287' title='bbox 318 2727 344 2773; x_wconf 86' lang='lat' dir='ltr'><strong>p.</strong></span> <span class='ocrx_word' id='word_1_288' title='bbox 363 2713 440 2780; x_wconf 78' lang='lat'><strong>143);</strong></span> <span class='ocrx_word' id='word_1_289' title='bbox 456 2711 485 2763; x_wconf 91' lang='lat' dir='ltr'><strong>in</strong></span> <span class='ocrx_word' id='word_1_290' title='bbox 500 2711 669 2776; x_wconf 79' lang='lat' dir='ltr'><strong>Pandroseo,</strong></span> <span class='ocrx_word' id='word_1_291' title='bbox 685 2709 759 2778; x_wconf 91' lang='lat' dir='ltr'><strong>quod</strong></span> <span class='ocrx_word' id='word_1_292' title='bbox 775 2709 933 2780; x_wconf 80' lang='lat' dir='ltr'><strong>contiguum</strong></span> <span class='ocrx_word' id='word_1_293' title='bbox 946 2717 1007 2764; x_wconf 90' lang='lat' dir='ltr'><strong>erat</strong></span> <span class='ocrx_word' id='word_1_294' title='bbox 1022 2711 1105 2765; x_wconf 84' lang='lat' dir='ltr'><strong>cellae</strong></span> <span class='ocrx_word' id='word_1_295' title='bbox 1120 2711 1273 2778; x_wconf 84' lang='lat' dir='ltr'><strong>Minervae,</strong></span> 
     </span>
     <span class='ocr_line' id='line_1_28' title="bbox 136 2793 1276 2868; baseline 0.002 -20"><span class='ocrx_word' id='word_1_296' title='bbox 136 2795 220 2849; x_wconf 85' lang='lat' dir='ltr'><strong>oleam</strong></span> <span class='ocrx_word' id='word_1_297' title='bbox 237 2794 326 2848; x_wconf 85' lang='lat' dir='ltr'><strong>fuisse</strong></span> <span class='ocrx_word' id='word_1_298' title='bbox 340 2801 460 2848; x_wconf 89' lang='lat' dir='ltr'><strong>testatur</strong></span> <span class='ocrx_word' id='word_1_299' title='bbox 479 2795 637 2866; x_wconf 79' lang='lat' dir='ltr'><strong>Apollodor.</strong></span> <span class='ocrx_word' id='word_1_300' title='bbox 658 2793 708 2863; x_wconf 90' lang='lat' dir='ltr'><strong>III,</strong></span> <span class='ocrx_word' id='word_1_301' title='bbox 727 2798 767 2848; x_wconf 93' lang='grc'><strong>14.</strong></span> <span class='ocrx_word' id='word_1_302' title='bbox 784 2799 831 2860; x_wconf 80' lang='lat'><strong>§3</strong></span> <span class='ocrx_word' id='word_1_303' title='bbox 856 2795 975 2868; x_wconf 90' lang='lat' dir='ltr'><strong>itemque</strong></span> <span class='ocrx_word' id='word_1_304' title='bbox 997 2795 1177 2851; x_wconf 86' lang='lat' dir='ltr'><strong>Philochorus</strong></span> <span class='ocrx_word' id='word_1_305' title='bbox 1202 2797 1276 2868; x_wconf 88' lang='lat' dir='ltr'><strong>apud</strong></span> 
     </span>
     <span class='ocr_line' id='line_1_29' title="bbox 136 2879 849 2950; baseline 0.001 -17"><span class='ocrx_word' id='word_1_306' title='bbox 136 2881 251 2948; x_wconf 86' lang='lat' dir='ltr'><strong>Dionys.</strong></span> <span class='ocrx_word' id='word_1_307' title='bbox 269 2879 457 2935; x_wconf 78' lang='lat' dir='ltr'><strong>Halicarnaso.</strong></span> <span class='ocrx_word' id='word_1_308' title='bbox 473 2881 507 2934; x_wconf 91' lang='lat' dir='ltr'><strong>de</strong></span> <span class='ocrx_word' id='word_1_309' title='bbox 521 2879 652 2936; x_wconf 88' lang='lat' dir='ltr'><strong>Dinarcb.</strong></span> <span class='ocrx_word' id='word_1_310' title='bbox 668 2881 692 2934; x_wconf 84' lang='lat'><strong>3.</strong></span> <span class='ocrx_word' id='word_1_311' title='bbox 709 2897 771 2950; x_wconf 84' lang='lat' dir='ltr'><strong>pag.</strong></span> <span class='ocrx_word' id='word_1_312' title='bbox 788 2883 849 2936; x_wconf 84' lang='grc'><strong>638.</strong></span> 
     </span>
    </p>

    <p class='ocr_par' dir='ltr' id='par_1_5' title="bbox 135 2963 1276 3459">
     <span class='ocr_line' id='line_1_30' title="bbox 220 2963 1276 3038; baseline 0.004 -21"><span class='ocrx_word' id='word_1_313' title='bbox 220 2963 276 3018; x_wconf 77' lang='lat' dir='ltr'><strong>Sed</strong></span> <span class='ocrx_word' id='word_1_314' title='bbox 292 2965 357 3018; x_wconf 91' lang='lat' dir='ltr'><strong>haec</strong></span> <span class='ocrx_word' id='word_1_315' title='bbox 374 2966 514 3035; x_wconf 87' lang='lat' dir='ltr'><strong>pertinere</strong></span> <span class='ocrx_word' id='word_1_316' title='bbox 528 2972 656 3036; x_wconf 86' lang='lat' dir='ltr'><strong>putamus</strong></span> <span class='ocrx_word' id='word_1_317' title='bbox 672 2965 706 3017; x_wconf 90' lang='lat' dir='ltr'><strong>ad</strong></span> <span class='ocrx_word' id='word_1_318' title='bbox 725 2965 792 3019; x_wconf 93' lang='lat' dir='ltr'><strong>illud</strong></span> <span class='ocrx_word' id='word_1_319' title='bbox 805 2965 941 3037; x_wconf 88' lang='lat' dir='ltr'><strong>templum,</strong></span> <span class='ocrx_word' id='word_1_320' title='bbox 960 2965 1034 3038; x_wconf 90' lang='lat' dir='ltr'><strong>quod</strong></span> <span class='ocrx_word' id='word_1_321' title='bbox 1056 2967 1119 3020; x_wconf 88' lang='lat' dir='ltr'><strong>belli</strong></span> <span class='ocrx_word' id='word_1_322' title='bbox 1138 2967 1276 3037; x_wconf 91' lang='lat' dir='ltr'><strong>Pelopon·</strong></span> 
     </span>
     <span class='ocr_line' id='line_1_31' title="bbox 136 3049 1275 3121; baseline 0.002 -18"><span class='ocrx_word' id='word_1_323' title='bbox 136 3049 238 3104; x_wconf 86' lang='lat' dir='ltr'><strong>nesiaci</strong></span> <span class='ocrx_word' id='word_1_324' title='bbox 253 3050 422 3120; x_wconf 84' lang='lat' dir='ltr'><strong>temporibus</strong></span> <span class='ocrx_word' id='word_1_325' title='bbox 435 3051 541 3104; x_wconf 85' lang='lat' dir='ltr'><strong>exstrui</strong></span> <span class='ocrx_word' id='word_1_326' title='bbox 558 3055 682 3121; x_wconf 89' lang='lat' dir='ltr'><strong>coeptum</strong></span> <span class='ocrx_word' id='word_1_327' title='bbox 695 3051 774 3104; x_wconf 90' lang='lat' dir='ltr'><strong>modo</strong></span> <span class='ocrx_word' id='word_1_328' title='bbox 792 3053 917 3118; x_wconf 84' lang='lat' dir='ltr'><strong>diximus,</strong></span> <span class='ocrx_word' id='word_1_329' title='bbox 936 3051 1077 3105; x_wconf 88' lang='lat' dir='ltr'><strong>Herodoto</strong></span> <span class='ocrx_word' id='word_1_330' title='bbox 1093 3052 1166 3104; x_wconf 88' lang='lat' dir='ltr'><strong>haud</strong></span> <span class='ocrx_word' id='word_1_331' title='bbox 1182 3053 1275 3120; x_wconf 80' lang='lat' dir='ltr'><strong>cogni—</strong></span> 
     </span>
     <span class='ocr_line' id='line_1_32' title="bbox 135 3135 1274 3206; baseline 0.003 -19"><span class='ocrx_word' id='word_1_332' title='bbox 135 3143 206 3205; x_wconf 73' lang='lat' dir='ltr'><strong>tum,</strong></span> <span class='ocrx_word' id='word_1_333' title='bbox 228 3135 308 3188; x_wconf 89' lang='lat' dir='ltr'><strong>cuius</strong></span> <span class='ocrx_word' id='word_1_334' title='bbox 330 3136 480 3188; x_wconf 86' lang='lat' dir='ltr'><strong>auctoritas</strong></span> <span class='ocrx_word' id='word_1_335' title='bbox 502 3137 544 3188; x_wconf 92' lang='lat' dir='ltr'><strong>his</strong></span> <span class='ocrx_word' id='word_1_336' title='bbox 563 3141 691 3205; x_wconf 87' lang='lat' dir='ltr'><strong>posterae</strong></span> <span class='ocrx_word' id='word_1_337' title='bbox 715 3137 813 3190; x_wconf 83' lang='lat' dir='ltr'><strong>aetatis</strong></span> <span class='ocrx_word' id='word_1_338' title='bbox 829 3137 993 3190; x_wconf 85' lang='lat' dir='ltr'><strong>testimoniis</strong></span> <span class='ocrx_word' id='word_1_339' title='bbox 1013 3137 1085 3190; x_wconf 89' lang='lat' dir='ltr'><strong>haud</strong></span> <span class='ocrx_word' id='word_1_340' title='bbox 1101 3137 1274 3206; x_wconf 78' lang='lat' dir='ltr'><strong>infringitur,</strong></span> 
     </span>
     <span class='ocr_line' id='line_1_33' title="bbox 135 3219 1274 3290; baseline 0.002 -18"><span class='ocrx_word' id='word_1_341' title='bbox 135 3221 159 3273; x_wconf 90' lang='lat' dir='ltr'><strong>si</strong></span> <span class='ocrx_word' id='word_1_342' title='bbox 177 3220 235 3273; x_wconf 87' lang='lat' dir='ltr'><strong>oles</strong></span> <span class='ocrx_word' id='word_1_343' title='bbox 251 3227 278 3273; x_wconf 92' lang='lat' dir='ltr'><strong>et</strong></span> <span class='ocrx_word' id='word_1_344' title='bbox 292 3237 382 3286; x_wconf 88' lang='lat' dir='ltr'><strong>mare,</strong></span> <span class='ocrx_word' id='word_1_345' title='bbox 404 3220 484 3272; x_wconf 90' lang='lat' dir='ltr'><strong>cuius</strong></span> <span class='ocrx_word' id='word_1_346' title='bbox 503 3219 580 3273; x_wconf 90' lang='lat' dir='ltr'><strong>locus</strong></span> <span class='ocrx_word' id='word_1_347' title='bbox 602 3222 681 3290; x_wconf 90' lang='lat' dir='ltr'><strong>prius</strong></span> <span class='ocrx_word' id='word_1_348' title='bbox 701 3221 728 3272; x_wconf 92' lang='lat' dir='ltr'><strong>in</strong></span> <span class='ocrx_word' id='word_1_349' title='bbox 746 3221 891 3274; x_wconf 88' lang='lat' dir='ltr'><strong>Erechthei</strong></span> <span class='ocrx_word' id='word_1_350' title='bbox 914 3222 981 3274; x_wconf 87' lang='lat' dir='ltr'><strong>aede</strong></span> <span class='ocrx_word' id='word_1_351' title='bbox 1002 3221 1069 3287; x_wconf 83' lang='lat' dir='ltr'><strong>luit,</strong></span> <span class='ocrx_word' id='word_1_352' title='bbox 1086 3227 1198 3290; x_wconf 90' lang='lat' dir='ltr'><strong>postea,</strong></span> <span class='ocrx_word' id='word_1_353' title='bbox 1215 3239 1274 3274; x_wconf 92' lang='lat' dir='ltr'><strong>cum</strong></span> 
     </span>
     <span class='ocr_line' id='line_1_34' title="bbox 136 3303 1274 3376; baseline -0.001 -19"><span class='ocrx_word' id='word_1_354' title='bbox 136 3323 235 3358; x_wconf 83' lang='lat' dir='ltr'><strong>novum</strong></span> <span class='ocrx_word' id='word_1_355' title='bbox 257 3303 385 3374; x_wconf 89' lang='lat' dir='ltr'><strong>templum</strong></span> <span class='ocrx_word' id='word_1_356' title='bbox 400 3303 572 3373; x_wconf 87' lang='lat' dir='ltr'><strong>splendidius</strong></span> <span class='ocrx_word' id='word_1_357' title='bbox 589 3313 789 3376; x_wconf 88' lang='lat' dir='ltr'><strong>exstrueretur,</strong></span> <span class='ocrx_word' id='word_1_358' title='bbox 814 3307 841 3358; x_wconf 92' lang='lat' dir='ltr'><strong>in</strong></span> <span class='ocrx_word' id='word_1_359' title='bbox 863 3306 940 3358; x_wconf 88' lang='lat' dir='ltr'><strong>aliam</strong></span> <span class='ocrx_word' id='word_1_360' title='bbox 960 3305 1037 3358; x_wconf 83' lang='lat' dir='ltr'><strong>aedis</strong></span> <span class='ocrx_word' id='word_1_361' title='bbox 1053 3305 1199 3358; x_wconf 90' lang='lat' dir='ltr'><strong>adiunctae</strong></span> <span class='ocrx_word' id='word_1_362' title='bbox 1221 3305 1274 3358; x_wconf 93' lang='lat' dir='ltr'><strong>cel·</strong></span> 
     </span>
     <span class='ocr_line' id='line_1_35' title="bbox 135 3388 1273 3459; baseline 0.001 -18"><span class='ocrx_word' id='word_1_363' title='bbox 135 3389 186 3443; x_wconf 90' lang='lat' dir='ltr'><strong>lam</strong></span> <span class='ocrx_word' id='word_1_364' title='bbox 204 3389 424 3443; x_wconf 78' lang='lat' dir='ltr'><strong>transferebatur</strong></span> <span class='ocrx_word' id='word_1_365' title='bbox 445 3389 538 3458; x_wconf 88' lang='lat' dir='ltr'><strong>ibique</strong></span> <span class='ocrx_word' id='word_1_366' title='bbox 551 3388 706 3442; x_wconf 86' lang='lat' dir='ltr'><strong>Pausaniae</strong></span> <span class='ocrx_word' id='word_1_367' title='bbox 727 3397 817 3443; x_wconf 88' lang='lat' dir='ltr'><strong>aetate</strong></span> <span class='ocrx_word' id='word_1_368' title='bbox 838 3391 1012 3443; x_wconf 85' lang='lat' dir='ltr'><strong>cernebatur.</strong></span> <span class='ocrx_word' id='word_1_369' title='bbox 1043 3390 1170 3459; x_wconf 88' lang='lat' dir='ltr'><strong>Namque</strong></span> <span class='ocrx_word' id='word_1_370' title='bbox 1184 3390 1273 3442; x_wconf 87' lang='lat' dir='ltr'><strong>Hero-</strong></span> 
     </span>
    </p>
   </div>
   <div class='ocr_carea' id='block_1_5' title="bbox 134 3465 1364 3543">
    <p class='ocr_par' dir='ltr' id='par_1_6' title="bbox 134 3465 1364 3543">
     <span class='ocr_line' id='line_1_36' title="bbox 134 3465 1364 3543; baseline -0.002 -15"><span class='ocrx_word' id='word_1_371' title='bbox 134 3476 226 3528; x_wconf 84' lang='lat' dir='ltr'><strong>dotum</strong></span> <span class='ocrx_word' id='word_1_372' title='bbox 240 3475 329 3528; x_wconf 88' lang='lat' dir='ltr'><strong>minus</strong></span> <span class='ocrx_word' id='word_1_373' title='bbox 346 3479 474 3526; x_wconf 88' lang='lat' dir='ltr'><strong>accurate</strong></span> <span class='ocrx_word' id='word_1_374' title='bbox 489 3474 637 3542; x_wconf 85' lang='lat' dir='ltr'><strong>scripsisse</strong></span> <span class='ocrx_word' id='word_1_375' title='bbox 652 3481 734 3543; x_wconf 86' lang='lat' dir='ltr'><strong>atque</strong></span> <span class='ocrx_word' id='word_1_376' title='bbox 752 3475 899 3527; x_wconf 85' lang='lat' dir='ltr'><strong>Erechthei</strong></span> <span class='ocrx_word' id='word_1_377' title='bbox 915 3475 1007 3528; x_wconf 89' lang='lat' dir='ltr'><strong>aedem</strong></span> <span class='ocrx_word' id='word_1_378' title='bbox 1024 3491 1082 3526; x_wconf 88' lang='lat' dir='ltr'><strong>cum</strong></span> <span class='ocrx_word' id='word_1_379' title='bbox 1097 3473 1218 3540; x_wconf 82' lang='lat' dir='ltr'><strong>diceret,</strong></span> <span class='ocrx_word' id='word_1_380' title='bbox 1232 3474 1274 3526; x_wconf 87' lang='lat' dir='ltr'><strong>in·</strong></span> <span class='ocrx_word' id='word_1_381' title='bbox 1361 3465 1364 3472; x_wconf 74' lang='grc'><strong>’</strong></span> 
     </span>
    </p>
   </div>
   <div class='ocr_carea' id='block_1_6' title="bbox 134 3557 1274 3885">
    <p class='ocr_par' dir='ltr' id='par_1_7' title="bbox 134 3557 1274 3885">
     <span class='ocr_line' id='line_1_37' title="bbox 134 3557 1274 3624; baseline 0 -12"><span class='ocrx_word' id='word_1_382' title='bbox 134 3559 274 3613; x_wconf 88' lang='lat' dir='ltr'><strong>tellexisse</strong></span> <span class='ocrx_word' id='word_1_383' title='bbox 296 3558 388 3613; x_wconf 89' lang='lat' dir='ltr'><strong>cellam</strong></span> <span class='ocrx_word' id='word_1_384' title='bbox 403 3558 545 3612; x_wconf 83' lang='lat' dir='ltr'><strong>Minervae</strong></span> <span class='ocrx_word' id='word_1_385' title='bbox 559 3557 697 3624; x_wconf 88' lang='lat' dir='ltr'><strong>Poliadis,</strong></span> <span class='ocrx_word' id='word_1_386' title='bbox 725 3557 806 3611; x_wconf 90' lang='lat' dir='ltr'><strong>cuius</strong></span> <span class='ocrx_word' id='word_1_387' title='bbox 827 3559 909 3612; x_wconf 89' lang='lat' dir='ltr'><strong>sedes</strong></span> <span class='ocrx_word' id='word_1_388' title='bbox 926 3559 1055 3612; x_wconf 81' lang='lat' dir='ltr'><strong>adiuncta</strong></span> <span class='ocrx_word' id='word_1_389' title='bbox 1072 3563 1146 3624; x_wconf 87' lang='lat' dir='ltr'><strong>erat,</strong></span> <span class='ocrx_word' id='word_1_390' title='bbox 1170 3565 1201 3610; x_wconf 93' lang='lat' dir='ltr'><strong>ut</strong></span> <span class='ocrx_word' id='word_1_391' title='bbox 1216 3577 1274 3612; x_wconf 90' lang='lat' dir='ltr'><strong>cre·</strong></span> 
     </span>
     <span class='ocr_line' id='line_1_38' title="bbox 134 3642 1273 3715; baseline -0.002 -17"><span class='ocrx_word' id='word_1_392' title='bbox 134 3645 203 3712; x_wconf 87' lang='lat' dir='ltr'><strong>dam,</strong></span> <span class='ocrx_word' id='word_1_393' title='bbox 216 3663 232 3697; x_wconf 88' lang='lat' dir='ltr'><strong>a</strong></span> <span class='ocrx_word' id='word_1_394' title='bbox 244 3662 285 3698; x_wconf 90' lang='lat' dir='ltr'><strong>me</strong></span> <span class='ocrx_word' id='word_1_395' title='bbox 299 3645 444 3715; x_wconf 85' lang='lat' dir='ltr'><strong>impetrare</strong></span> <span class='ocrx_word' id='word_1_396' title='bbox 457 3661 572 3715; x_wconf 92' lang='lat' dir='ltr'><strong>nequeo.</strong></span> <span class='ocrx_word' id='word_1_397' title='bbox 588 3643 632 3694; x_wconf 90' lang='lat' dir='ltr'><strong>Tu</strong></span> <span class='ocrx_word' id='word_1_398' title='bbox 644 3643 716 3696; x_wconf 87' lang='lat' dir='ltr'><strong>conl.</strong></span> <span class='ocrx_word' id='word_1_399' title='bbox 729 3643 808 3696; x_wconf 91' lang='lat' dir='ltr'><strong>etiam</strong></span> <span class='ocrx_word' id='word_1_400' title='bbox 820 3643 978 3697; x_wconf 78' lang='lat' dir='ltr'><strong>Millerume</strong></span> <span class='ocrx_word' id='word_1_401' title='bbox 991 3645 1032 3696; x_wconf 90' lang='lat' dir='ltr'><strong>De</strong></span> <span class='ocrx_word' id='word_1_402' title='bbox 1041 3644 1159 3696; x_wconf 83' lang='lat' dir='ltr'><strong>Minerv.</strong></span> <span class='ocrx_word' id='word_1_403' title='bbox 1168 3642 1273 3696; x_wconf 88' lang='lat' dir='ltr'><strong>Poliad.</strong></span> 
     </span>
     <span class='ocr_line' id='line_1_39' title="bbox 134 3723 1274 3800; baseline 0 -18"><span class='ocrx_word' id='word_1_404' title='bbox 134 3749 161 3800; x_wconf 95' lang='lat' dir='ltr'><strong>p.</strong></span> <span class='ocrx_word' id='word_1_405' title='bbox 179 3734 233 3798; x_wconf 76' lang='lat'><strong>22,</strong></span> <span class='ocrx_word' id='word_1_406' title='bbox 248 3729 344 3782; x_wconf 82' lang='lat' dir='ltr'><strong>Stuart</strong></span> <span class='ocrx_word' id='word_1_407' title='bbox 366 3739 394 3782; x_wconf 93' lang='lat' dir='ltr'><strong>et</strong></span> <span class='ocrx_word' id='word_1_408' title='bbox 414 3729 515 3782; x_wconf 83' lang='lat' dir='ltr'><strong>llcvett</strong></span> <span class='ocrx_word' id='word_1_409' title='bbox 529 3727 688 3782; x_wconf 80' lang='lat' dir='ltr'><strong>Alterthtim.</strong></span> <span class='ocrx_word' id='word_1_410' title='bbox 711 3728 732 3784; x_wconf 95' lang='lat' dir='ltr'><strong>I.</strong></span> <span class='ocrx_word' id='word_1_411' title='bbox 751 3746 814 3798; x_wconf 82' lang='lat' dir='ltr'><strong>pag.</strong></span> <span class='ocrx_word' id='word_1_412' title='bbox 831 3733 891 3782; x_wconf 82' lang='grc'><strong>472.</strong></span> <span class='ocrx_word' id='word_1_413' title='bbox 912 3731 972 3796; x_wconf 88' lang='grc'><strong>581,</strong></span> <span class='ocrx_word' id='word_1_414' title='bbox 989 3723 1090 3784; x_wconf 75' lang='grc' dir='ltr'>ΒοιιΙόι</span> <span class='ocrx_word' id='word_1_415' title='bbox 1105 3727 1274 3800; x_wconf 81' lang='lat' dir='ltr'><strong>L&#39;hcropole</strong></span> 
     </span>
     <span class='ocr_line' id='line_1_40' title="bbox 135 3814 615 3885; baseline 0 -17"><span class='ocrx_word' id='word_1_416' title='bbox 135 3816 263 3870; x_wconf 80' lang='lat' dir='ltr'><strong>d&#39;Atnen.</strong></span> <span class='ocrx_word' id='word_1_417' title='bbox 278 3815 314 3876; x_wconf 85' lang='grc' dir='ltr'><strong>ΙΙ,</strong></span> <span class='ocrx_word' id='word_1_418' title='bbox 330 3833 393 3885; x_wconf 82' lang='lat' dir='ltr'><strong>pag.</strong></span> <span class='ocrx_word' id='word_1_419' title='bbox 411 3817 462 3870; x_wconf 76' lang='lat'><strong>‘232</strong></span> <span class='ocrx_word' id='word_1_420' title='bbox 477 3832 537 3884; x_wconf 88' lang='lat' dir='ltr'><strong>seq.</strong></span> <span class='ocrx_word' id='word_1_421' title='bbox 554 3814 615 3868; x_wconf 76' lang='grc'><strong>248.</strong></span> 
     </span>
    </p>
   </div>
   <div class='ocr_carea' id='block_1_7' title="bbox 0 0 1538 4964">
    <p class='ocr_par' dir='ltr' id='par_1_8' title="bbox 0 0 1538 4964">
     <span class='ocr_line' id='line_1_41' title="bbox 0 0 1538 4964; baseline 0 0"><span class='ocrx_word' id='word_1_422' title='bbox 0 0 1538 4964; x_wconf 95' lang='lat' dir='ltr'><strong> </strong></span> 
     </span>
    </p>
   </div>
  </div>
 </body>
</html>
