2980 4978
320 446 378 506 DE
403 445 504 504 Vl'l'A
526 445 582 504 ΕΤ
602 443 794 506 SCRIP'PIS
816 445 1050 505 HERODOTI.
1191 453 1252 514 487

120 617 178 672 olim
193 617 246 670 luit
259 615 456 686 archiepiscopi
472 615 687 684 Ceutuerensis,
704 633 778 670 nunc
793 615 987 686 Centobriqiee
1001 625 1146 686 servatus,
1172 621 1251 674 cuius

119 703 287 756 collationem
303 702 367 756 Ant.
377 701 487 754 Askew.
503 718 581 754 manu
598 702 695 754 luctum
709 707 852 772 occeperat
865 701 1084 772 Wesselingius,
1102 703 1194 758 addito
1207 725 1251 758 co-

117 787 227 842 rulleuio
243 786 377 856 exipsius
393 785 503 840 Askew.
517 787 620 840 Codice
634 788 776 840 cbertuoeo
790 803 922 840 annorum
936 785 1157 857 quingentorum,
1176 793 1249 860 „pri-

116 891 190 928 more
208 871 316 942 quidem
331 871 429 924 blusee
443 871 544 942 primee
560 877 638 942 purte
651 889 745 926 munco
763 871 813 924 sed
827 872 939 942 perutili
947 875 975 940 ,“
1000 880 1031 925 ut
1046 873 1085 926 eit
1099 875 1250 928 Wesselin·

116 959 194 1028 gius,
217 957 265 1027 qui
285 956 367 1010 buius
388 955 450 1010 libri
466 955 598 1010 lectiones
614 958 722 1012 Artemii
735 956 801 1028 (K.)
816 955 931 1010 ulterius
946 956 1052 1011 numine
1067 961 1178 1014 Arelsiue
1192 961 1251 1031 (S.)

117 1042 248 1098 enotavit.
285 1040 376 1110 Atque
393 1041 465 1093 bunc
476 1041 591 1094 chbioe
607 1059 630 1094 s.
645 1041 784 1094 Suncrolti
798 1040 894 1094 librum
911 1043 1008 1096 iterum
1023 1051 1120 1112 posteo
1135 1044 1251 1113 diligen-

118 1127 221 1182 tissime
240 1129 268 1179 et
289 1125 494 1178 accuratissime
514 1125 630 1178 contulit
645 1126 787 1179 Geisiord.
824 1126 912 1194 „lude
927 1129 1026 1180 luctum
1044 1135 1101 1200 est,
1126 1129 1166 1181 eit
1181 1130 1251 1184 idem

117 1210 259 1266 Geisl'ord.
270 1209 392 1263 Pruefot.
405 1228 432 1280 p.
443 1208 555 1262 XXXVI
571 1211 613 1264 ed.
625 1211 721 1282 Lips,
737 1219 768 1263 ut
782 1229 836 1264 nou
853 1213 930 1264 modo
943 1221 1033 1266 erretu
1047 1214 1178 1284 quaedem
1191 1233 1250 1267 cor-

118 1297 224 1366 rigere,
247 1295 296 1348 sed
312 1301 343 1348 ut
357 1294 489 1348 lectiones
504 1295 575 1348 baud
589 1313 690 1366 peuces
704 1297 836 1350 hactenus
851 1297 966 1350 emisses
982 1315 1041 1351 cum
1056 1299 1166 1368 publico
1180 1317 1251 1352 com-

119 1381 255 1436 municare
270 1380 414 1450 potuerim.
453 1379 538 1434 Plurs
553 1380 587 1434 de
601 1381 652 1434 buc
670 1381 762 1434 codice
778 1381 932 1434 edisserere
947 1382 1013 1436 nibil
1029 1383 1137 1438 attinet.
1173 1384 1252 1438 Licet

118 1467 187 1520 enim
198 1463 330 1536 permulto
344 1482 417 1518 nuuc
428 1464 602 1534 protulerim,
620 1482 736 1536 quorum
746 1465 847 1518 iudicio
861 1466 921 1518 eius
931 1467 1038 1520 indoles
1052 1468 1155 1522 certius
1171 1487 1250 1540 quum

118 1558 197 1604 entes
211 1551 382 1617 innotescet,
405 1549 474 1604 setis
485 1557 574 1604 temen
592 1557 714 1604 correcte
729 1551 762 1602 de
779 1550 838 1602 eius
853 1552 1023 1620 praestantis
1036 1552 1173 1606 iudicasse
1187 1555 1250 1606 mibi

120 1635 246 1690 videntur
259 1635 311 1688 viri
325 1635 435 1688 cruditi.
472 1635 563 1706 Atque
577 1635 660 1688 istius
674 1635 782 1706 quidem
794 1635 896 1688 codicis
912 1653 964 1706 ope
980 1653 1033 1690 une
1048 1654 1108 1690 cum
1124 1637 1250 1692 lectioni.

117 1722 169 1774 bus
189 1719 303 1774 eliorum
323 1720 444 1772 codicum
464 1718 527 1790 plus
550 1720 675 1774 minusve
700 1721 846 1789 diligenter
865 1721 1001 1792 excerptis
1023 1723 1108 1775 verbu
1128 1725 1249 1776 ouctorie

116 1805 208 1876 sliqus
222 1804 316 1858 sultem
338 1823 371 1858 ex
392 1811 469 1876 purte
488 1805 522 1858 ed
540 1805 672 1858 veriorem
689 1806 852 1875 scripturam
871 1823 1002 1859 revocure
1021 1811 1137 1860 cunutus
1158 1812 1248 1868 sum,“

118 1890 186 1944 Cum
198 1889 321 1944 Mediceo
337 1889 430 1944 codice
447 1889 589 1960 alteroque
604 1889 764 1944 Florentino
780 1889 849 1943 libro
866 1890 937 1944 beud
952 1909 1014 1944 reru
1031 1893 1172 1963 conspiret
1185 1913 1249 1964 pro·

116 1977 219 2048 busque
241 1975 373 2028 lectiones
396 1976 493 2042 effert3
521 1993 571 2028 nec
591 1981 679 2028 tumeo
701 1975 920 2044 antiquissimum
942 1983 970 2028 et
991 1977 1118 2047 optimum
1135 1979 1249 2030 dixerim

115 2060 247 2128 codicem,
271 2065 301 2112 ut
322 2060 411 2129 plecet
431 2060 491 2113 viro
514 2059 594 2112 docto
614 2060 643 2112 in
665 2060 856 2130 premeridd.
879 2060 1004 2114 lenense.
1029 2065 1103 2116 1817.
1129 2067 1247 2116 nr.162.

115 2164 142 2215 p·
157 2148 222 2201 tut:
246 2161 335 2214 neque
352 2144 466 2198 eundem
482 2145 579 2198 librum
593 2161 680 2214 aeque
693 2162 725 2196 ec
739 2145 978 2198 Vindobonensem
1000 2147 1044 2214 „si
1062 2147 1152 2200 minus
1171 2148 1248 2200 cluer-

116 2238 203 2284 terum
220 2230 415 2300 literarumque
438 2235 576 2282 vetustate
598 2237 629 2281 ut
649 2229 794 2282 lectionum
815 2229 927 2282 mirilico
947 2247 1031 2300 suepe
1045 2232 1247 2284 bonitete‘reli-

115 2332 184 2384 quos
204 2313 386 2368 antecedere“
408 2313 587 2366 indicaverim
606 2331 666 2366 cnm
682 2313 788 2366 Steiuio
808 2313 836 2365 in
853 2313 976 2366 Vindice.
992 2315 1114 2368 Herodd.
1131 2316 1247 2386 Specim.

115 2416 177 2468 peg.
193 2403 218 2452 ².
263 2397 389 2468 Namque
407 2398 547 2452 Seuerolti
564 2397 634 2452 liber
657 2415 708 2450 nec
727 2397 988 2468 interpolationibus
1006 2416 1110 2452 vacuus
1135 2407 1179 2452 est
1198 2419 1249 2453 nec

115 2483 219 2536 mendis
235 2481 364 2553 vitiisque
381 2488 456 2536 curet
472 2501 522 2536 uec
541 2499 604 2536 rero
620 2483 701 2536 offert
718 2483 828 2534 lonicee
844 2482 951 2534 dielecti
967 2484 1067 2536 formes
1085 2485 1119 2536 ud
1133 2502 1247 2538 commu-

115 2585 175 2622 nem
190 2585 340 2620 sermouem
356 2567 477 2620 dellexss
494 2567 602 2638 elieque
617 2568 744 2637 praebet,
759 2584 830 2638 quse
845 2567 927 2636 louge
938 2567 1097 2620 interiorem
1109 2569 1248 2622 Suncroiti

114 2653 210 2706 librum
227 2651 378 2705 babendum
391 2670 468 2722 esse,
487 2652 512 2706 si
524 2669 582 2706 cum
595 2652 718 2706 Mediceu
733 2659 781 2704 aut
792 2651 953 2706 Florentino
966 2660 1151 2722 comparetur,
1171 2656 1247 2708 evin·

114 2745 188 2792 cunt.
225 2737 266 2790 nd
278 2736 497 2792 Seueroitienum
518 2738 615 2792 librum
631 2737 751 2806 proxime
764 2736 883 2803 accedit,
910 2737 956 2806 qui
971 2737 1066 2790 iisdem
1088 2740 1145 2792 lere
1161 2741 1247 2794 inter-

113 2823 298 2894 polationibus
315 2822 474 2894 mendisque
491 2823 612 2890 luberet,
635 2823 838 2878 Vindobonener's
854 2822 914 2892 (V.)
937 2822 1045 2892 quidum
1061 2824 1145 2891 liber,
1167 2825 1247 2878 cuius

112 2909 244 2962 lectiones
256 2925 315 2960 cum
326 2908 512 2977 Wesselingio
528 2909 607 2962 fuere
619 2908 838 2976 communicatae,
855 2907 902 2976 qul
914 2907 986 2960 beud
999 2910 1057 2962 scio
1070 2927 1103 2962 en
1119 2911 1153 2962 ud
1167 2927 1247 2964 unum

112 2993 279 3062 eundemque
298 2993 424 3046 sensilium
446 2994 545 3048 reterri
563 2995 677 3061 debest3
705 2993 753 3046 ubi
773 2993 843 3046 enim
868 3010 883 3044 e
904 2992 1045 3062 Mediceo,
1074 2995 1246 3060 Florentino,

111 3078 173 3132 eliis
189 3076 307 3130 discedit
323 3077 463 3132 Ssucrolti
480 3078 565 3146 liber,
590 3095 649 3132 cum
663 3078 871 3130 vindobonensi
887 3077 957 3130 libro
972 3079 1122 3150 conspiret.
1162 3079 1246 3132 Hicce

112 3162 180 3216 liber
203 3178 374 3231 papyraceus
399 3162 509 3216 soeculo
531 3162 594 3215 xlv
614 3163 751 3232 scriptus,
775 3162 802 3214 in
821 3162 990 3216 Bibliotheca
1006 3164 1142 3217 Caesares
1162 3163 1245 3216 Vien-

112 3247 191 3300 nensi
207 3251 381 3313 asservatus,
399 3247 426 3300 in
443 3264 522 3317 quem
539 3264 594 3300 une
611 3264 671 3300 cum
686 3247 778 3300 multis
793 3246 854 3298 eliis
869 3247 1010 3300 codicibus
1026 3249 1092 3302 curti
1107 3248 1245 3316 Sumbuci,

111 3331 158 3400 qui
173 3335 304 3400 quettuor
319 3329 425 3384 ducetis
442 3332 519 3398 emit,
543 3331 635 3385 illutus
650 3339 708 3398 est,
733 3347 806 3383 nunc
821 3331 948 3399 signatus
964 3351 1005 3384 nr.
1023 3331 1176 3399 LXXIV),
1199 3333 1246 3384 ed-

111 3415 217 3468 modum
239 3413 402 3468 recentioris
426 3423 469 3468 est
484 3416 598 3484 aetatis,
622 3415 704 3484 longe
719 3415 835 3468 inferior
850 3415 989 3470 Suncrolti
1010 3417 1094 3480 libro,
1119 3417 1245 3486 aliisque,

111 3517 182 3570 quos
197 3499 401 3566 recensuimus,
418 3500 568 3568 codicibus,
585 3519 635 3554 nec
644 3499 754 3552 multum
771 3501 878 3552 tructus
891 3501 956 3553 inde
968 3501 1001 3552 ed
1013 3502 1097 3554 verbe
1111 3501 1244 3552 Herodoti

110 3585 278 3638 emendenda
292 3585 508 3638 redundaturum
522 3603 582 3638 mox
594 3584 729 3652 intellexi,
746 3601 806 3636 curu
821 3584 938 3638 codicem
953 3585 1041 3654 ipsum
1053 3585 1244 3654 inspexissem.

109 3671 271 3734 Quaerere
289 3669 364 3722 bisce
382 3670 522 3723 codicibus
540 3671 687 3724 communie
708 3669 884 3739 reperiuntur
898 3669 1009 3737 menda,
1032 3687 1064 3722 ee
1078 3669 1244 3739 reliquorum

109 3755 232 3810 codicum
252 3754 341 3808 adbuc
361 3755 532 3824 cognitorum
552 3773 603 3826 ope
619 3755 678 3808 tulli
693 3759 851 3824 nequeunt,
874 3771 934 3807 cum
957 3755 990 3806 ed
1013 3755 1105 3824 priore
1122 3761 1243 3822 tempore

108 3841 250 3912 librosque
274 3839 427 3910 primitivos
450 3841 617 3910 pertineant.
650 3840 689 3892 Et
710 3840 778 3891 bunc
799 3839 833 3890 ob
851 3856 959 3892 cuusam
976 3839 1035 3891 Vol.
1056 3838 1078 3894 1.
1096 3857 1124 3909 p.
1144 3841 1195 3893 tou
1210 3840 1244 3892 ud

108 3926 152 3994 ll,
171 3929 220 3982 158
234 3925 368 3992 dixeram,
386 3925 472 3978 videri
490 3925 663 3980 Herodoteos
677 3924 785 3976 codices
802 3923 890 3976 sdhuc
903 3924 1070 3994 superstites
1084 3941 1117 3976 ex
1134 3941 1190 3982 uua
1203 3926 1243 3976 te-

107 4010 180 4062 milie
195 4010 344 4063 oriundos:
367 4010 420 4062 nisi
438 4010 519 4063 buius
542 4009 658 4062 semiliue
674 4012 741 4062 duee
764 4007 831 4060 velis
847 4009 949 4080 stirpes
966 4009 1150 4075 constituere,
1177 4025 1244 4078 quo-

107 4113 166 4148 rum
187 4094 272 4148 elteru
287 4095 439 4148 Mediceum
462 4113 493 4148 ec
517 4095 721 4160 Florentinum,
744 4093 830 4146 ultera
850 4094 1069 4146 Sancroltienum
1094 4101 1121 4146 et
1140 4093 1243 4145 Vindo-

107 4181 257 4232 bouensem
269 4179 366 4234 librum
382 4180 606 4252 cumprehendutt
626 4195 786 4248 quemquem
798 4177 916 4232 Medicei
930 4185 956 4230 et
966 4178 1120 4232 Florentini
1132 4179 1159 4230 in
1171 4177 1242 4230 haud

175 4391 203 4457 *)
221 4393 282 4446 viu.
295 4393 398 4446 Keller.
417 4395 509 4462 Suppl.
529 4395 563 4446 ed
576 4393 721 4445 Lembecii
734 4393 898 4446 Commentt.
918 4393 950 4444 de
965 4393 1033 4460 Atig.
1052 4393 1118 4444 bibl.
1137 4409 1242 4444 caesor.

104 4462 171 4514 Lib.
186 4461 208 4514 1.
221 4461 351 4526 (vindob.
366 4461 439 4515 rouo.
458 4463 521 4530 iol.)
533 4480 559 4530 p.
573 4461 632 4513 462.
