3074 4960
525 477 730 537 uenum.
755 457 844 538 vin.
868 487 999 542 m-rn
1267 489 1325 550 101

190 647 263 719 τότε
286 651 348 738 μέν
369 677 435 718 νυν
458 644 520 718 ούκ
544 649 698 738 ἐξέχρησέ
717 671 777 738 σφι
800 643 821 737 ἡ
852 645 955 742 ἡμέρη
980 660 1169 742 ναυμαχίην
1192 652 1327 742 ποιήσοι-

190 761 287 819 σθαι·
312 746 372 832 νύξ
396 747 459 838 γὰρ
484 751 670 836 ἐπεγένετο·
694 755 729 820 oi
745 751 781 820 di
800 750 1082 840 παρεσκευάζΜο
1106 758 1138 835 ἐς
1155 751 1216 843 τὴν
1234 751 1327 826 ύστε·

190 859 296 939 ραίην.
355 848 439 932 Τούς
469 851 506 919 δέ
524 847 689 938 Ἕλληνας
719 851 786 941 εἶχε
816 855 889 944 δέος
918 881 953 922 τε
981 855 1035 924 καὶ
1064 851 1230 946 ἀρρωδίη,
1265 854 1328 928 ούκ

189 949 307 1040 ἥκιστα
331 951 369 1021 δὲ
391 949 468 1032 τούς
486 947 550 1021 ἀπὸ
572 951 841 1042 Πελοποννήσου.
894 949 1065 1045 ἀρρώδεον
1083 961 1136 1046 δὲ,
1159 952 1210 1027 ὅτι
1233 955 1327 1029 αύτοὶ

189 1054 251 1142 μὲν
272 1057 308 1123 ἐν
326 1062 494 1142 Σαλαμῖνι
518 1051 694 1142 κατήμενοι
717 1049 802 1145 ὑπὲρ
825 1058 886 1143 γῆς
912 1059 969 1144 τῆς
990 1052 1178 1145 Ἀθηναίων
1201 1087 1327 1149 ναυμα-

189 1157 278 1244 χέειν
295 1158 457 1243 μέλλοιεν,
476 1157 670 1242 νικηθέντες
687 1182 723 1224 τε
741 1158 777 1226 ἐν
794 1155 886 1248 νήσῳ
904 1153 1178 1248 ἀπολαμφθέντες
1196 1169 1326 1250 πολιορ·

190 1254 362 1344 κήσονται,
386 1251 524 1336 ἀπέντες
545 1253 607 1344 τὴν
633 1258 767 1326 ἑωυτῶν
790 1253 991 1345 ἀφύλακτον.
1042 1263 1116 1329 Ταῖν
1141 1261 1177 1330 δέ
1200 1260 1323 1353 βαρβύ-
1333 1273 1370 1332 71

192 1385 261 1444 ρων
292 1350 309 1426 ὁ
336 1354 430 1440 πεζὰς
455 1350 523 1431 iri
549 1353 610 1444 τὴν
637 1361 827 1448 παρεοῦσαν
853 1357 958 1430 νύκτα
986 1359 1159 1451 ἐπορεύετο
1187 1363 1239 1431 ἐπὶ
1266 1360 1327 1451 τὴν

189 1455 463 1546 Πελοπόννησον·
499 1465 605 1528 καίτοι
627 1455 667 1527 wi
690 1457 816 1530 δυνατοὶ
839 1457 947 1530 πάντα
975 1460 1215 1551 ἐμεμηχάνητο,
1241 1460 1326 1545 ὅκως

190 1554 263 1628 κατ’
282 1553 421 1650 ἤπειρον
444 1555 489 1648 μὴ
513 1549 685 1648 ἐσβάλοιεν
706 1565 741 1630 oi
772 1558 944 1651 βάρβαροι.
994 1558 1050 1644 Ὡς
1072 1559 1135 1652 pio
1161 1562 1326 1635 ἐπύθοντο

189 1659 323 1750 τάχιστα
340 1659 606 1748 Πελοποννήσιοι
628 1657 705 1742 τούς
728 1658 813 1751 ἀμφὶ
832 1669 1009 1751 Λεωνίδην
1032 1667 1068 1733 ἐν
1092 1663 1326 1754 Θερμοπύλῃσι

188 1764 473 1850 τετελευτηκέναι,
497 1759 743 1852 συνδραμόντες
766 1767 802 1832 ἐκ
823 1766 891 1833 τοῖν
914 1773 1039 1834 πολίων
1064 1769 1094 1846 ἐς
1117 1762 1176 1836 τόν
1194 1761 1327 1855 Ἰσθμδν

188 1868 310 1948 ἵζοντο·
346 1869 405 1932 καί
420 1883 481 1952 σφι
503 1859 587 1952 ἐπὴν
603 1861 784 1953 στρατηγός
806 1862 1051 1956 Κλεόμβροτος,
1075 1861 1093 1936 δ
1114 1863 1325 1964 Ἀναξανδρί-

189 2062 249 2126 ipso
270 2061 353 2111 verbo
376 2051 497 2126 α’νύχειν
520 2060 592 2111 οοοί.
610 2065 677 2111 nott.
697 2062 731 2111 sd
782 2063 805 2124 ζ.
819 2061 869 2112 848
883 2069 911 2114 et
924 2079 994 2128 quae
1014 2064 1049 2114 ad
1061 2064 1229 2115 Herodotum
1241 2065 1280 2125 V,
1297 2063 1326 2116 13

188 2129 264 2188 VIII,
274 2127 315 2178 60.
325 2129 348 2189 ἓ.
362 2127 385 2191 Ι)
396 2134 424 2178 et
436 2127 656 2192 παρεκρίθησαν
669 2126 730 2178 δια·
783 2131 933 2181 attulimus.
973 2133 1065 2196 Ipsum
1093 2131 1177 2182 medii
1206 2133 1326 2182 futurum

188 2191 358 2261 ταχθέντες,
381 2197 399 2246 i.
414 2211 438 2248 e.
456 2197 536 2246 aciem
554 2198 731 2260 esplicuerunt
782 2199 892 2262 passivo
915 2213 998 2249 sensu
1027 2199 1218 2264 accipiendum
1245 2201 1326 2264 attigi

186 2280 236 2330 per
258 2265 344 2322 otium,
368 2268 399 2312 ut
421 2262 576 2328 Schweigh.
602 2263 730 2326 reddidit,
783 2265 818 2314 ad
837 2266 914 2328 VIII,
934 2265 980 2328 49,
999 2265 1048 2315 uhi
1065 2267 1119 2316 vid.
1139 2265 1261 2317 laudata.

188 2332 260 2382 sive:
284 2333 410 2394 explicati
424 2335 461 2381 illi
475 2337 533 2380 sunt
553 2333 578 2379 in
595 2332 664 2394 acie,
685 2347 730 2381 sao

188 2401 291 2464 quisque
300 2402 354 2448 Ioco
364 2399 483 2463 dispositi
487 2413 538 2462 per
546 2399 658 2448 ordisse.
677 2399 729 2447 Le·
963 2431 1019 2481 CM,
1047 2433 1137 2482 LXXI

187 2471 285 2516 tronne
308 2465 433 2527 (Journal
456 2465 504 2515 des
526 2464 633 2514 Savans
657 2463 729 2514 1817.
1022 2468 1027 2480 “
1140 2469 1145 2481 “

188 2549 253 2599 pag.
265 2531 309 2596 48)
322 2533 545 2598 παρεκρίθησαν
557 2527 731 2596 διαταχθέν·
816 2523 873 2582 aiud
890 2523 943 2597 τὴν
959 2530 1124 2594 παρεοῦσαν
1142 2527 1242 2598 νύκτα]
1260 2535 1279 2584 i.
1300 2551 1324 2584 e.

188 2615 233 2658 τες
245 2601 348 2650 dictum
361 2601 465 2666 accipit
475 2615 523 2664 pro
534 2595 732 2665 διετύχθησαν
781 2600 826 2649 snb
849 2606 944 2650 noctem
966 2600 1032 2650 hanc
1053 2599 1263 2664 (praesentem);
1292 2602 1326 2652 de

188 2663 425 2733 παρακριθέντες.
460 2667 578 2717 Verbum
591 2667 732 2732 παρακρί-
783 2667 989 2718 locutionsvid.
1005 2667 1257 2730 allutaadIX,58.

188 2735 293 2786 νεσθαι
315 2735 349 2785 de
368 2735 451 2786 classi
471 2751 494 2785 s.
513 2736 575 2786 soie
593 2751 623 2784 se
646 2735 731 2800 expli·
817 2725 976 2800 ἐσβάλοιεν]
997 2735 1041 2784 Itn
1059 2733 1247 2786 oFloreutino
1263 2735 1326 2786 dedi

189 2808 270 2854 cante
292 2807 384 2854 exstat
406 2817 512 2868 quoque
530 2802 582 2866 IX,
600 2801 634 2852 98
658 2807 686 2852 et
703 2803 732 2852 in
784 2817 845 2852 curn
858 2801 1025 2866 Schweigh,
1041 2801 1143 2860 (taisi,
1157 2803 1284 2852 Bekkero
1298 2809 1327 2853 et

187 2869 327 2922 Plutarch.
346 2871 403 2919 Vit.
419 2870 520 2920 Anton.
539 2869 579 2920 30.
598 2868 644 2932 393
669 2867 730 2924 δια·
782 2885 854 2920 rece.
874 2869 934 2919 edd.
975 2868 1031 2918 Alii
1052 2861 1227 2935 ἐσβύλλοιεν,
1254 2870 1325 2934 quod

187 2931 344 2988 τάσσεσθαι
360 2937 462 3002 legitur
477 2937 549 3002 apud
562 2937 730 2988 Herodotum
782 2953 843 2987 cum
860 2937 996 3001 prioribus
1010 2941 1107 2986 teuent
1118 2937 1285 2987 Schneierus
1298 2943 1326 2988 et

187 3007 209 3067 1,
222 3004 264 3055 80.
277 3005 336 3066 VH,
350 3005 393 3055 34.
409 3004 463 3054 124.
478 3003 534 3054 178.
781 3004 931 3066 Mstthise;
952 3003 1000 3053 alii
1013 2995 1172 3070 ἐμβάλοιεν.
1201 3005 1265 3054 Mox
1277 3021 1325 3068 pro

221 3065 282 3123 τότε
294 3066 348 3137 μέν
358 3087 411 3122 νυν
423 3065 475 3122 ούκ
486 3063 618 3136 ἐξέχρησε
630 3088 655 3122 κ.
664 3087 686 3122 τ.
694 3069 730 3135 λ]
780 3069 926 3122 Λεωνίδεω
936 3071 1033 3136 scripsi
1042 3069 1200 3137 Λεωνίδην,
1211 3077 1241 3122 ut
1249 3073 1323 3132 VIII,

188 3141 207 3190 i.
221 3156 244 3190 e.
257 3146 306 3190 tum
318 3142 416 3206 quidem
428 3140 483 3189 dies
495 3155 545 3190 non
557 3141 667 3204 affecit,
681 3155 729 3204 ηαο
782 3139 827 3196 15,
844 3138 891 3189 uhi
913 3138 968 3189 vid.
985 3137 1081 3189 allata.
1121 3139 1164 3188 De
1186 3145 1326 3189 structura

185 3209 408 3272 praeliminares
425 3209 614 3258 committerent.
649 3205 728 3256 Coni.
780 3206 858 3257 verbi
875 3197 1095 3266 πυνθάνεσθαι,
1120 3207 1164 3256 oui
1187 3206 1324 3256 accuseti-

187 3276 239 3332 ΙΙΙ,
256 3273 301 3324 137
315 3275 407 3340 ihique
420 3279 486 3326 nott.
513 3275 576 3324 Mox
589 3289 604 3324 s
616 3273 728 3324 Floren-
780 3289 831 3323 vus
844 3279 872 3323 et
883 3273 1034 3324 infinitivus
1048 3273 1119 3332 (loco
1132 3273 1281 3339 participii,
1295 3277 1325 3322 ut

187 3343 245 3392 tino
259 3341 376 3407 aliisque
389 3357 450 3392 cum
461 3345 579 3390 recentt.
592 3340 652 3391 edd.
666 3340 730 3390 dedi
781 3342 801 3401 Ι,
813 3340 855 3390 54.
864 3341 911 3401 VI,
926 3339 981 3389 100.
992 3340 1053 3399 vn,
1069 3340 1125 3398 177)
1140 3340 1256 3397 additur,
1270 3341 1324 3390 vid.

188 3402 379 3526 πχιήσαμθχχ,
396 3409 443 3458 ubi
455 3401 729 3526 mp'sisodactesiges-
781 3409 807 3524 χ,
827 3405 954 3534 Ιὲθῇῧίξί,
972 3405 998 3523 3,
1019 3406 1114 3522 2Conf.
1132 3406 1261 3456 Kuahuer
1278 3405 1324 3459 Gr.

186 3493 258 3527 sem
280 3489 602 3528 ueroueremuerun
648 3490 729 3525 cae·
807 3490 865 3524 r..
930 3490 1044 3523 .no..

188 3494 461 3595 ierusgetMstthIao.
816 3533 845 3599 ἐς
867 3533 917 3592 τὸν
936 3531 1052 3605 Ἰσθμὸν
1077 3536 1178 3604 ἵζοντο]
1204 3539 1324 3597 „Sestum

222 3605 280 3677 εἶχε
298 3607 362 3671 dioc
379 3626 410 3662 τε
426 3599 630 3674 καλύρρωδίη]
648 3609 730 3660 Haud
781 3611 851 3659 itant
878 3611 904 3658 in
926 3607 1078 3657 Isthmum.“
1121 3607 1165 3655 Ita
1190 3605 1322 3656 Valcken.

189 3679 271 3730 aliter
282 3678 423 3730 Plutarch.
437 3676 616 3728 Themistocl.
633 3675 672 3730 ll.
687 3671 730 3727 ἐν·
781 3678 852 3727 bens
877 3675 1026 3725 adiiciens:
1056 3675 1084 3722 in
1108 3672 1238 3723 Isthmum
1263 3689 1323 3723 oum

187 3761 253 3796 νοιοι
266 3743 315 3796 καλ
324 3740 388 3804 δέος
399 3740 461 3810 ἔσχε
473 3737 523 3796 τὸν
532 3735 729 3810 Εύρνβιοίδην.
782 3743 960 3795 advenissent
978 3739 1034 3803 illi,
1056 3757 1118 3790 moa
1133 3741 1238 3818 usitati
1254 3746 1323 3790 stru·

187 3838 219 3848 -
238 3814 270 3863 Ιυ
287 3829 362 3878 seqq.
383 3813 508 3864 voculam
525 3827 555 3864 τε
571 3817 634 3878 post
652 3828 731 3876 νικη-
782 3812 861 3863 etuti
878 3810 934 3859 dici
955 3801 1078 3873 ἱζόμενοι
1103 3798 1134 3858 ἐν
1150 3807 1188 3873 τῷ
1213 3807 1323 3875 Ισθμῷ.

187 3873 289 3938 θέντες
306 3879 460 3946 Schweigh.
484 3881 518 3931 ob
540 3893 731 3946 praegressum
781 3881 840 3930 Nec
854 3877 935 3928 aliter
944 3875 1221 3941 Schweighaeuserus
1230 3876 1259 3924 in
1269 3877 1323 3925 Le-

188 3938 349 4013 adrdcpiv
361 3952 493 3999 mutatum
504 3948 563 3998 vult
576 3948 604 3996 in
617 3941 658 3998 δέ.
678 3947 732 3996 Sed
781 3949 836 3998 xic.
855 3945 987 3995 Herodot.
1004 3945 1025 3994 Ι.
1044 3941 1183 4010 pag.282:
1210 3933 1257 4006 „ic
1274 3936 1324 3993 τὸν

187 4015 352 4081 particulam
373 4030 404 4066 τε
425 4021 537 4081 praeter
557 4014 642 4066 libros
665 4013 730 4065 scri·
779 4006 895 4079 Ἰσθμδν
928 4010 1020 4074 ἵζοντο
1056 4011 1197 4078 significat
1229 4026 1324 4060 sessum

207 4088 248 4132 tos
268 4084 336 4133 satIs
353 4084 424 4132 tueri
442 4083 583 4142 videntur,
607 4097 676 4148 quae
696 4081 730 4132 ad
781 4083 862 4138 Ibant,
887 4080 1068 4130 conferebant
1091 4095 1120 4129 se
1143 4079 1171 4127 in
1193 4077 1323 4128 Isthmum
1400 4115 1402 4122 .

187 4100 247 4210 in,
263 4149 310 4200 188
324 4150 414 4202 attuli.
443 4151 485 4200 hd
501 4149 731 4216 significationem
782 4150 822 4200 ibi
846 4147 1012 4208 consessuri,
1043 4147 1190 4196 stationem
1214 4145 1253 4194 ihi
1277 4161 1322 4194 oa-

187 4218 266 4268 verbi
278 4211 521 4284 οἷπολαμφθέντες
531 4218 585 4268 vid.
597 4217 685 4268 allata
696 4217 731 4266 ad
781 4217 868 4282 piuri3
887 4207 1012 4280 λζόμενοι
1025 4204 1056 4264 ἐν
1068 4212 1107 4278 τῷ
1123 4205 1226 4278 Ἰσθμῷ
1239 4213 1323 4278 signi-

186 4283 302 4347 v,101.
342 4287 385 4336 Dc
408 4286 559 4336 indicativo
582 4276 731 4350 πολιορκή-
783 4285 860 4334 icat:
888 4299 969 4348 quum
992 4283 1048 4332 iam
1070 4283 1098 4330 in
1118 4281 1223 4330 Isthmo
1245 4280 1323 4329 sede-

188 4365 294 4412 σοντοιι,
308 4355 355 4418 qui
366 4355 519 4420 optativum
529 4346 658 4416 μέλλοιεν
668 4367 731 4404 con·
783 4355 857 4415 rent,
878 4352 1024 4402 stationem
1047 4355 1094 4398 aut
1110 4353 1204 4398 castro
1220 4347 1258 4396 ibi
1275 4347 1323 4395 ha-

189 4421 265 4470 tinno
278 4421 391 4486 echpit,
405 4421 459 4473 vid.
473 4421 611 4472 Kuehner.
625 4421 671 4472 Gr.
686 4419 731 4470 Gr.
783 4419 909 4470 berent.“
931 4421 974 4469 De
986 4417 1038 4468 hoc
1050 4429 1101 4465 usu
1112 4411 1324 4480 praepositionis
1358 4484 1362 4492 ι
