2984 4962
267 413 329 474 416
679 409 991 472 COMMENTATIO

266 600 294 652 p.
312 583 363 634 700
389 582 432 634 ed.
450 583 562 650 noste),
588 583 658 650 sire,
680 580 754 651 quod
780 587 854 635 certe
875 582 965 635 minus
988 583 1120 650 offendit,
1135 583 1230 653 paucis
1244 585 1322 638 annis
1335 594 1393 639 ente

265 665 367 718 cladem
392 665 563 722 Siciliensem
588 668 704 720 habitam
721 683 836 718 censeas
861 683 920 720 cum
935 667 1103 736 Lahmeyero
1124 668 1157 740 (l.
1182 669 1201 721 l.
1217 687 1245 738 p.
1264 671 1316 738 19),
1340 688 1394 724 eum

265 751 425 804 Herodotus
440 751 554 804 Thuriis
569 753 623 806 iter
637 752 757 805 Athenas
771 751 885 804 iecisset
898 751 969 824 (vid.
982 759 1052 805 nott.
1069 753 1103 805 ad
1114 752 1147 820 V,
1163 757 1219 826 77).
1248 754 1324 817 Quae
1338 773 1392 808 cum

265 835 303 886 ita
314 835 379 903 sint,
391 835 478 889 malim
489 837 585 907 utique
598 835 750 890 Eusebium
768 835 863 905 sequi,
881 853 960 906 quem
976 838 1091 890 eundem
1105 854 1216 908 quoque
1231 847 1339 892 secutus
1353 850 1394 893 est

265 919 418 974 Schoellius
428 921 445 974 Ι.
453 921 471 974 I.
484 939 547 992 pag.
555 925 692 977 stt-423
704 920 871 990 pluribusde
884 921 933 973 hac
944 922 1230 992 recitationeeiusque
1241 933 1394 992 argumento

264 1004 426 1075 disputans;
453 1007 613 1076 praesertim
639 1023 697 1060 cum
717 1022 788 1075 quae
805 1005 916 1073 Diyllns
932 1014 1040 1077 narrat,
1063 1007 1170 1060 dubiam
1192 1008 1271 1062 fidem
1287 1009 1396 1063 habeant

265 1090 407 1160 omnisque
432 1092 498 1144 haec
519 1109 566 1145 res
587 1087 616 1146 ἐκ
642 1093 691 1161 τῆς
706 1088 926 1160 κατεψευσμένης
954 1087 1073 1161 ἱστορίας
1097 1099 1207 1162 amepta
1231 1111 1395 1164 prorsusque

265 1175 329 1228 licta
340 1174 476 1244 videatur,
494 1177 599 1230 Cobeto
616 1177 706 1230 iudice
720 1175 748 1228 in
765 1174 937 1244 Mnemosyn.
954 1176 1019 1233 vn.
1031 1195 1059 1246 p.
1077 1180 1138 1232 268.

348 1292 401 1345 His
425 1293 633 1346 recitationibus
656 1292 737 1347 tertia
763 1293 830 1344 adeo
856 1291 982 1360 accedet,
1006 1293 1029 1345 si
1045 1293 1207 1363 respicimus
1221 1312 1268 1362 es,
1284 1310 1350 1365 quae
1367 1295 1396 1346 in

265 1377 389 1429 oratione
402 1377 585 1446 Corinthiaco,
601 1396 672 1449 quae
686 1377 768 1430 Dioni
783 1376 981 1444 chrysostomo
997 1377 1079 1446 vulgo
1094 1378 1229 1432 tribuitur
1243 1387 1270 1432 et
1284 1379 1310 1431 in
1327 1379 1397 1432 cius-

264 1461 323 1514 dem
348 1461 487 1516 orationes
511 1473 621 1534 recepta
647 1471 690 1516 est
715 1467 773 1534 (nr.
789 1461 939 1530 XXXVII),
959 1462 1090 1530 leguntur
1106 1467 1132 1528 ς.
1148 1469 1173 1516 7.
1193 1481 1255 1534 pag.
1275 1467 1325 1518 456
1339 1465 1399 1516 sive
1471 1459 1472 1470 ¹

264 1565 291 1616 p.
309 1549 358 1600 103
373 1545 484 1600 Reislm
513 1537 564 1617 ἦτε
589 1545 619 1601 dl
645 1545 692 1601 soi
705 1541 855 1616 Ἡρόδοτος
876 1539 891 1598 ὁ
909 1541 1056 1616 ίογοποιὸς
1076 1548 1150 1618 (scil.
1167 1547 1340 1616 Corinthum)
1361 1543 1400 1610 ὡς

262 1625 335 1700 ὑμᾶς
349 1625 448 1699 λόγους
465 1629 557 1702 φέρων
565 1626 742 1702 Ἑλληνικοὺς
757 1625 897 1692 tillebere
913 1629 960 1684 καὶ
974 1634 1144 1701 Κορινθίους
1158 1625 1266 1686 eddium
1278 1634 1401 1704 ψευδεῖς,

263 1709 334 1770 ἄνθ’
358 1705 398 1770 oia
424 1709 504 1786 ἠξίου
519 1711 596 1787 παρὰ
621 1720 670 1787 τῆς
686 1711 791 1777 πόλεως
815 1709 920 1784 μισθὸν
944 1708 1102 1785 ἄρνυσθαι·
1122 1712 1281 1787 διαμαρτών
1295 1715 1323 1772 dl
1350 1717 1400 1771 aori

264 1795 366 1855 τούτου
389 1795 435 1869 (usi
457 1796 509 1870 γὰρ
524 1797 622 1872 ἠξίουν
643 1799 672 1855 οἱ
683 1794 806 1871 ὑμέτεροι
821 1794 953 1869 πρόγονοι
969 1796 1055 1868 δόξαν
1069 1794 1226 1870 ἀγοράζειν)
1240 1797 1402 1872 μετεσκευα-

263 1903 311 1939 σεν
324 1879 425 1958 ἐκεῖνα,
444 1879 462 1941 di
477 1881 579 1948 πάντες
597 1881 777 1956 ἐπιστάμεθα,
793 1879 828 1939 roi
843 1883 905 1953 περὶ
922 1879 974 1955 τὴν
989 1889 1135 1955 Σαίαμίνα
1149 1886 1197 1940 καί
1212 1881 1261 1940 τὸν
1271 1882 1404 1956 Ἀδείμαν-

262 1989 326 2025 rev:
349 1987 419 2040 quae
438 1972 534 2038 verbe,
557 1972 630 2042 quod
654 1971 687 2023 ad
711 1969 870 2023 Corinthios
897 1971 994 2024 attinet
1015 1972 1185 2043 animumque
1208 1973 1350 2041 scriptoris
1372 1973 1403 2025 in

264 2055 424 2108 Corinthios
440 2075 493 2109 non
510 2056 677 2124 malevolum,
694 2057 745 2108 iam
761 2055 937 2107 tractavimus
953 2055 980 2107 in
999 2063 1067 2108 nott.
1084 2057 1117 2108 ad
1130 2057 1205 2122 VIII,
1221 2061 1264 2110 94.
1296 2057 1407 2110 Etenim

263 2139 367 2212 siquid
386 2141 442 2193 veri
457 2143 568 2206 subest,
590 2143 656 2194 haec
674 2141 757 2194 verba
775 2139 801 2192 id
822 2147 896 2192 certe
917 2139 1030 2206 docent,
1047 2141 1215 2194 Herodotum
1230 2141 1323 2194 eodem
1343 2143 1408 2196 iere

262 2225 349 2293 modo,
365 2242 420 2295 quo
438 2225 580 2296 Olympiae
596 2235 679 2297 atque
696 2224 819 2290 Athenis,
836 2222 955 2279 Corinthi
969 2241 1079 2296 quoque
1101 2226 1275 2278 historiarum
1289 2233 1408 2296 partem,

264 2309 468 2364 Corinthiorum
484 2311 656 2380 ingratiam,
684 2310 785 2381 quibus
814 2327 884 2380 opus
910 2326 988 2362 suum
1005 2310 1177 2364 innotescere
1200 2311 1300 2375 voluit,
1322 2329 1409 2381 prae—

263 2394 384 2465 legissc3
414 2395 562 2468 eodemque
591 2403 717 2465 spectare
744 2395 873 2447 videntur
896 2395 980 2448 verba
1007 2394 1122 2447 Luciani
1146 2412 1231 2466 supra
1253 2395 1351 2448 allatae
1372 2391 1409 2450 τὸ

261 2476 311 2549 μὲν
331 2468 384 2534 οὖν
404 2481 620 2550 περινοστοῦντα
634 2481 686 2535 νῦν
703 2475 752 2548 μὲν
766 2473 1039 2548 Ἀθηναίοιςνῦν
1056 2475 1086 2532 dl
1106 2482 1319 2546 Κορινθίοις
1334 2473 1411 2534 οἰνα-

262 2562 427 2635 γιγνώσιιειν
454 2557 473 2635 ἢ
496 2559 624 2634 Ἀργείοις
648 2557 667 2635 ἢ
696 2565 927 2634 Λακεδαιμονίοις
959 2559 989 2618 ἐν
1021 2566 1059 2638 τῷ
1088 2562 1176 2634 μέρει,
1206 2559 1322 2636 ἐργῶδες
1355 2565 1413 2620 καὶ

261 2645 368 2720 μακρὸν
390 2643 483 2719 ἡγεῖτο
509 2647 596 2704 rivet:
616 2666 776 2721 quamquam
804 2666 854 2702 nec
882 2650 916 2702 de
945 2657 1081 2720 tempore,
1104 2667 1159 2719 quo
1187 2649 1252 2702 haec
1276 2651 1413 2704 recitatio

262 2737 334 2788 fecta
346 2740 397 2802 est,
414 2753 503 2804 neque
514 2735 548 2788 de
560 2743 719 2803 argumento
735 2735 795 2786 eius
810 2735 957 2804 quidquam
971 2735 1038 2788 certi
1050 2741 1167 2786 constat.
1184 2734 1228 2787 Tu
1244 2736 1415 2804 conhlley-

263 2819 333 2872 sium
349 2819 367 2872 l.
383 2819 399 2874 l.
417 2837 481 2889 pag.
498 2824 532 2874 58
554 2838 613 2890 seq.
629 2827 657 2873 et
671 2836 742 2889 quae
755 2818 834 2888 plura
846 2827 1035 2890 exposuerunt
1049 2819 1200 2888 Lahmeyer
1214 2817 1233 2872 l.
1252 2819 1270 2872 l.
1286 2837 1354 2890 pag.
1377 2825 1416 2876 19

263 2921 321 2974 seq.
343 2911 372 2956 et
386 2903 537 2957 Schoellius
553 2903 570 2956 l.
587 2904 604 2956 Ι.
621 2922 648 2974 p.
670 2907 720 2962 tat
736 2921 795 2974 seq.
825 2902 915 2974 Atque
935 2903 997 2956 eliis
1020 2921 1130 2976 quoque
1151 2903 1218 2956 locis
1239 2923 1289 2974 per
1310 2905 1417 2959 Grae-

262 2989 328 3041 ciam
361 2988 490 3042 recitasse
521 2989 689 3041 Herodotum
723 2988 795 3041 haud
818 2989 949 3042 absonum
977 2991 1030 3044 erit
1056 2997 1179 3042 statuere
1203 2983 1253 3061 (cf.
1283 2989 1417 3046 Schoell.

262 3072 280 3126 l.
296 3073 328 3142 l.)
355 3073 499 3144 ipsumque
514 3073 629 3127 Luciani
655 3073 742 3126 Iocum
763 3072 781 3125 l.
807 3073 870 3144 quis
891 3075 992 3126 afferre
1017 3074 1107 3144 possit
1128 3079 1417 3143 commonstreturus,

263 3173 352 3210 coram
377 3157 490 3227 Argivis
514 3165 542 3210 et
555 3157 777 3213 Lacedaemoniis
797 3158 930 3211 recitasse
946 3158 1092 3211 Nostrum:
1113 3158 1147 3211 de
1162 3175 1216 3229 qna
1230 3177 1260 3212 re
1275 3159 1421 3229 equidem

263 3243 331 3296 certi
350 3241 416 3295 nihil
430 3243 619 3297 affirmaverim
634 3251 747 3296 secutus
763 3243 958 3311 Lahmeyerum
974 3261 1001 3313 p.
1020 3247 1063 3297 21.
1087 3243 1162 3306 Quin
1181 3245 1275 3298 Thetin
1289 3261 1422 3314 quoque

263 3327 396 3382 Nostrum
424 3329 556 3382 recitasse
591 3329 741 3399 suspiceris
765 3345 780 3380 e
809 3328 949 3382 Plutarchi
976 3327 1034 3381 loce
1059 3327 1101 3380 De
1129 3329 1234 3381 Herod.
1266 3327 1422 3396 malignit.

262 3432 322 3485 cap.
337 3416 380 3482 31,
398 3413 452 3467 nisi
476 3415 542 3466 haec
562 3419 619 3466 tota
642 3413 762 3467 narratio
779 3430 795 3465 a
815 3413 979 3483 posterioris
999 3411 1097 3466 aetatis
1119 3413 1292 3481 grammatico
1318 3415 1419 3468 male-

262 3497 324 3551 volo
340 3499 403 3551 licta
418 3505 475 3568 est,
498 3515 577 3570 qnam
595 3515 794 3571 usquequaque
814 3515 904 3552 veram
928 3515 989 3551 esse
1004 3499 1049 3550 vix
1071 3497 1133 3550 mihi
1150 3497 1323 3568 persuadere
1342 3517 1424 3568 pos-

262 3600 331 3638 sum.
364 3583 447 3638 conf.
462 3585 556 3654 Heyse
571 3603 599 3656 p.
615 3587 649 3638 60
665 3603 723 3654 seq.

799 3807 824 3869 S.
842 3807 868 3860 5.

346 3971 375 4025 Si
398 3971 483 4041 igitur
502 3973 664 4028 breviante
683 3991 783 4026 annum
797 3978 847 4027 444
864 3990 888 4026 a.
906 3973 972 4026 Chr.
989 3992 1016 4026 n.
1037 3991 1060 4025 s.
1085 3972 1193 4044 Olymp.
1214 3971 1386 4044 LXXXIV,
1416 3979 1430 4029 1

264 4057 407 4127 Olympiae
431 4065 459 4110 et
474 4077 545 4112 enno
561 4062 612 4113 446
630 4078 654 4111 s.
670 4062 721 4114 445
736 4058 859 4130 (Olymp.
874 4057 1024 4125 LXXXIII,
1046 4061 1061 4112 3
1078 4077 1101 4111 s.
1117 4059 1147 4124 4)
1168 4057 1283 4111 Athenis
1301 4061 1434 4114 recita-

262 4144 304 4195 vit
319 4142 486 4210 Herodotus,
514 4143 588 4197 illum
614 4145 664 4197 hoc
691 4151 812 4214 tempore
836 4143 863 4196 in
882 4144 999 4196 Graecia
1025 4143 1288 4212 ipsacommoratum
1315 4146 1436 4200 fuisse

264 4235 380 4296 oportet,
397 4243 538 4280 reversum
553 4247 585 4281 ex
598 4229 744 4282 itineribus
758 4228 929 4298 longinquis.
962 4228 1062 4298 Neque
1077 4245 1143 4281 vero
1160 4245 1215 4280 uno
1231 4228 1436 4284 Athenarum

264 4309 322 4363 loco
349 4311 422 4364 illum
444 4321 632 4380 commoratum
653 4331 715 4366 esse
736 4313 865 4366 credibile
887 4313 934 4378 lit,
961 4313 1010 4364 sed
1032 4313 1152 4383 reliquas
1169 4313 1247 4366 etiam
1264 4311 1437 4369 Graeciae

264 4401 358 4462 partes
373 4411 536 4464 peragrasse
556 4395 664 4448 videtur
683 4397 812 4450 historiae
831 4395 1016 4468 perficiendae
1036 4415 1118 4450 causa
1140 4396 1278 4468 usquead
1302 4415 1436 4455 aramum
