3026 4970
469 485 733 546 CAIJLIOPE.
755 489 814 547 IX.
837 497 880 550 45.
900 496 944 550 46.
1210 493 1268 555 291

213 662 259 728 Oi
279 657 316 726 dl
334 659 510 746 στρατηγοὶ
527 661 595 728 τοῖν
614 653 820 746 Ἀθηναίων,
845 654 1000 739 ἐλθόντες
1025 655 1078 730 ἐπὶ
1101 656 1138 730 sd
1163 658 1319 744 δεξιὺνίθ

134 760 249 847 πέρας,
275 765 390 847 ἔλεγον
407 767 586 848 Παυσανίῃ
604 757 723 848 τοίπερ
745 756 894 848 ήιιονσαν
914 756 1141 850 Ἀλεξάνδρου.
1178 757 1196 832 ὁ
1223 765 1271 851 δὲ,

133 859 240 954 τούτῳ
258 863 306 952 τῷ
323 858 409 952 λόγῳ
427 859 685 951 καταρρωδήσας
702 857 780 941 τοὺς
797 863 941 951 Πέρσας,
961 869 1053 951 ἔλεγε
1070 861 1160 932 τάδε·
1184 859 1272 934 Ἐπεὶ

132 969 250 1032 τοίνυν
268 964 300 1042 ές
317 957 368 1049 ici
384 956 404 1050 ή
423 958 573 1050 συμβολή
597 969 742 1051 γίνεται,
765 957 868 1052 ὑμέας
890 963 952 1052 μὲν
974 962 1082 1054 χρεων
1106 967 1173 1034 έστι
1196 962 1273 1048 τοὺς

130 1056 329 1150 Ἀθηναίους
347 1067 463 1151 στήναι
482 1059 564 1132 κατὰ
581 1060 659 1144 τοὺς
676 1066 820 1154 Πέρσας,
839 1059 940 1154 ἡμέας
959 1065 996 1135 δὲ
1014 1063 1096 1135 κατὰ
1108 1062 1186 1147 τοὺς
1198 1077 1272 1138 Βοι·

134 1161 239 1244 ωτοὺς
261 1191 297 1234 τε
319 1165 374 1234 καὶ
397 1161 475 1244 τοὺς
498 1160 572 1234 κατ’
596 1159 699 1254 ὑμέας
722 1169 939 1255 τεταγμένους
959 1161 1142 1256 Ἑλλήνων,
1165 1171 1273 1238 τοῖνδε

134 1271 272 1336 εἵνεκεν.
307 1261 403 1354 ὑμεῖς
422 1269 602 1336 ἐπίστασθε
618 1263 695 1346 τοὺς
712 1264 855 1354 Μήδους
873 1270 927 1338 καί
945 1265 1006 1356 τήν
1022 1267 1130 1358 μάχην
1148 1263 1272 1358 αὑτοῖν,

133 1369 170 1437 έν
188 1370 381 1456 Μαραθῶνι
398 1365 627 1456 μαχεσάμενοι·
646 1362 740 1457 ήμεῖς
759 1369 796 1438 δὲ
813 1366 946 1460 ἄπειροί
959 1371 998 1439 τέ
1014 1377 1104 1458 είμεν
1122 1372 1176 1440 καὶ
1192 1366 1272 1440 ἄδα-

133 1471 184 1549 έες
201 1465 330 1538 τούτων
347 1471 415 1538 τοῖν
432 1464 575 1558 ἄνδρων.
612 1472 851 1559 Σπαρτιητέων
868 1467 931 1559 γὰρ
948 1467 1061 1551 οὐδεὶς
1079 1479 1272 1563 πεπείρηται

133 1569 276 1658 Μήδων·
295 1565 389 1660 ἡμεῖς
408 1570 445 1639 δὲ
463 1573 619 1640 Βοιωτωυ
636 1572 691 1639 καὶ
710 1574 889 1641 Θεσσαλων
907 1578 1059 1662 ἔμπειροί
1074 1579 1173 1661 eipso.
1202 1569 1271 1643 ἀλλ’

131 1666 361 1758 ἀναλαβόντας
378 1668 418 1740 ml
434 1667 520 1740 ὅπλα
541 1669 648 1761 χρεων
672 1675 739 1742 έστι
763 1675 847 1742 ίέυαι
869 1668 972 1762 ὑμέας
995 1674 1057 1762 μὲν
1081 1676 1114 1754 ές
1136 1671 1214 1744 τόδε
1236 1672 1272 1744 sd

132 1775 247 1862 κέρας,
274 1767 375 1862 ήμέας
403 1772 440 1842 δὲ
467 1775 499 1852 ές
525 1769 561 1842 sd
588 1768 771 1862 εὑοέυυμον.
808 1771 900 1864 Πρὺς
927 1775 964 1843 δὲ
990 1778 1093 1844 ταῦτα
1121 1774 1219 1846 εἶπαν
1241 1780 1275 1846 οἱ

129 1869 301 1962 Ἀθηναῖοι
318 1872 412 1943 τάδε·
432 1873 498 1943 Καὶ
516 1869 645 1944 αὑτοῖσι
662 1869 744 1964 ήμῖυ
761 1871 862 1944 πάλαι
880 1871 933 1945 ἀπ’
952 1871 1065 1965 ἀρχῆς,
1085 1880 1160 1946 έπεί
1173 1903 1208 1946 τε
1228 1887 1272 1946 εί-

134 1979 236 2063 δομεν
259 1971 330 2044 κατ’
355 1969 458 2064 ὑμέας
480 1977 703 2064 τασσομένους
725 1973 803 2057 τοὺς
820 1979 969 2068 Πέρσας,
994 1980 1030 2047 έν
1052 1975 1119 2070 νόῳ
1144 1979 1273 2066 ἐγένετο

133 2083 242 2146 είπεῖν
258 2079 378 2164 ταῦτα,
396 2073 436 2145 τά
454 2103 516 2166 περ
533 2070 628 2165 ὑμεῖς
645 2073 794 2165 φθάντες
811 2081 1009 2168 προφέρετε·
1033 2073 1117 2148 ἀλλὰ
1134 2075 1197 2170 γὰρ
1214 2075 1272 2170 ιἰρ-

131 2277 183 2353 set:
202 2273 284 2354 'Inde
306 2289 367 2324 curn
388 2273 513 2354 reliquie·
526 2273 677 2353 editoribus
728 2279 784 2356 ”lli
814 2267 946 2352 anl'priv
974 2264 1187 2356 α’ποδεγόμενρς
1214 2261 1272 2353 alde

130 2355 332 2404 omrsrvocem,
352 2357 432 2406 quam
450 2342 676 2392 unersrnclussm
728 2358 762 2391 τα
783 2339 922 2404 Προδοιῳ
939 2335 1126 2408 laconensem,
1144 2341 1270 2406 αίίαγον

130 2413 264 2474 tanquam
276 2410 396 2475 spuriam
408 2410 522 2460 retinuit
534 2409 658 2460 Dietsoh.

312 2577 378 2628 Car.
397 2578 495 2629 XLVI.

166 2669 195 2738 ές
207 2670 258 2745 sini]
271 2679 424 2730 MatthGr.
435 2679 481 2729 Gr.
491 2682 515 2742 ξ.
526 2678 585 2740 578,
596 2680 619 2729 E
633 2680 674 2728 irr-

131 2752 312 2812 terpretatur:
326 2747 371 2796 des
383 2747 515 2812 Μοτρεπι,
527 2749 571 2796 mit
584 2747 676 2812 Tapae-

131 2815 258 2870 nnlrued:
276 2829 328 2864 nec
341 2813 675 2879 aliterSchwsighaeuse·

130 2897 190 2932 rna:
215 2885 299 2948 prino
323 2897 404 2932 asne.
442 2881 556 2932 Rectius
579 2883 676 2948 opinor

130 2951 270 3015 Longius:
288 2965 369 3014 pepon
380 2949 499 3014 Morpea.
535 2951 568 3000 Iu
583 2950 676 2999 verbis

130 3016 310 3082 sequentibus
327 3009 401 3066 autri
418 3009 484 3074 τοὺς
497 3011 609 3080 Πέρσας
620 3018 676 3066 vim

130 3085 345 3150 praepositionis
368 3075 455 3146 κατὰ,
485 3099 555 3162 quae
580 3085 675 3134 eadem

131 3158 175 3202 est
187 3153 271 3202 etiam
282 3152 311 3201 in
323 3151 416 3203 verbis
428 3167 500 3202 κατα
513 3145 580 3210 roric
590 3153 675 3202 Βοιω-

130 3211 198 3278 τοὺς
220 3223 302 3284 atqne
324 3211 390 3270 κατ’
405 3210 509 3286 ὑμέας,
535 3221 618 3286 attigi
640 3219 675 3268 ad

131 3287 214 3349 VIlI,
232 3285 276 3337 Bb.
310 3287 363 3338 Pro
380 3284 503 3349 εἵνεκεν,
529 3287 674 3352 quodcum

132 3353 284 3404 Schaeiero
301 3359 412 3404 tuentur
427 3355 542 3416 Matth,
563 3355 676 3404 Bekker

132 3427 161 3470 et
172 3437 245 3472 rece.
259 3421 329 3484 cdd,
344 3421 500 3488 Schweigh.
514 3429 543 3472 et
555 3422 643 3474 (laist.
660 3437 675 3470 e

130 3489 291 3540 Florentino
305 3493 386 3555 atque
399 3489 540 3540 Sanuroiti
553 3488 622 3538 libro
633 3505 675 3538 re-

131 3561 264 3622 ceperant
281 3554 388 3607 εἵνεκα.
419 3557 498 3619 Quod
516 3555 551 3605 ad
564 3555 619 3606 loci
633 3572 674 3606 ar-

131 3629 289 3690 gementum
313 3626 427 3686 attinet,
458 3623 624 3674 Plutarchus
647 3623 676 3672 in

130 3691 188 3741 vir.
201 3692 313 3741 Aristid.
326 3691 364 3752 16,
378 3693 439 3758 ipso
450 3692 591 3741 Herodoto
603 3695 676 3740 teste

131 3758 219 3808 allato
232 3749 280 3821 (τίς
288 3749 442 3823 Ἡρόδοτος
454 3752 586 3824 ίσιορεί),
604 3760 677 3809 Pau·

130 3825 238 3876 saulam
266 3833 361 3876 narrat
388 3827 563 3893 proposuisse
590 3827 676 3876 Athe·

130 3893 285 3957 aiensibus,
297 3899 329 3943 ut
340 3895 463 3944 dextrum
476 3910 560 3945 cornu
573 3895 601 3944 in
614 3895 675 3945 acie

130 3962 677 4094 tritta-‘titiis‘sititetlltit

130 4095 226 4146 libello
239 4097 272 4146 de
282 4097 415 4147 Herodoti
428 4097 602 4163 malignitate
615 4114 677 4165 cap.

129 4163 173 4214 42.
186 4177 251 4229 pag.
263 4163 352 4215 8723.
370 4165 443 4215 idern
456 4165 526 4215 haec
540 4169 673 4232 exagitat,

130 4231 303 4296 ridiculeque
320 4231 419 4292 habet,
443 4247 513 4298 quae
532 4233 675 4284 admodum

130 4299 281 4365 prudenter
298 4299 400 4351 iecisse
412 4302 569 4351 Pausanias
582 4303 674 4350 existi-

129 4367 246 4416 mandus
264 4371 318 4417 estr
338 4383 422 4432 qnare
440 4367 544 4418 Coralis
559 4369 595 4417 sd
612 4368 675 4416 Plu·

128 4433 223 4484 tarchi
240 4434 329 4484 locum
347 4435 412 4485 oiim
434 4435 504 4486 haec
521 4435 675 4500 adscripse-

728 2405 805 2472 (περὶ
822 2407 872 2474 τῆς
890 2401 1021 2472 Ἡροδότ.
1038 2409 1164 2486 acecpit.
1181 2410 1205 2470 fi.
1223 2408 1270 2473 42)

726 2473 919 2542 ψευδολογίας
936 2469 1082 2540 ἐγράψατο
1096 2491 1146 2526 τον
1159 2467 1269 2542 insonn-

726 2533 1271 2610 αότα,ὠςμήτ,υτίδφελευ,ὁγρη-

726 2605 804 2668 orde
826 2607 1064 2677 Πλούταρχος.
1092 2611 1270 2661 Plutarchum

726 2679 866 2740 nimirum,
878 2681 997 2728 vitarum
1008 2679 1177 2745 scriptorem,
1191 2678 1271 2728 huius

727 2761 833 2811 quoque
865 2745 1012 2807 libellitle
1036 2746 1169 2797 Herodoti
1193 2745 1270 2796 mali-

727 2815 835 2876 gnitate
857 2819 997 2864 auctorem
1020 2813 1198 2878 perhibebat:
1220 2829 1271 2863 noa

726 2880 833 2932 huncce
850 2881 976 2931 libellum
993 2881 1142 2932 Plutarcho
1164 2881 1270 2932 abiudi-

727 2949 844 3000 candum
861 2950 1019 3000 censuimus
1041 2950 1070 2998 in
1087 2948 1269 3000 commentat.

728 3017 761 3067 de
780 3017 847 3068 Vita
865 3022 893 3067 et
910 3017 1022 3082 Scriptt.
1040 3017 1172 3068 Herodot.
1190 3015 1268 3077 §.16⁸

727 3085 763 3134 Et
780 3085 854 3136 coni.
872 3100 978 3150 quoqne
997 3085 1031 3135 de
1048 3084 1101 3136 hoc
1119 3085 1179 3135 loco
1198 3083 1270 3134 Lah-

727 3153 826 3203 meier:
845 3154 887 3202 De
900 3151 989 3202 libelli
1001 3151 1159 3202 Plntnrehei
1177 3153 1223 3216 qni
1236 3151 1270 3202 de

727 3220 901 3285 malignitate
911 3219 1045 3270 Herodoti
1054 3219 1213 3269 inscribitur
1223 3234 1270 3268 au·

727 3288 856 3336 ctoritate
888 3303 933 3352 ag.
946 3285 987 3336 76.

760 3345 844 3419 ἡμεῖς
862 3303 895 3404 δὲ
912 3345 1026 3418 α’τιειροι
1044 3369 1069 3403 ιι.
1087 3369 1110 3403 τ.
1124 3351 1158 3415 t]
1178 3352 1269 3412 „Mira

727 3421 884 3471 Pausaniae
910 3437 986 3471 mora
1014 3424 1043 3470 et
1065 3419 1269 3484 tergiversatio.

726 3489 768 3538 ad
785 3488 984 3553 Thermopylae
1001 3488 1195 3551 Spartanorum
1212 3485 1270 3550 plu-

726 3571 771 3606 res
783 3572 837 3606 non
849 3556 931 3605 inulti
942 3555 1143 3605 occubuerant:
1161 3553 1268 3617 patriae

727 3624 824 3686 decus,
843 3623 914 3688 quod
930 3623 1016 3672 Xerxi
1028 3623 1194 3670 Demaratus
1207 3619 1267 3682 VII,

729 3689 776 3740 102
789 3691 962 3750 ostenderat,
974 3688 1049 3738 nullo
1061 3688 1140 3738 modo
1153 3687 1269 3739 dedeco-

726 3765 828 3809 rantes.
863 3758 989 3819 Adeone,
1008 3757 1079 3821 quod
1095 3770 1186 3805 eorum
1204 3771 1271 3806 era·

728 3827 814 3877 serint
825 3825 907 3886 nulli,
921 3823 996 3874 Medi
1008 3822 1165 3876 terribiles?
1188 3823 1269 3872 Haud

728 3899 837 3960 praeter
857 3893 1005 3943 veritatem
1023 3892 1161 3942 leocrates
1179 3892 1268 3941 Pana·

728 3961 802 4012 then.
821 3958 895 4028 [cap.
913 3958 955 4010 ab.
974 3961 997 4020 ξ.
1019 3955 1078 4024 189]
1096 3974 1160 4025 pag.
1178 3958 1268 4010 2722.

728 4029 762 4080 do
785 4029 859 4080 bello
883 4028 1015 4079 adversus
1037 4029 1169 4087 Xerxem,
1194 4016 1226 4076 έν
1248 4011 1271 4090 ᾧ

728 4091 815 4148 πλέον
836 4089 993 4162 διήνεγκαν
1013 4095 1196 4146 Athenienses
1213 4094 1269 4142 Λα-

727 4163 920 4244 τεδαιμργίωυ
938 4157 970 4214 έν
986 4153 1076 4244 damas
1093 4164 1154 4220 τοῖς
1170 4155 1269 4213 scedol-

726 4247 1022 4351 :tssthit‘ttrtt
1029 4231 1270 4364 attigeritis

725 4367 820 4418 dorum
836 4383 935 4418 nomen
948 4367 1065 4419 Graecis
1082 4365 1208 4418 omnibns
1221 4379 1269 4413 au-

725 4435 784 4484 ditu
797 4441 873 4486 esset
885 4435 1097 4496 formidolosum,
1111 4447 1204 4483 eornm
1219 4432 1268 4480 irn-

1000 4517 1065 4584 19*
