2984 4962
261 453 322 516 458
671 393 985 512 OOMMHHTATIO

259 623 380 676 indicare
403 622 512 676 videtur
533 623 558 676 iu
577 623 680 677 Herod.
698 627 721 676 1.
739 623 798 675 Vol.
817 623 864 676 lV.
880 641 907 692 p.
931 627 978 676 117
1001 623 1043 676 ed.
1069 624 1129 691 Bip.
1151 617 1186 678 ori
1204 618 1314 694 θεατὴν
1334 617 1402 678 ἀλλ’

259 701 416 777 ἀγωνιστὴν
430 700 586 778 Ὀλυμπίων
601 715 730 778 παρεῖχεν
743 701 858 778 ἑαυτὸν,
872 701 950 782 ᾄδων
964 703 1013 770 τὰς
1027 705 1146 777 inrequies
1159 706 1207 762 καί
1221 711 1315 779 κηλῶν
1330 705 1405 771 τούς

258 786 480 864 commacina
501 795 562 848 τοῦ
582 788 800 854 ναλΜούτας
820 795 998 864 κληθῆναι
1022 788 1083 855 τὰς
1107 795 1253 866 βίβλους
1273 787 1402 866 circei,

258 873 337 934 durio
362 875 411 932 sul
433 871 534 945 crinein
558 896 629 948 quae
649 879 741 931 eadem
761 879 820 930 iere
840 865 949 930 exstent
971 880 997 931 in
1027 879 1111 930 libror
1126 879 1269 942 Quomodo
1294 877 1400 932 histor.

259 981 366 1016 consor.
385 967 411 1027 S.
427 968 461 1016 4⁶2
481 982 508 1033 p.
526 966 560 1016 48
575 964 668 1016 Herm.
704 963 783 1016 Unde
800 963 850 1015 boc
868 969 942 1016 certo
962 963 1025 1016 milri
1040 962 1168 1031 colligere
1188 980 1271 1033 posse
1287 964 1400 1030 videor,

258 1048 373 1102 Luciani
399 1053 488 1100 aetate
515 1049 584 1100 hauc
610 1055 637 1101 et
658 1048 860 1101 distinctionem
885 1057 912 1100 et
935 1048 1142 1120 appellationem
1164 1048 1335 1114 obtinuisse,
1364 1051 1400 1102 ab

259 1133 461 1200 Alexandrinis,
478 1134 584 1202 opinor,
599 1133 702 1186 criticis
714 1133 909 1201 introductam,
925 1151 1006 1204 qnos,
1023 1139 1054 1186 ut
1068 1131 1129 1185 aliis
1146 1150 1235 1186 rerum
1250 1134 1400 1202 scriptori-

258 1219 327 1286 bus,
348 1218 387 1270 ita
402 1217 542 1270 Herodoto
564 1219 727 1288 peculiarem
750 1219 883 1288 quandam
906 1235 996 1273 curam
1017 1218 1182 1288 impendisse
1198 1235 1274 1270 neruo
1293 1219 1399 1272 nescit.

259 1305 319 1356 Nec
335 1303 437 1356 desunt
451 1303 553 1356 similes
568 1321 678 1373 operum
693 1303 774 1356 tituli.
806 1303 875 1356 Bion
893 1305 994 1372 rhetor,
1009 1313 1081 1356 teste
1097 1304 1213 1371 Diogen.
1233 1302 1329 1356 Lairt.
1348 1304 1400 1370 lv,

258 1391 293 1442 58
312 1406 408 1441 uorem
432 1405 503 1458 quos
525 1388 650 1442 ediderat
670 1389 754 1442 libros
774 1388 916 1443 Musarum
933 1389 1086 1442 nominibus
1103 1388 1254 1456 inscripsit.
1285 1387 1401 1457 Cephe-

259 1473 366 1541 lionam,
392 1473 438 1542 qui
465 1489 556 1525 rerum
579 1475 697 1544 scriptor
721 1481 793 1526 teste
808 1473 894 1527 Suida
919 1493 943 1526 so
964 1493 990 1527 v.
1005 1473 1137 1526 Hadriani
1158 1479 1247 1525 aetate
1261 1471 1402 1525 floruisse

259 1561 357 1624 fertur,
372 1557 502 1610 historiae
517 1557 601 1611 libros
614 1559 708 1612 lonico
726 1577 851 1612 sermone
865 1559 998 1628 scriptos,
1020 1559 1160 1613 Musarum
1177 1557 1333 1610 nominibus
1356 1557 1402 1610 in-

259 1642 409 1710 signiuisse
430 1651 544 1724 narraqt
559 1642 674 1695 Photius
694 1643 765 1696 Bibl.
782 1643 851 1696 cod.
868 1644 992 1696 valu.
1012 1663 1038 1714 p.
1053 1646 1087 1698 34
1103 1641 1188 1695 Bell.
1210 1649 1238 1694 et
1252 1641 1359 1694 Suidas
1375 1661 1403 1696 s.

259 1745 296 1793 m,
312 1727 437 1796 idemque
464 1727 565 1782 iecisse
587 1727 726 1781 Aurelium
745 1727 864 1798 Opilium
885 1733 1003 1782 testatur
1021 1727 1186 1782 Suetonius:
1211 1726 1252 1778 De
1274 1725 1402 1780 illustrr.

259 1814 377 1864 Gramm.
400 1828 460 1880 cap.
478 1814 495 1865 b
510 1819 537 1865 et
554 1811 660 1866 Gellius
676 1813 714 1865 N.
733 1812 765 1864 Α.
783 1814 809 1880 Ι,
826 1816 869 1866 25.
899 1813 1062 1882 Aeschines,
1089 1811 1183 1865 eodem
1207 1815 1279 1864 teste
1295 1810 1404 1864 Photio

259 1897 328 1948 Cod.
345 1896 406 1949 Lxl
421 1896 482 1948 init.
498 1915 525 1966 p.
545 1899 579 1951 20
593 1897 691 1966 Bell,
705 1897 795 1950 tribus
810 1898 980 1950 orationibus
1000 1900 1162 1962 Gratiarum,
1179 1913 1273 1948 novem
1289 1897 1402 1966 episto-

259 1981 293 2033 lis
308 1983 449 2035 Musarum
469 1982 599 2050 imposuit
623 1982 738 2035 nomina.
770 1983 836 2034 lnde
860 1984 932 2052 apud
948 1983 1064 2035 Plinium
1084 1984 1111 2035 in
1128 1981 1303 2034 Praelatione
1319 1981 1402 2035 Hist.

259 2067 325 2120 Nat.
340 2069 365 2130 s.
384 2070 417 2120 *23
433 2066 505 2119 inter
522 2067 652 2120 librorum
669 2067 865 2137 inscriptiones
884 2067 999 2121 Graecis
1022 2068 1137 2120 usitatas
1153 2074 1405 2120 commemorantur

259 2169 370 2224 quoque
385 2151 509 2222 Marinus,
527 2153 645 2221 itemque
660 2153 733 2223 apud
751 2153 868 2206 Gellium
886 2153 913 2205 in
934 2153 1054 2206 Praelat.
1071 2157 1097 2218 s.
1113 2156 1139 2206 o.

788 2343 813 2406 s.
832 2341 872 2392 rr.

343 2493 417 2546 Satis
432 2497 555 2561 constat,
575 2493 624 2544 iam
640 2509 656 2543 a
670 2492 809 2544 veteribus
828 2491 1007 2560 grammaticis
1023 2494 1074 2545 duo
1090 2491 1197 2543 lonicae
1218 2489 1331 2542 dialecti
1350 2509 1404 2558 ge-

259 2595 325 2629 nera
342 2578 492 2646 distingui,
513 2595 528 2629 a
544 2577 744 2630 recentioribus
762 2594 871 2647 quoque
887 2577 950 2629 inde
967 2584 1089 2646 recepta,
1113 2577 1245 2644 antiquius
1260 2583 1288 2627 et
1302 2595 1403 2630 recen-

259 2663 322 2715 tius:
341 2661 469 2728 alterum,
493 2679 548 2732 quo
567 2663 702 2714 Homerus
726 2662 849 2731 epicique
869 2663 966 2730 podtne
986 2668 1095 2714 veteres
1119 2661 1164 2713 usi
1178 2667 1257 2717 mant.
1278 2654 1334 2729 τὴν
1348 2654 1405 2728 o'rp-

258 2747 339 2816 χαίαν
351 2745 410 2798 sive
425 2741 548 2800 παλαιὰν
559 2740 634 2802 ’laida
649 2746 790 2812 dicebant,
812 2745 923 2798 alterum
938 2740 990 2816 τὴν
1004 2744 1134 2814 δευτέραν
1154 2747 1214 2798 siue
1230 2742 1296 2798 viora
1312 2747 1404 2799 adeo-

259 2849 313 2900 que
330 2828 465 2901 νεωτέραν
475 2825 558 2898 Ἰάδα,
575 2831 719 2884 adhibitam
731 2831 765 2882 ab
778 2831 821 2897 iis,
840 2831 887 2899 qui
903 2839 966 2900 post
977 2831 1037 2884 illos
1050 2832 1146 2901 positas
1164 2829 1254 2884 solutu
1267 2849 1405 2884 sermone

259 2915 431 2985 scripserint.
470 2916 559 2986 Atque
580 2915 755 2981 Herodotus,
778 2916 971 2968 Halicarnasso
990 2917 1092 2970 Dorum
1113 2915 1223 2968 civitate
1246 2915 1404 2982 oriundus,

260 3000 353 3052 Ionica
368 3001 417 3052 bac
432 2987 584 3053 recentiore
603 3001 719 3052 dialecto
740 2999 825 3052 libros
840 3017 907 3052 suos
923 3001 1057 3068 condidit,
1078 3017 1132 3070 qua
1153 2999 1245 3054 eadem
1261 2999 1404 3068 Ctesiam,

260 3083 468 3154 Hippocratem,
497 3085 692 3150 Democritum,
719 3085 787 3138 alios
818 3103 884 3138 usos
912 3087 1155 3156 sssaaccepimus,
1176 3091 1243 3138 tuuc
1260 3089 1405 3155 temporis

259 3170 370 3223 maxime
386 3169 493 3222 exculta
508 3177 536 3222 et
553 3170 677 3222 llorente.
708 3171 876 3240 Quamquam
893 3187 958 3223 cave
974 3172 1078 3236 credas,
1096 3172 1144 3223 hos
1160 3171 1236 3222 viros
1250 3169 1349 3222 doctos
1374 3181 1406 3224 et

260 3255 284 3308 si
300 3256 347 3325 qui
369 3255 415 3307 alii
442 3255 487 3307 ills
511 3257 568 3308 iere
590 3239 679 3308 aetate
703 3255 795 3308 lonice
811 3255 988 3324 scripserint,
1003 3255 1097 3308 iisdem
1113 3271 1228 3325 prorsus
1245 3271 1313 3306 usos
1330 3273 1403 3308 esse

260 3340 341 3394 huius
357 3339 464 3393 dialecti
479 3340 573 3393 lormis
588 3359 619 3392 ac
641 3359 731 3414 parem
748 3357 865 3410 prorsus
883 3341 909 3392 in
932 3341 980 3392 hac
1003 3339 1118 3393 dialecto
1138 3339 1290 3392 adhibendo
1309 3341 1405 3392 ratio-

260 3445 318 3480 nem
336 3445 397 3479 esse
413 3433 534 3480 secutos.
567 3425 605 3478 Ac
622 3426 656 3477 de
672 3428 757 3480 Cresia
772 3426 830 3495 lpse
846 3433 973 3488 testatur,
988 3425 1035 3495 qui
1054 3425 1225 3478 Persicorum
1241 3430 1269 3475 et
1283 3423 1403 3478 lndico-

260 3529 317 3565 rum
339 3511 476 3580 Excerpta
494 3511 573 3563 uobis
591 3513 721 3578 servavit,
746 3511 862 3563 Photius
882 3510 1009 3562 Bibliotb.
1035 3510 1103 3561 Cod.
1126 3509 1247 3574 Lxxll,
1270 3507 1403 3562 Persice.

261 3597 401 3664 cherptt.
416 3601 441 3662 S.
454 3599 502 3649 64:
517 3594 642 3665 υέρχηται
658 3592 687 3650 dl
702 3598 736 3670 τῇ
748 3590 855 3668 ’λωνικῇ
872 3593 1002 3668 διαλέκτῳ
1017 3595 1090 3665 (scil.
1107 3587 1122 3648 ὁ
1140 3593 1274 3662 Κτησίας)
1286 3590 1320 3646 εί
1334 3613 1353 3646 κ
1363 3595 1402 3649 ni

259 3675 303 3749 μὴ
322 3673 366 3733 δι’
387 3675 472 3736 ὅλου
494 3676 658 3748 καθάπερ
674 3675 873 3750 Ἡρόδοτος,
894 3675 962 3736 ἀλλὰ
983 3673 1046 3733 κατ’
1067 3673 1139 3740 ἐνίας
1159 3671 1238 3739 τινας
1255 3675 1353 3743 λέξεις,
1374 3693 1404 3734 et

261 3765 361 3816 ludicc.
385 3767 528 3835 Excerptt.
550 3766 643 3818 initio:
666 3769 787 3835 Κτησίου
806 3760 839 3819 τὰ
858 3757 961 3820 ’ίνδινιί
982 3759 1054 3820 ἔστιν
1067 3759 1096 3818 ἐν
1110 3757 1152 3818 lvt
1178 3764 1282 3836 βιβλίῳ,
1305 3757 1336 3817 ἒν
1356 3764 1403 3827 οἷς

259 3849 361 3916 μᾶλλον
375 3846 484 3919 lovum,
509 3866 563 3920 qua
589 3851 622 3902 de
647 3868 677 3902 re
701 3850 779 3919 plura
799 3850 855 3901 dixi
878 3850 903 3902 in
928 3850 1056 3918 l‘rolegg.
1079 3849 1113 3900 nd
1133 3849 1244 3900 Ctesiae
1271 3849 1401 3918 lrngmm.

262 3933 436 3983 Francolurt.
460 3949 531 3984 anno
548 3933 765 3985 lllDCCClleV
787 3934 859 3985 edita
881 3951 943 4003 pag.
961 3939 995 3988 20
1009 3953 1085 4004 seqq.
1116 3933 1157 3986 De
1175 3935 1337 4004 Hippocrate
1356 3937 1401 3988 di-

261 4033 324 4067 cere
347 4015 455 4082 longum
471 4023 528 4082 est,
551 4018 709 4086 praesertim
730 4035 789 4069 cum
812 4033 882 4086 quae
899 4019 932 4069 ad
948 4019 1160 4089 Hippocrateum
1177 4018 1285 4071 dicendi
1302 4037 1401 4086 genus

264 4098 403 4166 pertinent
417 4100 602 4167 quaestiones,
620 4102 737 4152 noudum
753 4117 868 4170 prorsus
885 4101 1025 4156 absolutae
1039 4111 1088 4155 ant
1102 4103 1135 4154 ad
1151 4105 1229 4156 linem
1243 4103 1400 4172 perductae

262 4181 420 4233 videantur:
442 4182 470 4233 id
486 4201 551 4234 vero
566 4185 685 4236 dubitari
706 4185 800 4253 nequit
815 4185 937 4253 satisque
956 4195 1070 4256 apparet
1085 4206 1117 4240 ex
1133 4188 1182 4256 iis,
1204 4204 1275 4258 quae
1298 4197 1400 4244 nostra

262 4266 366 4317 demum
381 4271 469 4318 aetate
487 4269 642 4320 accuratius
662 4268 795 4338 inquisita
810 4275 837 4320 et
857 4268 995 4338 disputata
1016 4269 1126 4340 suut*),
1150 4272 1348 4343 Hippocratem
1372 4277 1398 4328 in

331 4443 356 4508 *l
375 4443 435 4493 Vid.
449 4441 552 4492 Littrd:
571 4443 693 4494 Oeuvras
710 4446 843 4510 complete
860 4445 1055 4512 d'Hippocrntc
1073 4453 1149 4504 Tom.
1162 4455 1184 4505 1.
1203 4454 1396 4520 Appendiceir
