3066 4964
665 455 980 517 COMMENTATIO

791 767 816 827 S.
835 767 857 819 l.

340 932 521 986 Exordiamur
542 949 558 985 e
579 931 646 984 locis
671 931 796 984 classicis
811 931 912 983 Suidse
928 939 956 984 et
971 931 1033 982 luti
1052 929 1144 999 Gellii,
1161 947 1275 1000 quorum
1291 929 1336 982 ille
1351 929 1395 982 sic

256 1019 337 1070 hahet
355 1018 407 1088 (ll.
424 1037 450 1088 p.
470 1022 504 1078 76
526 1017 640 1070 Kuster.
662 1035 686 1068 s.
710 1016 744 1071 T.
762 1016 774 1067 Ι
790 1034 817 1085 p.
838 1019 903 1070 lust
921 1017 1011 1068 Gaisl.
1028 1015 1087 1070 Vol.
1107 1017 1127 1070 I.
1147 1015 1178 1066 Ρ.
1194 1020 1220 1069 2.
1237 1033 1264 1084 p.
1280 1017 1332 1070 893
1348 1015 1393 1069 ed.

256 1103 426 1170 Bernhardy,
443 1121 471 1173 p.
488 1106 540 1154 ²14
555 1101 622 1154 Vitt.
639 1102 754 1154 Graeco.
771 1101 879 1170 scriptt.
896 1101 939 1154 ed.
956 1101 1187 1167 Westermann.):

334 1182 492 1258 Ἡρόδοτος,
507 1180 602 1252 Λύξου
622 1178 674 1240 ’καὶ
692 1187 817 1256 Δρυοῠς,
832 1180 1069 1256 Ἁλικαρνασσεὺς,
1087 1187 1143 1239 τῶν
1165 1179 1324 1254 ἐπιφανῶν,
1341 1182 1393 1238 καλ

255 1265 377 1342 ἀδελφὸν
397 1267 517 1342 ίσγηιιῶς
535 1265 697 1340 Θεόδωρον·
719 1268 830 1340 μετέστη
845 1264 873 1323 d’
895 1265 924 1324 ἐν
942 1265 1029 1343 Σάμῳ
1041 1265 1088 1324 διὰ
1103 1265 1259 1341 Λύγδαμιν,
1269 1265 1319 1322 τὸν
1333 1262 1393 1323 sind

251 1351 413 1428 Ἀρτεμισίας
434 1361 525 1426 τρίτον
539 1351 677 1427 τύραννον
692 1347 848 1425 ’γενόμενον
866 1350 1085 1424 Ἁλικαρνασσοῦ.
1112 1356 1273 1424 Πισίνᾶηλις
1287 1348 1339 1424 γὰρ
1355 1343 1394 1424 ἦν

255 1437 316 1504 υίὸς
333 1437 510 1515 Ἀρτεμισίας,
526 1443 575 1497 τοῦ
599 1437 629 1496 di
651 1435 848 1512 Πισινδήλιδος
863 1435 1015 1511 Λύγδαμις.
1045 1433 1090 1494 Ἐν
1112 1429 1164 1495 οὖν
1182 1442 1216 1512 τῇ
1238 1434 1325 1512 Σάμῳ
1343 1438 1393 1492 καὶ

254 1523 306 1598 τὴν
318 1521 393 1581 ’λάθα
409 1520 522 1598 ἠσκήθη
538 1521 683 1581 διάλεκτον
697 1525 745 1579 καὶ
764 1524 885 1596 ἔγραψεν
899 1523 1021 1594 ἱστορίαν
1035 1519 1064 1579 ἐν
1076 1526 1192 1598 βιβλίοις
1212 1521 1251 1596 θ’,
1274 1517 1393 1594 ἀρξάμε-

255 1632 303 1674 νος
319 1606 375 1667 ῶτιό
392 1607 487 1682 Κιὶρου
506 1614 555 1668 του
574 1609 681 1680 Πέρσου
701 1609 750 1666 καὶ
764 1605 932 1666 Κανδαυλου
951 1612 1001 1664 του
1019 1611 1120 1664 Λυδῶν
1138 1608 1284 1682 βασιλέως·
1299 1604 1394 1664 trado

255 1692 284 1750 d’
311 1696 348 1759 είς
364 1692 576 1766 Ἀλικαρνασσὸν
598 1692 706 1751 καὶτῶν
733 1692 870 1765 τύραννον
892 1690 1033 1768 ἐξελάσας,
1055 1691 1150 1764 ἐπειδὴ
1177 1687 1293 1764 ὕστερον
1317 1691 1393 1748 εἶδεν

255 1777 354 1836 ἑαυτὸν
370 1777 568 1852 φθονούμενον
584 1776 639 1836 ὑπὸ
655 1783 710 1836 τῶν
724 1784 858 1852 πολιτῶν,
878 1779 917 1844 είς
933 1777 964 1836 τό
981 1777 1102 1852 Θούριον
1114 1774 1327 1849 ῶτιοικιζόμενον
1340 1772 1391 1832 sirr'

251 1860 406 1936 Ἀθηναίων
422 1862 570 1938 ἐθελοντὴς
589 1857 677 1936 ἦλθε·
700 1860 785 1922 κάκεῖ
800 1862 961 1936 τελευτήσας
986 1861 1031 1920 ἐπί
1050 1869 1099 1936 τῆς
1119 1860 1222 1935 ἀγορᾶς
1244 1863 1391 1919 τέθαπται.

258 1949 338 2014 Τινὲς
363 1946 390 2007 δ’
418 1947 447 2006 ἐν
468 1951 556 2024 Πέλλῃ
575 1947 661 2005 αὐτὸν
676 1954 838 2022 τελευτῆσαί
858 1969 953 2022 φασιν.
984 1945 1201 2022 Ἐπιγρυὶφονται
1222 1943 1250 2004 d'
1269 1947 1298 2004 oi
1314 1944 1392 2019 λόγοι

253 2033 340 2092 αὐτοῦ
355 2039 479 2098 Μοῦσαι.

340 2123 420 2187 Quae
435 2130 591 2194 sequuntur
608 2121 722 2192 reliqua,
740 2122 774 2174 ad
790 2129 910 2175 nostram
925 2140 980 2175 rem
998 2121 1088 2174 minus
1104 2127 1240 2192 spectant.

339 2209 416 2261 Alter
429 2209 505 2262 locus
522 2207 596 2260 Gelli
610 2215 654 2260 est
668 2208 696 2258 in
713 2207 806 2260 Noctt.
823 2207 879 2259 Art.
895 2207 953 2271 XV,
971 2210 1004 2262 23
1018 2206 1058 2258 sie
1074 2203 1254 2282 scribentiu}

406 2291 599 2362 „Hellanicus,
621 2292 796 2360 Herodotus,
820 2291 1012 2360 Thucydides,
1036 2292 1166 2346 historiae
1181 2292 1346 2362 scriptores,
1362 2289 1392 2342 in

405 2379 500 2431 iisdem
522 2379 581 2430 sere
601 2377 771 2446 temporibus
793 2377 873 2430 laude
894 2377 1001 2446 ingenti
1022 2377 1178 2431 floruerunt
1199 2383 1227 2429 et
1242 2393 1296 2428 non
1312 2375 1393 2428 nimis

406 2463 488 2532 longe
513 2463 681 2515 distantibus
708 2464 823 2516 luerunt
851 2463 996 2515 aetatibus.
1035 2463 1103 2515 Nam
1125 2461 1284 2516 Hellanicus
1311 2461 1393 2514 initio

405 2549 469 2601 belli
491 2547 717 2617 Peloponnesiaci
735 2548 822 2601 luisse
846 2549 969 2618 quinque
993 2555 1021 2600 et
1042 2547 1187 2615 sexaginta
1205 2563 1292 2598 annos
1309 2553 1394 2598 natus

406 2633 530 2700 videtur,
547 2634 697 2688 Herodotus
720 2642 772 2687 tres
793 2643 818 2688 et
841 2634 1051 2704 quinquaginta,
1075 2631 1253 2700 Thucydides
1273 2631 1394 2701 quadra—

406 2718 492 2786 ginta.
522 2717 658 2786 Scriptum
674 2725 718 2771 est
732 2719 782 2770 hoc
795 2718 823 2770 in
840 2717 908 2770 libro
925 2717 962 2770 XI
978 2713 1201 2787 Pamphilae.“*)

255 2804 334 2856 Unde
355 2819 529 2872 consequens
551 2809 608 2871 est,
629 2802 729 2857 bellum
746 2801 1009 2872 Peloponnesiacum
1035 2809 1121 2855 ortum
1147 2817 1206 2854 cum
1231 2801 1269 2854 sit
1282 2800 1394 2871 Olymp.

256 2887 416 2954 LXXXVII,
449 2891 461 2941 l
489 2888 549 2940 sive
572 2890 620 2940 431
656 2905 680 2940 a.
697 2888 763 2940 Chr.
792 2905 829 2954 n.,
853 2887 1023 2939 Herodotum
1049 2886 1138 2940 fuisse
1164 2892 1256 2938 natum
1281 2885 1395 2954 Olymp.

256 2971 378 3039 LXXIV,
397 2976 408 3024 l
427 2973 487 3024 sive
501 2975 553 3024 484
575 2989 600 3022 a.
618 2971 683 3024 Chr.
706 2990 744 3036 n.,
767 2989 816 3024 ser
835 2971 922 3040 igitur
940 2973 1021 3024 annis
1042 2978 1105 3043 post
1120 2987 1237 3040 pugnam
1253 2970 1396 3022 Maratho-

256 3056 326 3109 niam
339 3064 367 3108 et
384 3063 514 3126 quattuor
529 3056 609 3108 annis
624 3063 687 3108 ante
700 3056 798 3108 Xerxis
811 3057 1007 3126 expeditionem
1023 3058 1050 3109 in
1063 3056 1206 3109 Graeciam
1219 3071 1396 3126 pugnamque
1503 3063 1504 3066 ’

255 3141 441 3208 Salaminiam
460 3141 558 3207 itaut,
576 3141 622 3210 qui
638 3158 707 3210 puer
725 3141 795 3194 belle
810 3141 922 3194 Persice
937 3141 1031 3195 ridere
1047 3142 1091 3194 vix
1107 3141 1213 3212 potuit,
1230 3157 1278 3193 eos
1293 3147 1394 3208 temen,

256 3227 303 3296 qui
319 3227 360 3279 his
372 3225 451 3278 bellis
466 3225 660 3292 interfuerant,
683 3243 850 3295 cognoscere
866 3226 1001 3298 potuerit3
1019 3227 1098 3280 cuius
1111 3227 1151 3279 rei
1166 3225 1293 3278 indicium
1312 3241 1395 3294 prae·

257 3313 321 3365 bere
346 3312 455 3364 videtur
477 3329 565 3363 sermo
591 3327 649 3362 cum
671 3311 848 3364 Thersandro
871 3311 1052 3366 Orchomenia
1076 3311 1185 3364 habitus
1207 3311 1260 3377 IX,
1281 3313 1320 3364 16.
1353 3309 1396 3362 ln

256 3403 414 3465 congruunt
435 3413 494 3448 cum
515 3397 564 3448 hac
577 3401 727 3465 temporum
743 3396 882 3450 notatione
903 3397 1059 3450 testimonia
1073 3395 1202 3464 Dionysii
1216 3393 1395 3448 Halicarnas-

256 3482 356 3549 sensis,
373 3481 459 3551 quiin
477 3481 563 3534 ludic.
580 3481 614 3533 de
629 3482 785 3549 Thucydid.
806 3485 821 3534 5
837 3500 864 3551 p.
880 3485 932 3536 820
947 3481 1042 3534 Reislr.
1066 3482 1107 3534 sic
1122 3481 1232 3533 scribit:
1247 3473 1262 3534 ὁ
1279 3472 1307 3532 d'
1325 3473 1395 3532 Ἀλι-

255 3560 425 3636 καρνασσεύς
437 3559 584 3635 Ἡρόδοτος
599 3561 746 3636 γενόμενος
761 3559 842 3639 ὀλίγῳ
856 3561 989 3636 πρότερον
1004 3569 1059 3622 τῶν
1081 3567 1236 3636 Περσικῶν,
1251 3567 1396 3634 παρεντεί-

255 3671 306 3713 νας
321 3649 351 3706 di
365 3650 439 3721 μέχρι
450 3653 506 3704 τῶν
521 3654 799 3721 Πελοποννησιακῶν,
815 3659 843 3705 et
858 3652 970 3705 Diodori
985 3651 1070 3704 Siculi
1087 3652 1124 3720 II,
1139 3655 1189 3720 32,
1206 3651 1253 3704 ubi
1267 3651 1332 3703 haec
1355 3649 1395 3702 le-

256 3743 375 3803 guntur:
385 3731 534 3806 Ἡρόδοτος
546 3731 616 3791 κατὰ
631 3735 738 3807 Ξέρξην
749 3731 870 3806 γεγουῶς
883 3743 940 3799 τοῖς
954 3732 1072 3806 χρόνοις.
1101 3737 1199 3806 ltaque
1211 3753 1265 3789 nen
1279 3734 1395 3788 sudien-

257 3821 309 3872 dus
325 3829 368 3874 est
383 3821 540 3888 Eusebius,
567 3823 656 3893 quiin
681 3823 808 3875 chronic.
821 3822 855 3874 ed
872 3821 979 3892 Olymp.
995 3820 1136 3875 LXXVIII
1154 3826 1230 3891 (pag.
1251 3823 1314 3889 168)
1329 3819 1350 3872 i.
1368 3839 1394 3872 e.

257 3907 407 3958 lus-464
426 3923 450 3957 a.
469 3893 534 3961 Chr.
554 3927 581 3962 n.
602 3909 667 3962 haec
683 3907 810 3978 scripsit:
825 3901 973 3978 Ἡρόδοτος
982 3901 1206 3976 Ἁλικαρνασσεὺς
1223 3900 1397 3975 ἱστοριογρά-

257 4037 457 4047 *-

325 4117 351 4186 *)
370 4121 448 4184 Quae
466 4121 563 4173 mulier
575 4124 670 4184 docto,
689 4124 804 4174 Neronis
824 4124 962 4190 aequalis,
983 4123 1159 4174 historiarum
1176 4122 1262 4172 libros
1274 4121 1399 4172 XXXIII

258 4189 401 4253 scripsisse
421 4195 449 4239 et
463 4189 574 4240 Ctesias
587 4193 699 4241 Persica
716 4194 745 4241 in
758 4193 897 4258 epitomen
914 4193 1053 4258 redegisse
1072 4192 1168 4242 fertur.
1194 4189 1235 4240 CI.
1248 4189 1349 4239 Suidss
1362 4191 1399 4242 T.

258 4256 300 4304 111
312 4273 338 4321 p.
355 4257 384 4306 14
397 4259 475 4307 Kust.
489 4259 568 4308 Phot.
581 4259 646 4308 Cod.
666 4259 797 4310 CLXXV.
811 4260 930 4311 Schoell.
942 4261 1015 4310 Ilist.
1030 4260 1083 4310 litt.
1098 4259 1196 4309 Graec.
1210 4259 1248 4308 II.
1262 4274 1288 4322 p.
1302 4255 1355 4308 380
1368 4265 1400 4308 et

258 4323 314 4374 vid.
327 4324 439 4374 Miiller:
453 4326 777 4389 Fragmentfflistoriec.
793 4327 971 4378 Graecam.
985 4344 1049 4393 pag.
1063 4327 1113 4378 520
1125 4343 1183 4392 seq.
1198 4325 1252 4376 Sed
1262 4327 1400 4392 Pamphi·

258 4391 318 4451 lae,
331 4396 361 4440 ut
379 4399 470 4441 monet
482 4393 632 4452 Cramer-us,
655 4394 683 4440 in
701 4395 839 4444 nonnullis
859 4395 1049 4460 refragaturus
1067 4401 1127 4446 erat
1139 4396 1256 4461 Kriiger.
1281 4393 1346 4445 Vid.
1362 4395 1400 4444 nd

260 4457 396 4508 Cliutonis
409 4457 485 4508 Fast.
498 4455 606 4505 Hellen.
620 4458 641 4506 1.
654 4474 680 4523 p.
694 4459 727 4509 23
740 4459 802 4510 coll.
816 4477 841 4525 p.
855 4460 895 4512 29.
