3066 4964
231 463 292 524 374
665 449 930 512 HERODOTI
1007 501 1015 516 .

230 632 357 722 τοιῷδε.
390 626 582 716 ἐξυφήνασα
595 622 788 715 Ἄμηστρις,
807 619 828 713 ή
845 626 974 713 Ξέρξεω
992 621 1092 712 γυνή,
1112 626 1218 714 φᾶρος
1234 627 1317 713 μέγα
1335 652 1370 694 τε

232 735 286 802 καί
310 737 460 809 ποικίλον
485 731 540 798 καί
563 730 645 816 θέης
662 722 755 810 ἄξιον
782 731 873 796 διδοῖ
887 729 1001 816 Ξέρξῃ.
1038 720 1055 794 ὁ
1081 726 1117 796 ul
1140 720 1257 815 ήσθείς
1280 753 1371 817 περι-

231 831 390 922 βάλλεταί
415 858 450 900 τε
481 832 536 900 καί
564 835 691 920 ἔρχεται
720 823 808 918 παρὰ
831 825 892 916 τήν
918 822 1137 917 Ἀρταΰντην.
1187 823 1304 915 ἡσθεὶς
1327 825 1371 897 'ut

232 931 414 1022 καὶταύτῃ
443 934 595 1001 ἐκέλευσε
625 927 732 1018 αὐτήν
759 933 907 1016 αἰτήσαι,
938 924 1011 998 ὅτι
1039 926 1199 1016 βούλεταί
1220 935 1256 999 οἰ
1274 931 1371 1017 Ιγενέ-

232 1048 314 1106 σθαι
336 1031 410 1104 tort
440 1036 507 1102 ταῖν
536 1027 630 1126 αὐτῷ
657 1027 936 1119 ὑπουργημένων·
967 1027 1074 1100 πάντα
1102 1027 1166 1119 γὰρ
1195 1029 1372 1114 τεύξεσθαι

233 1135 424 1226 αἰτήσασαν.
460 1137 502 1224 τῃ
531 1135 568 1203 δὲ
592 1135 701 1213 κακῶς
724 1128 787 1222 γὰρ
811 1137 884 1200 ἔδει
906 1139 1063 1220 πανοικίῃ
1086 1133 1261 1218 γενέσθαι,
1290 1129 1372 1220 πρὸς

231 1242 335 1309 ταῦτα
359 1235 430 1308 εἶπε
452 1237 572 1326 Ξέρξῃ·
607 1232 737 1315 Δείσας
760 1262 815 1323 μοι
838 1229 874 1302 τὸ
897 1227 939 1302 ἄν
957 1253 994 1301 σε
1018 1230 1159 1320 αἰτήσας
1182 1226 1201 1301 ὁ
1227 1233 1280 1322 δὲ,
1305 1236 1373 1302 πᾶν

232 1344 357 1430 μᾶλλον
377 1339 503 1408 δοκέων
522 1340 653 1424 ἐκείνην
671 1339 820 1424 αἰτήσαι,
839 1329 1034 1423 ὑπισχνέετο
1052 1336 1107 1402 καὶ
1126 1329 1251 1423 ὤμοσε.
1282 1327 1303 1422 ή
1322 1335 1372 1420 ut,

234 1437 278 1522 αἱς
304 1437 436 1529 ίίμωσε,
460 1431 567 1519 citetis
591 1439 691 1508 αἰτέει
713 1433 750 1507 τό
774 1437 888 1526 φᾶρος.
922 1435 1045 1525 Ξέρξης
1069 1435 1106 1504 δέ
1130 1451 1284 1516 παντοῖος
1308 1437 1372 1522 ένί-

234 1569 319 1630 νετο,
338 1537 379 1610 οὐ
397 1537 598 1628 βουλόμενος
618 1543 750 1609 δοῦναι·
776 1533 843 1608 κατ’
862 1533 942 1606 ἄλλο
960 1536 1021 1626 μὲν
1038 1531 1151 1624 οὐδὲν,
1170 1534 1374 1626 φοβεόμενος

235 1705 349 1756 oonsilio
373 1720 465 1754 omues
495 1704 553 1753 fere
580 1719 624 1752 res
648 1703 776 1768 publicae
830 1709 872 1752 ter
894 1701 922 1750 in
943 1699 1099 1766 Evangelio
1122 1699 1149 1750 8.
1166 1701 1256 1750 Marci
1271 1701 1322 1762 V1‚
1341 1701 1375 1749 22

234 1777 415 1839 peragantur:
448 1787 517 1837 quae
542 1770 670 1820 mulieres
693 1785 777 1834 quan·
830 1767 1374 1833 seqq.‚oumHerodeanataliciaauaee·

234 1845 290 1889 turu
305 1839 408 1890 abusae
427 1839 530 1888 fuerint
544 1837 597 1886 lura
612 1837 777 1887 auctoritate
830 1836 952 1886 lebrarat
966 1852 998 1884 ae
1012 1835 1070 1886 filia
1083 1849 1175 1886 coram
1188 1851 1253 1901 rege
1267 1851 1299 1884 ae
1312 1851 1374 1901 pro-

235 1907 270 1957 ad
292 1907 416 1972 privatas
439 1921 471 1956 eu
492 1905 607 1954 iditates
628 1904 778 1968 explendas
830 1904 940 1954 ceribus
952 1903 1374 1968 saltassetiisdeurqueplacuis-

235 1974 463 2025 autadoruneeru
484 1971 778 2022 alitatisexereendum
830 1977 886 2032 aet,
905 1970 1030 2020 Herodes
1046 1969 1155 2034 puellae
1173 1970 1255 2020 dixit:
1278 1975 1343 2087 pete
1357 1987 1374 2020 a

235 2057 330 2104 genus,
345 2042 413 2092 sutis
423 2040 642 2090 doeethistoria:
655 2043 693 2102 ut,
708 2053 778 2103 quae
830 2037 1276 2103 ure¹quodeuuquavolueris‚etda
1297 2038 1375 2088 otibi

234 2110 261 2159 lr.
276 2109 292 2160 l.
308 2113 481 2168 enarrentur,
502 2107 536 2157 ad
549 2123 641 2157 verum
657 2107 778 2171 proxime
831 2121 915 2171 risque
929 2105 963 2155 ad
974 2105 1113 2154 dimidium
1124 2105 1203 2171 regui
1213 2105 1275 2154 mei.
1295 2105 1375 2166 Quod

236 2177 369 2226 accedere
384 2176 494 2226 minime
507 2175 670 2224 dubitemus.
689 2173 778 2238 Atque
831 2189 892 2223 euru
924 2189 971 2223 rex
999 2174 1151 2222 iuramento
1178 2171 1373 2232 confirmasset,

234 2243 315 2293 simul
331 2243 507 2293 manifestum
526 2242 556 2292 lit
573 2242 625 2291 liae
639 2257 672 2291 ex
684 2256 778 2290 narra·
831 2241 881 2290 illa
904 2242 1024 2290 instante
1046 2245 1133 2290 matre
1156 2245 1241 2305 eaput
1262 2240 1374 2290 Ioannis

166 2331 169 2337 ’
234 2313 324 2374 tione,
349 2326 402 2376 quo
424 2310 501 2360 modo
523 2311 550 2360 in
568 2324 663 2374 regum
682 2307 778 2359 Persa·
830 2309 976 2374 Baptistae
994 2308 1076 2372 petiit
1093 2307 1174 2372 idque
1192 2307 1374 2373 etiamimpe-

235 2395 292 2429 rum
315 2379 464 2444 gynaeceis
482 2379 529 2444 agi
551 2377 660 2428 solitum
682 2376 779 2426 luerit:
831 2376 916 2426 travit
934 2391 950 2425 u
968 2391 1047 2441 rego,
1070 2373 1117 2440 qui
1135 2375 1311 2425 contristatus
1327 2389 1375 2426 uo·

235 2448 263 2496 in
282 2462 361 2512 quarn
379 2447 559 2509 remissique
579 2449 670 2495 exstat
682 2443 779 2494 Esthe·
831 2443 883 2493 luit
900 2449 993 2493 tamen
1009 2443 1146 2509 refragari
1165 2447 1275 2508 propter
1293 2443 1375 2492 iusiu-

236 2531 284 2563 rae
298 2514 465 2579 exemplum,
481 2529 560 2579 quam
574 2514 663 2578 ipsam
676 2511 779 2561 nnllam
832 2511 945 2560 randum
964 2514 1045 2574 atque
1062 2525 1191 2576 proceres
1204 2515 1375 2576 praesentes,

236 2581 320 2630 aliam
333 2597 362 2631 re
374 2597 441 2631 vera
454 2581 539 2632 luisse
553 2587 636 2646 atque
649 2580 779 2629 Amastri·
831 2579 877 2644 qui
896 2578 1049 2628 audierant.
1080 2577 1160 2639 Quae
1178 2577 1268 2628 omnia
1282 2577 1374 2627 admo·

236 2649 312 2706 dem,
338 2648 392 2698 alio
415 2649 525 2698 nomine
547 2647 575 2698 in
596 2646 673 2696 libris
691 2647 780 2696 saeris
830 2647 892 2696 dum
909 2645 1012 2696 similia
1029 2645 1063 2695 iis
1080 2645 1221 2707 videntur,
1247 2661 1316 2710 quae
1340 2645 1374 2695 ds

236 2717 401 2777 vocitatam,
416 2715 493 2764 luere
507 2716 552 2780 qui
566 2715 778 2774 contenderent;
831 2715 922 2764 Xerxe
935 2713 961 2763 h.
974 2713 994 2762 l.
1007 2719 1162 2762 narrantur.

235 2783 291 2830 vid.
305 2783 383 2831 medo
396 2783 503 2830 Winer:
524 2782 656 2831 Bihliseh.
672 2779 780 2831 Realle-
864 2779 899 2846 vs
917 2773 949 2831 (ll
971 2777 1065 2838 κακῶς
1082 2773 1136 2845 γὰρ
1159 2773 1221 2830 lta
1238 2779 1357 2830 πανοικί

236 2851 289 2897 xio.
308 2865 328 2898 s.
349 2863 374 2897 v.
395 2850 415 2898 1.
433 2865 460 2915 p.
478 2848 527 2898 412
546 2853 574 2898 et
586 2848 779 2898 Haavsrniolr:
831 2795 978 2914 γενέσθαι]
997 2847 1059 2898 vid.
1073 2847 1098 2904 1.
1111 2847 1128 2896 8
1141 2847 1233 2911 ibique
1246 2852 1314 2897 nott.
1327 2797 1375 2910 Νη,

236 2915 351 2964 llinloit.
371 2917 413 2964 ius
426 2917 457 2964 Α.
472 2916 502 2964 Τ.
518 2915 558 2976 ΙΙ,
575 2916 596 2964 1.
615 2933 640 2980 p.
654 2915 715 2977 344,
734 2916 780 2980 qui
832 2916 865 2967 tu
879 2923 906 2966 et
918 2917 951 2966 de
965 2931 1015 2965 usu
1027 2913 1182 2980 particulae
1195 2911 1249 2980 γὰρ
1262 2917 1284 2976 Ι,
1296 2913 1321 2964 8.
1330 2915 1373 2964 24.

238 2982 333 3030 rnerito
358 2982 385 3031 id
409 2983 521 3043 reiecit;
546 2997 580 3032 ae
604 2997 689 3048 nuper
709 2983 781 3032 idern
832 2976 1070 3049 Vocesryirllnon
1084 2983 1118 3032 ad
1129 2981 1265 3048 πανοικίῃ
1278 2983 1377 3032 referri

237 3049 338 3098 statuit
354 3049 470 3099 Niolres:
495 3051 538 3099 Da
556 3049 690 3100 Estherae
711 3050 781 3100 libro
833 3067 913 3118 posse
923 3051 993 3101 bene
1005 3047 1271 3115 monetSehweigh.‚
1282 3049 1330 3101 sed
1341 3050 1377 3100 ad

238 3117 268 3166 P.
282 3117 303 3166 1.
317 3131 381 3180 pag.
394 3115 424 3166 31
440 3131 514 3182 seqq.
527 3117 653 3182 inprimis
671 3133 734 3184 pag.
749 3119 781 3168 34
833 3119 982 3169 mulierem.
1024 3117 1092 3168 Num
1120 3115 1192 3167 idern
1221 3121 1264 3168 eet
1293 3133 1326 3167 aa
1353 3119 1377 3168 ai

237 3199 309 3248 seq,
331 3183 546 3235 llstheramtoto
560 3184 637 3235 coelo
654 3185 688 3234 ab
701 3187 781 3235 Arne-
833 3186 950 3236 dixisset
964 3185 1076 3235 Noster:
1100 3177 1118 3250 ή
1138 3177 1185 3245 ol,
1209 3183 1301 3244 κακῶς
1322 3181 1378 3248 yoip

238 3251 321 3302 stride
339 3252 443 3301 distare
457 3257 545 3314 reete,
571 3254 594 3302 si
613 3253 677 3318 quid
689 3253 779 3314 video,
833 3247 863 3304 αἰ
887 3247 948 3304 ἔδει
972 3249 1110 3318 πανοικίῃ
1131 3245 1283 3318 γενέσθαι,
1313 3245 1378 3303 εἷπε

238 3320 426 3384 pronuntians.
458 3319 511 3370 Sed
528 3320 598 3370 haee
617 3325 645 3370 et
663 3321 782 3371 alialru·
833 3315 936 3386 Ξέρξῃ.
967 3321 1007 3369 Ad
1032 3335 1128 3370 vocem
1148 3319 1299 3386 πανοικίῃ,
1324 3337 1379 3370 eura

237 3387 388 3438 inseemorli
401 3387 498 3437 lubens
510 3387 555 3438 hie
568 3393 688 3441 transeo.
832 3396 888 3440 totu
898 3391 978 3446 domo,
988 3389 1094 3452 furialia,
1110 3388 1182 3438 conl.
1193 3392 1260 3438 nott.
1271 3387 1305 3437 ad
1316 3388 1376 3451 Vll,

272 3443 483 3520 ὅτιβούλεται]
501 3456 542 3505 De
560 3455 611 3505 lroe
630 3457 782 3506 indicativo
833 3455 874 3508 39.
905 3456 936 3506 lu
952 3456 1046 3506 uerbis
1067 3453 1126 3506 πᾶν
1143 3453 1252 3519 μᾶλλον
1269 3449 1379 3506 δοκέων

236 3524 300 3574 vida
313 3523 351 3572 sia
364 3527 433 3573 nott.
448 3523 482 3572 ed
495 3524 522 3586 1,
539 3521 593 3574 163.
612 3524 657 3573 Sic
670 3525 722 3581 lx,
735 3522 780 3572 lll
834 3516 949 3590 ἐκείνην
970 3517 1086 3588 αἰτῆσαι
1106 3523 1219 3588 Madvig
1240 3523 1268 3572 lu
1285 3521 1377 3573 Philo-

237 3584 348 3641 ποιέειν
359 3582 394 3640 τά
408 3583 547 3656 βούλεται.
579 3591 658 3652 Quod
671 3597 783 3641 antees—
833 3593 886 3656 leg.
901 3591 994 3656 Suppl.
1008 3592 1043 3641 Il.
1061 3607 1125 3656 pag.
1139 3590 1172 3639 44
1191 3595 1252 3655 post
1264 3587 1323 3640 πᾶν
1336 3589 1379 3639 in-

238 3658 278 3730 (lit
295 3652 424 3724 αἰτήσαι,
445 3659 473 3708 iu
486 3652 594 3708 αἰτέειν
611 3664 710 3708 mutari
724 3659 783 3708 vult
834 3661 889 3710 seri
901 3659 960 3709 vult
972 3647 1017 3708 ἄν.
1045 3659 1105 3720 Quo
1118 3661 1212 3707 tamen
1224 3657 1298 3707 haud
1311 3673 1378 3722 opua

237 3725 330 3774 Naber
347 3727 376 3775 in
393 3726 583 3776 Muenros.lV.
599 3743 625 3791 p.
643 3725 672 3776 19
689 3726 723 3776 eb
742 3725 782 3775 al·
833 3727 950 3778 videtur.
980 3727 1023 3776 De
1036 3725 1134 3777 voeula
1146 3715 1238 3784 α’δεοίς
1251 3724 1316 3786 (aine
1328 3729 1378 3774 ulle

238 3797 326 3840 terum
338 3793 431 3842 Nostri
445 3793 533 3843 locum
544 3794 589 3850 Vl,
600 3792 642 3842 48.
662 3794 692 3842 ln
705 3809 781 3858 seqq.
834 3801 911 3855 metu,
930 3795 991 3844 uilrll
1006 3796 1089 3844 verita
1107 3809 1153 3843 uec
1172 3795 1304 3859 quidquem
1321 3796 1382 3842 αοίι·

239 3859 428 3908 accusativum
450 3853 545 3910 πάντα
567 3861 601 3910 ud
623 3853 783 3925 αἰτήσασαν
832 3861 975 3926 auspicans)
985 3860 1041 3912 vid.
1051 3861 1177 3926 plurima,
1189 3875 1259 3925 quae
1270 3861 1298 3908 in
1308 3859 1380 3910 The-

239 3925 329 3974 resaro
347 3941 434 3990 neque
453 3928 488 3976 ad
505 3921 671 3989 τεύξεσθαι.
705 3927 783 3988 Quod
835 3944 915 3979 sauro
928 3929 1009 3994 Ling.
1029 3927 1127 3979 Graec.
1146 3929 1167 3977 1.
1183 3943 1247 3993 pag.
1266 3927 1316 3978 uel
1334 3925 1378 3977 ed.

239 3992 275 4041 ad
304 3998 491 4056 argumentum
522 3995 634 4052 attinet,
665 3995 783 4044 similem
834 3995 1159 4062 Dinderl.proleruutur.

239 4075 348 4124 prorsus
372 4061 399 4108 in
424 4061 531 4111 medum
555 4063 699 4113 Persarum
725 4077 781 4124 rea,
868 4065 1006 4122 παντοῖος
1027 4054 1145 4128 ἐγένετο]
1172 4062 1190 4112 i.
1211 4077 1235 4112 e.
1252 4064 1278 4111 iu
1295 4077 1381 4112 omues
1445 4057 1449 4063 “

240 4127 298 4175 sive
318 4128 421 4176 Xerxes
440 4129 525 4178 fuerit
546 4131 605 4182 sive
623 4129 694 4179 alius
713 4131 782 4194 quis,
833 4147 862 4180 ae
883 4133 1007 4180 conuertit
1026 4132 1140 4194 formae,
1163 4132 1246 4181 οιααία
1262 4133 1376 4191 tentavit,

240 4194 383 4244 Estlreram
403 4194 563 4260 alloquitur,
588 4201 619 4246 ut
636 4195 699 4262 quid
716 4195 785 4247 velit
835 4198 933 4262 quibus
946 4197 1022 4248 illam
1041 4203 1181 4249 averteret
1194 4197 1305 4261 eiusque
1319 4212 1381 4260 pre-

239 4267 352 4328 petatve
367 4265 504 4325 enuntiet,
524 4265 660 4315 adiieieuu
673 4281 702 4314 ee
716 4263 784 4313 illud
836 4281 882 4316 ees
895 4270 1043 4316 amoveret.
1073 4265 1134 4315 vid.
1148 4265 1199 4323 111,
1220 4263 1267 4314 424
1285 4264 1324 4313 ibi
1346 4279 1380 4313 ue

240 4331 363 4379 daturum
383 4345 443 4404 esse
461 4345 546 4395 usque
565 4333 600 4382 ad
615 4333 693 4396 regni
707 4331 783 4380 dimi·
834 4337 902 4383 nott.
927 4333 968 4382 Ad
981 4347 1055 4398 seqq.
1070 4324 1133 4382 κατ’
1146 4321 1215 4382 ἄλλο
1228 4327 1281 4396 μέν
1293 4279 1382 4381 aazia

240 4397 395 4460 dium3vid.
409 4398 517 4449 Esther.
533 4401 564 4461 V,
577 4397 601 4448 u.
626 4401 721 4462 Neque
735 4397 784 4448 ali·
836 4401 873 4450 et.
887 4404 953 4451 nott.
970 4399 1005 4450 ad
1018 4397 1156 4462 v111,30.
1186 4401 1250 4450 Mer
1268 4399 1381 4459 retinui,
1471 4433 1492 4468 0
