3066 4964
214 461 276 524 364
648 456 910 520 HERODO'I'I

212 627 358 721 Μυκάλη
376 627 551 721 μέλλοντος
569 635 705 701 ἔσεσθαι
722 627 901 720 τρώματος,
920 629 1013 722 φήμη
1028 625 1250 720 τοίσιἝλλησι
1260 647 1347 702 τοίσι

211 731 316 823 ταύτῃ
334 736 523 822 ἐσαπίκετο,
548 729 632 802 ὥστε
648 736 820 822 θαρσήσαί
833 761 869 803 τε
886 729 947 823 τήν
964 730 1121 824 στρατιήν
1138 737 1250 828 πολλῷ
1266 736 1344 823 μάλ-

147 845 203 906 101
215 843 274 906 λον
291 837 346 905 καὶ
366 832 496 905 ἐθέλειν
518 833 771 926 προθυμότερον
794 833 1014 906 κινδυνεύειν.
1051 838 1117 906 Καὶ
1139 833 1215 905 so'ds
1234 838 1346 924 ἕτερον

212 935 375 1008 συνέπεσε
396 935 593 1026 γενόμενον,
618 934 793 1028 Δήμητρος
810 936 948 1027 τεμένεα
963 933 1163 1026 Ἐλευσινίης
1181 933 1270 1028 παρά
1286 933 1345 1026 άμ-

212 1043 353 1130 φοτίρας
370 1035 428 1121 τάς
445 1035 613 1128 συμβολάς
632 1038 725 1110 εἶναι.
745 1042 800 1109 καί
818 1037 881 1128 γάρ
901 1037 942 1128 δή
961 1043 998 1109 ἐν
1014 1043 1056 1128 τῇ
1073 1044 1252 1110 Πλαταιΐὸι
1269 1035 1344 1129 παρ’

212 1138 294 1212 αὐτὰ
311 1138 347 1212 τό
365 1139 558 1231 Δημήτριον
582 1143 711 1230 ἐγένετο
735 1137 794 1230 (ὥς
818 1144 873 1210 καί
897 1139 1059 1230 πρότερόν
1081 1169 1136 1231 μοι
1160 1141 1299 1246 atomos)
1323 1137 1345 1229 ή

211 1241 314 1334 μάχη,
338 1246 393 1313 καὶ
412 1247 448 1313 ἐν
466 1241 612 1333 Μυκάλη
631 1249 745 1332 ἔμελλε
763 1237 919 1324 ὡσαύτως
937 1250 1080 1313 ἔσεσθαι.
1116 1245 1288 1333 μεμονέναι
1308 1243 1346 1312 δὲ

212 1354 310 1434 νίκην
327 1349 394 1416 των
412 1341 493 1435 μετά
510 1352 712 1416 Παυσανίεω
725 1340 892 1434 Ἑλλήνων
909 1340 1020 1434 ὀρθῶς
1038 1366 1097 1435 σφι
1115 1340 1136 1434 ή
1154 1343 1247 1436 φήμη
1266 1365 1345 1415 συν·

212 1451 324 1536 ἔβαινε
349 1450 510 1518 ἐλθοῦσα·
537 1444 573 1518 τό
596 1448 658 1536 μὲν
680 1444 743 1536 γάρ
767 1450 803 1518 ἐν
820 1451 1007 1538 Πλαταιῇσι
1025 1453 1114 1534 πρωῒ
1130 1453 1177 1517 ἔτι
1194 1451 1252 1536 τής
1269 1441 1346 1536 ἡμέ-

211 1578 270 1637 ρης
295 1553 439 1637 ἐγίνετο,
466 1545 502 1618 τὸ
527 1550 564 1619 δὲ
583 1552 618 1619 ἐν
636 1547 782 1640 Μυκάλῃ
800 1552 875 1640 περὶ
895 1555 1017 1638 δείλην.
1031 1544 1095 1619 ’ὅτι
1114 1549 1151 1618 δὲ
1168 1551 1225 1640 τῆς
1243 1545 1346 1637 αὐτῆς

211 1647 332 1741 ήμέθης
359 1653 536 1738 συνέβαινε
562 1658 717 1740 γίνεσθαι
743 1649 846 1742 μηνός
872 1655 996 1721 τετοῦ
1020 1647 1141 1738 αὐτοῦ,
1168 1648 1276 1746 χρόνῳ
1302 1645 1345 1720 ου’

212 1864 265 1916 que
281 1851 468 1900 necessarium
480 1850 553 1901 haud
569 1850 691 1914 videtur,
711 1851 752 1900 in-

211 1917 298 1983 deque
311 1919 446 1969 intaotum
461 1918 560 1983 reliqui
578 1910 751 1981 συμπιπτου-

211 2000 262 2051 σης
275 1986 309 2036 ab
322 1987 446 2036 omnibns
458 1986 539 2036 libris
557 1987 668 2052 scriptis
682 1987 752 2037 alla·

211 2059 266 2104 tum
290 2057 318 2104 et
336 2053 371 2104 ad
390 2044 497 2119 ήμίφης
513 2054 554 2104 ita
571 2055 751 2114 referendum,

210 2127 241 2172 ut
265 2121 398 2188 explicuit
421 2122 575 2187 Schweigh.
615 2122 657 2172 De
683 2138 751 2173 voce

211 2187 387 2308 {titali
394 2189 682 2310 {Itd‘titlltll
694 2191 761 2308 111

272 2295 278 2308 ·
379 2297 385 2320 ι
445 2295 451 2308 ·
519 2295 525 2320 ι
585 2295 626 2320 ·ι
675 2295 681 2309 ·
743 2296 750 2309 ·

416 2427 482 2480 Car.
503 2429 547 2481 01.

209 2547 312 2660 mlii.
326 2528 678 2666 dll‘ttdlldttlt
691 2531 753 2652 ll:

209 2667 246 2717 IV
271 2665 318 2715 159
330 2667 423 2732 ibique
436 2671 504 2717 nott.

244 2725 339 2796 ὀρθῶς
351 2748 402 2798 σφι
419 2725 437 2800 ἡ
451 2730 532 2801 φήμη
545 2728 695 2797 συνέβαινε
708 2727 750 2786 lt-

210 2798 317 2866 θοάσα]
333 2803 350 2850 i.
359 2817 382 2850 e.
396 2809 466 2852 recte
478 2805 509 2852 ιἰὀ
521 2805 612 2852 accidit
622 2804 694 2867 sama
705 2805 751 2853 ad-

209 2871 310 2919 ueniens
322 2884 344 2919 e.
358 2875 433 2919 reete
446 2871 481 2921 iis
494 2871 569 2920 fama
582 2872 750 2921 enunciavit.

208 2936 250 2987 Ad
263 2951 337 3001 seqq.
349 2932 424 2998 πρωῒ
435 2935 485 3000 τῆς
497 2929 604 3002 ήμέφης
615 2939 671 2988 vid.
682 2943 749 2988 nott.

210 3004 245 3054 ad
263 3003 336 3065 VIII,
353 3002 370 3052 6
389 3008 417 3053 et
435 3005 471 3054 ci.
491 3003 598 3064 ΙΙ,173.
616 3006 678 3066 Vll,
692 3006 750 3057 223.

209 3067 274 3190 negt
288 3069 387 3137 δείλην
396 3071 527 3124 Laroher.
541 3071 642 3122 reddit:
656 3076 751 3138 ίομτὸι

207 3143 274 3190 mli.

242 3204 332 3272 μηνός
344 3221 373 3258 τε
386 3205 437 3257 τοῦ
449 3196 548 3274 adacei]
563 3207 690 3272 „Mensis
703 3209 749 3260 At·

208 3277 258 3326 tici
271 3276 477 3327 Bo'edromionis
494 3277 540 3326 dle
557 3277 653 3340 tardo,
679 3283 749 3329 teste

208 3345 357 3394 Plutarcho
375 3345 403 3394 iu
420 3343 528 3394 Camlll.
543 3341 605 3410 [19].
643 3361 686 3410 ag.
703 3345 750 3397 138

208 3414 239 3463 ,1.
258 3420 286 3463 et
298 3413 339 3463 De
353 3413 421 3478 glor.
435 3413 498 3462 Ath.
511 3427 574 3477 pag.
588 3361 640 3464 348
650 3415 682 3463 1⁴¹.
697 3431 749 3464 nec

208 3482 361 3532 eibitamen
369 3485 513 3532 constante
524 3481 670 3532 inAristid.
681 3479 747 3548 [lll].

208 3565 272 3615 pag.
285 3549 335 3600 330
347 3551 377 3599 F.
402 3549 512 3599 Aeliani
531 3550 558 3598 in
573 3555 650 3600 sexto
663 3549 749 3599 ’Πιον-

209 3617 327 3680 gelionis
343 3617 388 3667 die
406 3633 481 3668 error
498 3617 561 3667 Ver.
575 3617 646 3666 Hist.
666 3618 702 3680 11,
715 3617 748 3667 25

208 3685 307 3734 dudum
331 3687 484 3750 oasIIgatue
509 3685 581 3734 est.“
621 3686 747 3735 Weese·

804 1849 961 1918 δρομιῶνος
989 1851 1088 1916 τρίτη
1110 1849 1236 1901 Plataeis
1265 1849 1345 1900 simul

804 1926 886 1986 atque
904 1920 939 1969 ad
953 1919 1081 1982 Mycalen
1100 1919 1221 1969 Graecos
1242 1917 1344 1970 vicisse

803 1993 911 2048 narrat,
931 1988 959 2036 in
977 2003 1009 2037 eo
1027 1992 1120 2036 tamen
1137 1985 1192 2036 sibi
1209 2001 1263 2034 uou
1281 2000 1344 2035 con·

804 2061 895 2118 stans,
915 2055 985 2120 quod
1002 2055 1097 2105 eodem
1114 2053 1176 2104 loeo
1193 2053 1221 2104 in
1234 2052 1343 2102 Camill.

806 2122 837 2174 lu
855 2127 1047 2174 commemorat
1059 2123 1293 2187 Metagedaionem,
1310 2107 1345 2170 ὃν

804 2187 921 2242 Βοιωτοὶ
937 2184 1097 2254 Πάνεμον
1113 2187 1244 2248 καλοῦσι,
1266 2203 1344 2254 quem

802 2262 952 2310 Panemum
976 2273 1036 2310 cum
1058 2257 1255 2309 Boiidromione
1280 2273 1344 2306 eon-

801 2328 896 2378 venite
921 2326 1009 2377 altero
1029 2326 1091 2377 loeo
1112 2326 1250 2392 professus
1275 2329 1341 2374 erat.

803 2396 880 2458 Quae
900 2409 960 2444 cum
978 2395 1018 2444 ita
1030 2395 1096 2453 sint,
1116 2394 1265 2444 Penemum
1283 2409 1344 2443 oum

802 2462 1017 2528 Metageituione
1035 2462 1070 2526 (i.
1086 2478 1108 2512 e.
1127 2459 1264 2526 Augusto)
1282 2476 1343 2511 con·

802 2532 911 2592 venire,
936 2535 1087 2596 praeeunte
1108 2529 1251 2580 Boeclrhio
1271 2527 1343 2578 haud

803 2600 885 2666 pauci
901 2603 1070 2658 statuerunt,
1088 2598 1231 2648 dubitante
1250 2611 1342 2662 quem-

801 2669 844 2719 vis
862 2667 893 2716 0.
907 2667 952 2716 Fr.
969 2666 1128 2716 Hermanno
1146 2664 1267 2728 (Grieoh.
1287 2663 1343 2714 Mo-

802 2733 956 2786 netekunde
974 2750 1038 2800 pag.
1052 2733 1084 2783 72
1101 2732 1201 2799 seqq),
1227 2733 1272 2798 qui
1290 2732 1343 2781 Pa·

802 2817 909 2854 nemum
916 2817 1035 2853 mensem
1045 2817 1144 2852 nonum
1154 2800 1343 2866 postbrumam

802 2887 863 2922 esse
882 2869 999 2936 indeque
1017 2871 1105 2936 magle
1124 2870 1157 2919 ad
1170 2868 1344 2919 Boiidromio·

802 2955 863 2988 nem
877 2936 1089 3004 (Septembrem)
1108 2936 1243 2987 accedere
1254 2941 1341 3000 putat.

802 3007 881 3057 Illam
905 3008 1071 3057 seritentiam
1100 3006 1125 3055 si
1149 3005 1286 3070 sequimur
1310 3019 1343 3054 ao

801 3075 949 3125 Panemum
968 3089 1028 3124 cum
1045 3073 1263 3138 Metageitnione
1280 3087 1344 3122 con-

802 3157 899 3208 gruere
917 3143 1076 3204 statuimus,
1100 3143 1212 3206 quartus
1229 3140 1288 3190 dies
1310 3156 1344 3189 ex

802 3211 854 3261 fine
871 3211 985 3260 Panemi
1002 3211 1031 3260 ia
1048 3211 1112 3260 diem
1126 3211 1263 3258 electionum
1279 3222 1342 3257 arx-

801 3287 850 3328 tum
857 3279 1084 3342 Metageitnionis
1095 3277 1176 3327 cadet
1186 3289 1272 3340 eoque
1283 3277 1343 3340 ipso

801 3346 846 3396 dia
864 3361 982 3412 pugnarn
1004 3351 1146 3410 utramque
1169 3344 1344 3394 commissam

802 3429 872 3474 esse,
890 3415 975 3478 igitur
986 3418 1049 3479 post
1061 3413 1178 3463 medium
1191 3412 1344 3476 Augustum

801 3483 866 3532 anni
883 3481 933 3531 471)
954 3497 976 3530 s.
996 3481 1103 3546 Olymp.
1122 3479 1235 3540 Lxxv,
1253 3479 1269 3526 2
1287 3483 1344 3528 sta-

800 3549 929 3598 tuendum
948 3549 1000 3598 erit
1022 3565 1081 3599 curm
1100 3545 1281 3598 Muenschero
1299 3545 1342 3596 De

800 3617 875 3666 rebb.
890 3615 1062 3666 Plataeones.
1076 3633 1140 3682 pag.
1153 3613 1186 3665 59
1198 3629 1266 3678 seq,
1285 3613 1343 3664 alia

800 3699 905 3750 quoque
925 3689 1087 3749 argumenta
1099 3683 1269 3750 proferente:
1289 3697 1342 3732 nce

208 3755 282 3814 itaq.
313 3753 430 3816 Scripsit
447 3754 572 3802 nimirum
585 3751 748 3802 Plutarchus
799 3751 910 3803 multum
945 3752 1074 3802 recedere
1109 3751 1171 3800 inde
1205 3755 1342 3816 putamus,

209 3819 237 3867 in
250 3819 424 3869 Vitriristid.
440 3819 531 3882 lofin„
545 3835 664 3900 pugnam
678 3837 748 3870 eom·
800 3819 870 3886 quod
888 3821 932 3870 die
945 3822 1059 3871 uicesimo
1076 3821 1181 3884 ετμίίιαο
1194 3819 1340 3884 MetageIt-

202 3885 318 3934 missam
341 3901 402 3935 esse
422 3885 457 3951 τῇ
472 3885 587 3951 essaeos
609 3887 660 3937 cod
677 3889 748 3952 Βοη-
799 3889 889 3938 aionis
901 3901 1021 3954 pugnam
1034 3888 1205 3938 commissam
1222 3901 1281 3936 esse
1294 3903 1340 3934 vo·

210 3951 368 4016 δφομιιὸνος
398 3946 551 4018 ἴσταμὲνοα
580 3948 646 4005 κατ’
668 3949 748 4018 Ἀθη·
799 3956 889 4006 luerat
900 3955 1065 4019 Boeekhins‚
1078 3955 1193 4020 triginta
1204 3953 1264 4004 dies
1276 3953 1340 4004 huic

209 4018 321 4082 ναίους,
341 4015 413 4070 κατά
432 4015 464 4071 dl
478 4015 617 4080 Boscoreale
634 4018 748 4085 τετράδι
799 4023 886 4074 mensi
907 4023 1043 4082 tribuens,
1069 4023 1114 4088 qui
1132 4025 1237 4072 tantum
1255 4021 1341 4072 hebet

209 4085 260 4136 τοῦ
273 4080 409 4151 Πανέμου
422 4088 593 4152 φθίνοντος,
618 4091 747 4157 additque
799 4091 989 4156 undetriginta
1006 4089 1075 4156 (vid.
1088 4090 1174 4140 Index
1186 4089 1276 4139 Lectt.
1288 4089 1342 4138 Be-

210 4154 304 4204 oodem
322 4155 367 4204 dio
386 4155 473 4206 adhuc
486 4157 651 4209 Graecomm
669 4174 748 4222 syna·
799 4159 878 4209 rolin.
893 4165 960 4208 aest.
977 4157 1051 4209 1816.
1064 4175 1090 4224 μ.
1101 4159 1141 4222 4);
1179 4161 1258 4208 ostea
1270 4155 1342 4207 idem

209 4223 296 4272 drium
309 4220 434 4286 Plataeis
452 4227 598 4276 convenite
617 4241 650 4276 ao
668 4241 748 4277 saera
799 4229 897 4277 statuit
917 4225 981 4290 (Zur
999 4225 1097 4277 Gesoh.
1116 4225 1141 4276 d.
1189 4224 1342 4289 ondeyelen

209 4291 281 4340 serre
300 4290 358 4340 Iovi
371 4291 527 4343 Liberatori
544 4295 571 4342 in
591 4295 748 4344 memorIam
799 4309 862 4360 pag.
881 4293 923 4356 67)
947 4309 1067 4360 pugnam
1084 4293 1278 4343 Plataeensem
1295 4292 1342 4342 vel

209 4357 356 4418 victoriam
375 4359 471 4410 inVit.
490 4359 598 4410 Camill.
615 4359 645 4408 19
663 4363 747 4411 etDe
800 4361 905 4426 aliquot
928 4361 1025 4412 diebus
1055 4367 1119 4411 ante
1143 4352 1266 4424 τετράδα
1290 4359 1343 4410 τοῦ

209 4426 278 4493 glor.
292 4425 466 4477 Atheniense.
481 4427 564 4493 cep.7
576 4417 666 4490 μηνὸς
678 4428 748 4492 Βοη-
799 4422 937 4494 Πανέμου
947 4427 1107 4494 φθίνοντος
1117 4429 1290 4480 commissam
1300 4429 1341 4480 vi·
