3026 4970
470 480 736 542 CALLIOPE.
760 483 818 543 IX.
840 494 883 547 76.

1186 489 1248 551 257

118 661 230 742 ἔταμον
247 649 344 742 ὅρκια
363 653 416 722 ἐπὶ
435 651 522 747 λόγῳ
540 657 674 746 τοιῷδε·
699 648 742 742 ἢν
763 651 950 744 μδνὛλλος
967 654 1088 744 νικήσῃ
1106 654 1164 726 τόν
1183 669 1248 727 Πε-

118 763 339 842 λοποννησίων
362 749 524 844 ἡγεμόνα,
554 758 701 825 κατιέναι
721 750 937 847 Ἡρακλείδας
962 759 1014 826 ἐπὶ
1033 755 1248 848 solempniter·

116 851 153 944 ἢν
171 857 207 925 δὲ
219 860 355 946 νικηθῇ,
374 853 414 926 τό
433 863 573 945 ἔμπαλιν
587 851 803 947 Ἡρακλείδας
815 854 1087 929 ἀπαλλάσσεσθαι
1100 863 1154 928 καὶ
1166 856 1248 928 daci-

115 985 181 1045 γειν
202 954 264 1046 τὴν
287 955 462 1048 στρατιὴν,
499 956 618 1028 ἑκατόν
643 986 679 1028 τε
705 962 804 1030 έτέωυ
827 958 872 1048 μὴ
895 964 1027 1050 ζητῆσαι
1051 959 1193 1032 κάτοδον
1217 965 1249 1042 ές

115 1057 377 1146 Πελοπόννησον.
397 1065 582 1149 προεκρίθη
599 1088 634 1128 τε
654 1057 696 1148 δὴ
715 1064 751 1130 έκ
769 1058 904 1131 πάντων
921 1059 1103 1152 συμμάχων
1116 1067 1248 1133 ἐθελον-

115 1157 329 1250 τηςἝχεμος,
348 1155 366 1229 δ
387 1157 567 1250 Ἠερόπου,
592 1165 653 1230 τοῦ
676 1166 819 1250 Φηγέος,
844 1163 1024 1254 στρατηγός
1045 1191 1081 1233 τε
1105 1161 1169 1234 dciv
1193 1165 1248 1234 καί

114 1259 265 1348 βασιλεύς
283 1256 456 1352 ἡμέτερος,
476 1264 530 1330 καὶ
550 1261 798 1353 ἐμουνομάχησέ
812 1292 847 1334 τε
866 1267 920 1334 καί
939 1261 1247 1337 όπέκτεινεἮλον.

112 1359 161 1432 Ἐκ
178 1361 297 1432 τούτου
314 1366 375 1432 τοῦ
393 1369 492 1452 ἔργον
512 1358 682 1453 εὑρόμεθα
701 1368 737 1434 έν
754 1382 839 1436 τοῖσι
852 1375 1151 1455 Πελοποννησίοισι
1163 1384 1248 1437 τοῖσι

113 1461 181 1534 τότε
199 1466 253 1533 καὶ
272 1461 356 1534 ἄλλα
373 1467 471 1554 γέρεα
493 1463 636 1554 μεγάλα,
665 1463 705 1534 τὰ
729 1471 938 1558 διατελέομεν
957 1476 1096 1558 ἔχοντες,
1115 1471 1250 1539 καὶτοῦ

114 1568 221 1654 κέρεος
238 1569 299 1634 τοῦ
317 1567 431 1656 ἑτέρου
449 1568 514 1635 αἰεὶ
531 1561 764 1656 ἡγεμονεύειν,
789 1573 901 1657 κοινῆς
927 1569 1041 1652 ἐξόδου
1064 1573 1247 1660 γινομένης.

109 1661 198 1756 Ὑμῖν
215 1670 276 1756 μέν
293 1695 369 1754 νυν,
390 1657 417 1737 ό
434 1666 703 1758 Λακεδαιμόνιοι,
722 1665 784 1739 orla
801 1666 1017 1761 ἀντιεύμεθα,
1036 1668 1119 1740 ἀλλά
1138 1669 1248 1742 διδόν·

112 1795 163 1848 τες
181 1773 320 1858 αἵρεσιν,
339 1763 496 1860 ὁκοτέρου
514 1768 681 1858 βούλεσθε
699 1775 810 1862 κέρεος
828 1769 958 1864 ἄρχειν,
978 1781 1152 1864 παρίεμεν·
1187 1777 1250 1843 του

112 1997 190 2062 δοξοι
202 1995 252 2050 καί
264 1993 294 2050 οἱ
304 1990 441 2080 ἡγεμόνες
454 1992 654 2068 έμονομαὶγοον

110 2063 159 2116 καί
176 2059 206 2117 da
225 2069 404 2146 προαλησεως
425 2061 505 2120 τοῦτ’
524 2063 652 2134 ἐποίουν,

110 2127 141 2186 έν
157 2124 253 2193 ἄλλοις
270 2130 439 2202 είρηκαμενε
465 2137 500 2186 ad
517 2153 596 2202 quem
614 2137 653 2188 lo·

110 2219 169 2252 cnm
189 2202 270 2268 plura
291 2219 359 2254 sane
381 2205 528 2270 adscripsit
545 2207 581 2255 Is.
601 2205 653 2255 Ca-

109 2271 258 2332 sanbomis‚
284 2287 365 2322 unum
383 2276 488 2322 tantum
506 2273 586 2322 huius
604 2289 651 2338 pu-

109 2353 180 2403 gnae
195 2338 344 2402 singularis
361 2340 513 2404 exemplum
532 2339 652 2390 afferens

109 2423 141 2454 er
155 2407 265 2456 Diodor.
279 2406 371 2456 Sicula
384 2407 475 2468 XVII,
494 2407 541 2456 100
558 2408 591 2458 de
603 2407 653 2457 Co-

107 2473 169 2538 ragi
193 2473 270 2523 ducis
291 2474 452 2524 Macedonis
474 2491 567 2540 pugna
592 2489 652 2524 cum

106 2542 245 2606 Dioxippo
255 2541 419 2592 Atheniensi
432 2547 513 2606 atque
527 2557 560 2592 ex
570 2543 653 2592 athe-

106 2609 173 2658 naei
183 2609 273 2658 verbis
284 2599 420 2668 lucidiore
430 2603 587 2675 εἰρήκαμεν
597 2609 651 2659 col-

105 2676 206 2742 ligens,
214 2676 350 2726 Athenaei
359 2677 499 2742 peculiare
510 2691 577 2743 opus
588 2677 653 2727 olim

107 2744 262 2804 exstitisse,
282 2759 333 2808 quo
347 2745 472 2810 exempla
485 2746 583 2795 ducum
596 2745 653 2796 col-

104 2811 230 2874 legisset,
245 2811 290 2875 qui
300 2812 436 2877 singulari
446 2814 596 2863 certamine
610 2829 653 2863 sa-

104 2878 192 2928 intem
214 2881 382 2928 exercituum
403 2895 512 2930 suorum
534 2887 582 2930 aut
602 2882 654 2930 rei·

104 2945 238 3012 publicae
264 2946 451 2999 redemissent.
493 2949 547 2998 Sed
576 2953 653 2998 recte

104 3014 213 3064 monuit
225 3013 503 3080 Schweighaeuserus
521 3017 560 3080 (in
573 3015 652 3066 Cem-

104 3086 203 3131 mentt.
218 3082 253 3131 ad
264 3082 289 3131 h.
300 3081 318 3130 l.
329 3083 404 3133 Tam.
417 3084 451 3132 11.
464 3099 490 3148 p.
500 3083 569 3147 513),
582 3083 652 3133 haec

103 3149 246 3200 Athenaei
262 3149 347 3200 verba
364 3150 433 3200 nihil
453 3150 530 3199 aliud
548 3150 652 3214 signifi·

104 3233 173 3266 care
191 3217 257 3266 nisi:
281 3218 353 3276 alibi,
371 3219 388 3267 i.
403 3234 427 3267 e.
446 3218 473 3266 in
487 3217 544 3266 alia
562 3219 653 3283 operis

102 3289 201 3350 parte,
227 3286 349 3347 διἀἰαιαι,
381 3301 414 3334 ac
438 3286 540 3350 respici
565 3285 653 3335 locum

102 3352 188 3418 primi
206 3352 283 3414 libri,
310 3367 362 3418 quo
381 3352 415 3402 de
436 3351 479 3401 bis
497 3354 566 3402 satis
583 3368 654 3402 com·

101 3419 187 3470 mode
212 3421 267 3470 dici
291 3426 408 3486 poterat.
453 3420 542 3470 Prisci
571 3421 653 3470 moris

101 3488 195 3536 inisse
214 3488 265 3538 hoc
277 3503 388 3554 pugnae
405 3488 554 3552 singularis
567 3501 653 3549 genus

101 3555 148 3605 val
175 3571 209 3604 ex
227 3555 341 3605 Homeri
363 3555 406 3604 lli.
425 3557 480 3617 111,
503 3553 537 3604 98
558 3554 654 3618 colligi

100 3629 212 3688 potest,
227 3623 346 3688 itemque
360 3639 377 3672 a
390 3623 524 3673 Strabone
537 3623 611 3673 Vlll.
626 3638 652 3686 p.

99 3691 168 3750 3:³7,
195 3690 240 3755 qui
258 3691 412 3741 huiusmodi
430 3697 570 3741 certarnen
583 3705 654 3740 corn·

99 3773 262 3808 memorans
276 3759 303 3808 id
317 3757 377 3816 fieri
392 3759 489 3809 scribit
500 3753 573 3809 κατὰ
585 3752 654 3816 ἔθος

97 3843 128 3876 τι
140 3820 277 3876 παλαιόν.
296 3827 391 3892 Neque
402 3828 528 3892 cuiquam
540 3828 570 3876 in
580 3841 653 3875 men·

97 3901 161 3943 tem
175 3893 229 3942 'nitu
242 3895 320 3945 veuit
333 3895 508 3944 Horatiorum
521 3901 548 3945 et
559 3893 653 3944 Curia·

97 3963 209 4012 tiorum
220 3967 360 4012 certarnen
374 3963 445 4028 apud
455 3963 563 4013 LivInm
574 3963 594 4022 Ι,
606 3960 653 4023 2ος

98 4045 137 4078 ex
159 4029 301 4079 Herodoto
322 4029 442 4080 conferri
463 4045 569 4095 quoquo
591 4045 652 4095 poa·

96 4100 172 4146 sunt
185 4095 213 4144 hi
226 4096 281 4146 loci
294 4097 315 4159 Ι,
329 4095 370 4148 82.
383 4099 416 4158 V,
429 4097 471 4150 05.
499 4099 594 4162 Neque
607 4113 654 4148 ne·

95 4169 166 4215 stra
192 4167 271 4214 aetas
287 4165 390 4215 talibus
413 4169 490 4215 caret
512 4165 652 4231 exemplis.

95 4237 188 4282 Anno
201 4230 265 4280 1704
278 4232 330 4283 δυο
341 4233 481 4284 Gallorum
494 4233 577 4284 duces
588 4235 654 4296 (Dn-

93 4301 176 4366 phot
189 4303 218 4348 et
230 4299 351 4364 Lances)
364 4315 424 4351 cnm
437 4301 541 4351 duobus
554 4301 654 4366 Hispa·

94 4381 205 4418 riorum
215 4363 330 4418 ducibus
340 4373 404 4420 ante
416 4385 508 4422 arcem
517 4369 654 4435 Pigneros

94 4437 128 4486 in
152 4433 300 4484 Catalorir
329 4451 337 4456 ·
409 4438 415 4448 “
488 4435 564 4486 dnm
582 4451 654 4486 com-

156 4541 221 4582 nau

705 2005 848 2054 mittuntur
864 2009 946 2070 atque
965 2006 993 2054 in
1010 2005 1097 2070 ipsius
1110 2007 1248 2056 exercitus

703 2073 844 2138 utriusque
868 2077 1021 2138 conspectu
1044 2073 1085 2122 ita
1109 2088 1247 2138 pugnasse

703 2145 863 2202 narrantur,
881 2145 912 2190 ut
930 2147 1044 2205 uterque
1063 2141 1247 2205 Hispanorum

704 2206 757 2256 dux
779 2223 876 2257 caesus
901 2223 933 2256 ae
955 2213 1107 2271 prostratus
1129 2207 1246 2268 iaceret;

703 2273 774 2323 unde
794 2273 882 2324 Gallis
905 2275 1023 2324 victoria
1040 2275 1150 2339 obtigit.
1185 2273 1246 2324 vid.

703 2341 847 2402 Heymann
861 2341 890 2390 iu
901 2341 1011 2390 Erschii
1024 2346 1053 2390 et
1063 2341 1180 2390 Grubsri
1192 2341 1246 2390 En-

705 2408 865 2473 cyclopaerl.
884 2407 957 2457 Sect.
970 2409 992 2456 I.
1006 2407 1066 2458 Vol.
1079 2408 1206 2458 XXVIII.
1220 2423 1245 2473 p.

704 2475 762 2525 324.
793 2475 834 2524 Ad
851 2475 937 2526 verba
955 2468 1061 2540 ἔταμον
1077 2464 1160 2538 ὅρκια
1176 2475 1247 2526 coni.

704 2543 753 2624 IV²
766 2541 807 2592 70.
821 2543 879 2604 V11,
897 2541 943 2592 132
958 2543 1050 2608 ibique
1063 2548 1132 2592 nott.

739 2602 842 2661 εκατόν
854 2625 884 2661 τε
897 2602 993 2676 ἐτέων]
1007 2612 1026 2660 i.
1038 2627 1061 2660 e.
1071 2613 1141 2660 iutra
1152 2618 1248 2660 centum

704 2695 793 2728 aanor.
815 2679 872 2729 Nec
883 2679 965 2729 aliter
978 2678 1095 2743 simplex
1110 2679 1249 2743 genitivus

704 2747 741 2808 11,
755 2746 812 2797 115.
827 2747 878 2809 VI,
892 2745 936 2804 58,
956 2745 1000 2796 vel
1017 2747 1136 2795 usitatus
1154 2747 1182 2795 in
1199 2761 1249 2811 pn-

704 2815 786 2864 blicIs
797 2814 979 2874 documentis;
1012 2811 1180 2866 id.Boeckh:
1191 2815 1248 2864 Μο-

704 2881 897 2933 natsberichtt.
909 2829 1136 2930 d.Berlin.Acad.
1145 2881 1248 2932 d.Wis-

704 2949 811 3000 senech.
828 2947 900 3000 1853.
914 2963 978 3014 pag.
992 2947 1048 2998 162.
1072 2949 1103 2998 In
1117 2964 1248 2998 annorum

703 3023 799 3067 centem
816 3032 927 3066 numero
943 3015 1070 3080 congruit
1088 3031 1149 3066 cum
1161 3017 1248 3066 Hero·

704 3085 766 3134 doto
784 3084 874 3134 Schol.
888 3084 1011 3147 'Plrucyd
1024 3083 1051 3144 1,
1067 3082 1111 3145 12;
1132 3084 1177 3148 qni
1194 3084 1247 3134 hac

704 3153 737 3202 de
751 3167 778 3201 re
793 3153 912 3216 egerint,
926 3151 1017 3216 plures
1029 3150 1126 3201 laudat
1138 3151 1247 3200 Wesse·

703 3219 772 3284 ling.
786 3219 821 3268 ad
833 3219 947 3268 Diodor.
959 3218 978 3267 l.
992 3217 1010 3267 l.

730 3276 850 3352 Ἔχεμος
865 3277 880 3336 ό
898 3275 1040 3350 Ἠερόπου
1058 3282 1107 3334 τοῦ
1125 3279 1246 3350 Φηγέος]

705 3353 806 3416 Omnes
827 3354 891 3402 libri
913 3353 1011 3418 scripti
1029 3346 1152 3416 Φηγέος,
1177 3351 1248 3416 quod

705 3421 766 3470 inde
780 3421 950 3470 retinendum
964 3421 1036 3469 duxi.
1067 3420 1136 3467 Nam
1150 3435 1164 3468 e
1177 3419 1249 3467 Pau·

705 3490 785 3538 sauia
796 3488 872 3548 VIII,
886 3489 910 3537 4.
924 3489 947 3547 5.
961 3487 991 3550 7,
1011 3486 1058 3534 nbi
1072 3485 1120 3534 ille
1133 3491 1248 3534 vocatur

704 3550 832 3620 Κηφεὺς,
846 3555 918 3620 apud
927 3553 1096 3604 Herodotum
1110 3553 1248 3618 corrigere

704 3623 800 3673 volunt
823 3616 953 3688 Κηφέος,
983 3621 1117 3670 suadente
1142 3635 1248 3686 quoque

705 3691 851 3741 Siebelisio
864 3689 921 3754 (qui
934 3687 1143 3739 hunclt'cltemum
1156 3687 1247 3738 luctae

704 3759 855 3824 praemium
872 3757 969 3807 tulisse
987 3757 1016 3805 in
1029 3755 1173 3821 Olympico
1190 3771 1248 3806 cer-

705 3827 807 3876 tamine
820 3827 951 3876 observat
963 3841 978 3874 e
990 3823 1100 3874 Pindar.
1114 3823 1157 3874 01.
1167 3825 1201 3884 X,
1215 3823 1248 3872 70

705 3895 792 3960 seqq.)
811 3899 838 3943 et
849 3891 1003 3954 harchem,
1023 3893 1069 3957 qui
1085 3891 1136 3942 hoc
1149 3892 1183 3942 de
1197 3890 1248 3940 Ce-

704 3963 775 4028 pheo
787 3967 898 4028 praeter
911 3961 1067 4010 Pausaniae
1081 3959 1099 4009 l.
1111 3959 1128 4008 1.
1143 3961 1248 4009 exaltat

704 4029 859 4095 Apollodor.
873 4031 895 4087 l,
907 4026 933 4078 8.
943 4029 966 4089 §-
977 4027 1001 4076 ⁶2.
1015 4043 1080 4093 pag.
1090 4025 1123 4077 30
1135 4029 1194 4089 σιξ.
1209 4025 1247 4076 10.

704 4113 767 4164 pag.
785 4095 827 4145 40.
862 4095 936 4145 Hinc
953 4096 1051 4160 Negris
1068 4096 1175 4160 recepit
1189 4094 1247 4160 Κη-

705 4159 788 4229 piac:
803 4163 901 4229 reliqui
914 4164 1033 4213 editores
1043 4164 1072 4212 in
1081 4162 1193 4228 vulgata
1204 4177 1248 4212 ac·

705 4232 876 4300 quieveruut.
904 4231 945 4281 Ad
957 4230 1188 4296 significationem
1201 4245 1248 4280 vo-

706 4303 747 4350 cis
759 4293 843 4365 γέρεα
856 4301 987 4362 (maeres,
1003 4298 1146 4364 privilegia)
1164 4300 1193 4347 in
1205 4313 1247 4346 se·

706 4369 852 4433 quentibus
870 4368 943 4418 coni.
960 4367 1014 4432 111,
1031 4366 1078 4416 142
1095 4366 1188 4430 ibique
1207 4363 1248 4413 al·

705 4435 774 4487 lata.
787 4436 834 4500 IV,
850 4435 906 4488 143.
919 4435 982 4499 VII,
997 4433 1054 4486 134.

1008 4525 1046 4585 17
