3026 4970
688 429 954 494 HERODOTI

456 596 493 680 τῇ
508 593 609 656 πολλοὶ
627 594 779 658 πεσέονται
794 587 869 672 ὑπὲρ
887 589 1018 675 Λάχεσίν
1034 619 1064 658 τε
1079 591 1172 676 μόρον
1187 621 1217 660 τε

456 691 627 776 τοξοφόρων
644 693 771 774 Μήδων,
786 689 857 756 ὅταν
876 696 997 775 αἴσιμον
1011 679 1090 776 ἦμαρ
1106 695 1228 782 ἰπέλθη.

251 805 434 894 ταῦταμὲν
452 805 507 873 καὶ
525 800 737 894 παραπλήσια
754 799 995 872 retromissa
1007 812 1173 898 Μουσαίῳ
1187 811 1303 894 ἔχοντα
1314 803 1394 875 οἶδα

253 909 285 986 ἐς
304 907 444 997 Πέρσας,
472 900 489 974 ό
510 905 547 974 dt
566 902 756 996 Θερμώδων
774 901 916 994 ποταμός
935 906 1002 995 ῥέει
1019 903 1142 994 μεταξύ
1166 904 1337 997 Τανάγρης
1356 934 1393 975 τε

252 1009 307 1076 καὶ
326 1015 518 1087 Γλίσαντος.

205 1131 245 1193 44
328 1106 425 1178 Μετὰ
456 1109 494 1178 di
517 1105 579 1195 τὴν
603 1103 819 1197 ἐπειρώτησιν
842 1109 910 1176 τῶν
933 1111 1091 1196 χρησμόν
1113 1110 1168 1178 καὶ
1193 1115 1393 1198 παραίνεσιν

250 1207 312 1298 τὴν
331 1211 367 1279 ἐκ
384 1214 583 1300 Μαρδονίου
601 1205 662 1291 νύξ
680 1235 715 1277 τε
741 1211 866 1295 ἐγίνετο
893 1210 948 1278 καὶ
971 1212 1004 1288 ἐς
1027 1207 1178 1297 φυλακὰς
1202 1207 1390 1284 ἐτάσσοντο,

252 1413 324 1457 etum
337 1407 519 1473 pabulumque
529 1405 669 1471 gregibus.
688 1405 728 1453 Ex
737 1405 792 1454 Ho-

251 1477 318 1525 meri
336 1477 490 1524 imitatione
508 1475 618 1522 fluxisse
636 1473 713 1522 dicas
729 1487 792 1522 oon-

193 1599 196 1606 ,
251 1539 791 1604 ferens11i.1v‚3830011.11‚697.sumu.

250 1610 278 1658 iu
291 1609 380 1674 Apoll.
394 1610 444 1657 224
457 1609 485 1658 in
498 1610 582 1658 Mero.
595 1605 637 1656 88.
666 1608 697 1656 Iu
716 1623 792 1672 seqq.

250 1691 345 1726 vocem
355 1669 582 1743 βαρβαρόφωνον
588 1675 668 1739 attigi
679 1675 713 1724 ad
721 1675 791 1736 VIII,

251 1743 292 1793 21.
318 1737 399 1808 ἰϋγη,
414 1745 491 1793 ouius
504 1743 564 1792 loeo
578 1743 711 1792 Homerus
724 1741 793 1790 dixit

252 1805 352 1875 ἰοημός
363 1811 511 1868 Ili.XVIII,
521 1810 581 1870 57⁶2,
592 1815 635 1859 est
643 1813 745 1867 clamor,
758 1811 794 1858 lo-

250 1881 378 1928 mentatio.
409 1877 493 1927 Plura
506 1875 657 1926 Blomfield.
671 1878 701 1925 in
714 1875 793 1925 Glos-

251 1961 304 1995 sar.
324 1947 357 1995 ad
375 1945 504 2008 Aeschyli
522 1945 598 1993 Pers.
613 1942 659 1992 981
681 1942 743 1992 ooll.
759 1943 792 1992 ad

250 2027 321 2064 vers.
335 2011 393 2063 ²85.
422 2013 490 2062 Add.
504 2009 594 2061 Schol.
613 2010 648 2059 ad
660 2011 793 2060 Nicandri

251 2080 396 2130 Theriaoo.
415 2077 477 2128 400:
503 2071 568 2144 ἰνηή
592 2070 624 2127 dl
649 2073 731 2154 φμνή
749 2076 792 2136 τίς

251 2139 322 2210 ἔστι,
351 2138 404 2212 βοὴ
428 2136 631 2210 όδιοὲρθρωτορ
659 2137 717 2194 aad
740 2143 792 2196 τοῦ

250 2213 457 2282 συμβαίνοντος
468 2208 647 2289 πεποιημένη
659 2228 685 2262 ιι.
698 2227 721 2262 τ.
734 2212 758 2262 t.

282 2276 356 2345 ὑπὲρ
372 2276 498 2348 Λάχεσίν
514 2295 544 2332 τε
560 2293 650 2345 μορον
666 2294 697 2329 τε
714 2277 792 2341 τοξο-

251 2343 349 2416 φόρων
359 2345 483 2415 Μήδων]
502 2349 563 2398 Hoo
576 2363 682 2412 quoque
694 2349 723 2397 iu
737 2363 791 2397 mo·

249 2420 362 2468 moriam
380 2423 461 2469 voest
474 2417 635 2467 Homerios:
654 2406 726 2478 aiulo
743 2409 791 2481 μό-

250 2501 301 2548 ρον
313 2485 395 2550 (quod
409 2489 547 2550 exponunt
558 2475 630 2546 ὑπὲρ
643 2477 674 2532 τό
687 2481 792 2547 προσῆ-

248 2545 790 2686 32⁹alittttttt‘itltitlt

250 2682 337 2738 αἶσαν
355 2687 399 2737 111.
417 2687 469 2748 VI,
486 2684 545 2734 487.
575 2687 615 2734 Ae
633 2689 708 2734 reete
723 2685 791 2734 mihi

248 2756 329 2805 huius
353 2753 487 2804 formulae
515 2753 570 2804 vim
594 2752 714 2802 Nitzsoh.
745 2752 791 2812 (ad

250 2823 348 2884 Odyss.
361 2821 380 2871 l.
394 2821 411 2872 1.
425 2820 484 2870 Vol.
498 2822 519 2870 1.
533 2835 597 2902 pap.
612 2819 653 2897 11)
671 2821 711 2869 sle
729 2819 791 2868 red-

250 2889 352 2938 didisse
364 2889 486 2938 videtur:
505 2903 598 2952 „orreo
610 2902 713 2952 μορον,
728 2887 753 2938 d.
764 2887 791 2936 h.

250 2956 326 3004 mehr
342 2955 383 3005 als
400 2957 450 3006 das
468 2955 633 3022 allgomeine
646 2953 791 3004 Schioksal

250 3024 333 3072 ihnen
355 3025 482 3087 nutheilt,
509 3024 550 3073 als
567 3023 651 3072 ihnen
668 3037 721 3072 von
739 3023 792 3070 An·

249 3091 318 3156 sang
334 3091 473 3142 bestimmt
488 3093 554 3142 ist.“
590 3091 687 3153 Itaque
700 3090 792 3138 verbis

249 3149 321 3222 dale
333 3151 458 3225 Λάχεσίν
474 3173 503 3209 τε
521 3154 611 3222 μόρον
628 3170 658 3206 τε
676 3155 704 3217 (i.
719 3171 742 3206 a.
754 3161 794 3207 oet

247 3243 328 3290 supra
340 3229 431 3291 fatum)
449 3241 553 3277 summa
565 3223 705 3274 Medorum
723 3223 752 3286 (i.
767 3239 790 3273 e.

248 3295 403 3359 Persarum)
427 3300 536 3360 strages
558 3291 742 3357 significatur,
767 3292 791 3340 si

250 3363 357 3426 quidem
368 3363 411 3413 vel
421 3363 513 3428 plures
526 3358 696 3414 occumbent.
711 3373 791 3424 quam

248 3433 306 3481 tato
320 3431 429 3480 omnino
443 3435 471 3480 et
483 3429 517 3478 ab
531 3427 610 3476 initio
623 3426 789 3476 destinatum

249 3503 277 3548 et
290 3499 467 3549 constitutum
480 3499 548 3548 erat.
577 3493 650 3544 Medi
663 3493 791 3544 dicuntur

247 3567 398 3632 sagittiferi,
416 3579 471 3615 non
488 3569 545 3613 tarn
562 3561 597 3612 ob
615 3561 643 3610 id
656 3575 790 3612 armornm

249 3649 348 3698 genus,
367 3633 401 3682 de
420 3647 471 3696 quo
488 3631 587 3680 Noster
603 3629 666 3692 VII,
684 3625 732 3690 ol,
746 3627 789 3692 61,

248 3717 327 3765 quam
342 3699 411 3766 quod
430 3701 457 3748 in
470 3699 626 3747 universum
640 3696 710 3761 apud
724 3712 789 3762 geu-

249 3775 291 3818 tea
303 3766 452 3817 orientales
464 3765 553 3830 ulguit
566 3779 676 3814 arcuum
690 3779 734 3814 ars
748 3770 788 3814 st·

249 3851 299 3900 que
312 3849 377 3884 usus
387 3832 469 3883 aliter
479 3839 561 3896 atque
572 3833 643 3896 apud
653 3832 789 3883 Graecos:

248 3905 281 3952 de
295 3917 347 3966 quo
360 3903 397 3951 ci.
410 3905 480 3950 nott.
492 3901 526 3949 ad
538 3901 565 3961 I,
579 3899 619 3950 73.
633 3901 686 3960 111,
700 3899 741 3949 21.
756 3901 787 3964 V,

247 3969 290 4018 411.
301 3995 336 4006 -
353 3965 469 4032 αἴσιμον
487 3953 563 4034 ἦμαρ
581 3969 679 4030 (fatalis
694 3968 750 4018 dies
766 3983 788 4019 s.

247 4039 329 4098 mors)
363 4037 510 4086 Homerum
539 4051 644 4102 quoqne
674 4035 788 4098 redolet,

249 4119 328 4168 quem
341 4104 413 4154 eoni.
427 4103 469 4153 Ili.
482 4104 559 4164 VIII,
573 4103 615 4154 72.
628 4105 716 4166 XXII,
731 4104 789 4154 212.

249 4171 347 4248 Odyss.
366 4171 441 4252 xri,
460 4171 518 4222 280.
553 4173 610 4221 Neo
630 4171 685 4222 allo
707 4187 790 4260 sensu

248 4239 789 4368 111111.1σ11111111111ι1ξῑ

248 4375 549 4442 hibuimus‚·SehaoIor.
562 4375 598 4426 ad
610 4375 722 4440 Dionys.
733 4375 790 4423 Ha·

845 1405 891 1456 lio.
912 1407 953 1456 De
972 1421 1089 1484 compos.
1106 1407 1199 1456 verbb.
1214 1405 1391 1473 pag.210de

845 1473 980 1523 vocabulo
1002 1488 1088 1539 μορος
1110 1467 1210 1538 (satum)
1232 1474 1390 1540 disputans.

844 1541 950 1590 Monuit
964 1541 1112 1592 Creraerna.
1139 1542 1182 1592 Cf.
1196 1543 1296 1592 Herod.
1309 1543 1343 1606 V,
1357 1543 1389 1592 21

845 1607 937 1672 ibique
950 1614 1018 1658 nott.

878 1669 984 1739 μεταξὺ
999 1668 1153 1741 Τανάγρης
1165 1691 1194 1726 τε
1206 1672 1256 1726 καὶ
1270 1675 1393 1727 Γλίσαν-

845 1741 901 1808 τος]
926 1743 968 1792 De
990 1743 1109 1808 Τοπαμνο
1129 1745 1184 1794 ν1ι1.
1201 1749 1271 1794 nott.
1290 1744 1324 1793 ad
1342 1746 1391 1800 lx.

847 1809 886 1860 15.
917 1809 1086 1874 Γλίσαντος,
1106 1811 1184 1860 ouius
1201 1811 1262 1861 loeo
1276 1811 1338 1871 alii,
1359 1819 1392 1861 ut

845 1877 976 1942 Stephon.
992 1879 1057 1942 Bys.
1071 1895 1092 1928 e.
1105 1895 1130 1928 v.
1144 1894 1209 1944 pag.
1223 1879 1285 1941 275,
1307 1877 1392 1928 Γλίσ-

844 1958 954 2007 σαντος,
969 1961 1062 1995 omnes
1075 1945 1140 1995 libri
1152 1947 1303 1996 Herodotei
1315 1947 1392 1995 exhi-

844 2012 910 2061 bent
922 2014 1042 2078 itemque
1054 2013 1209 2064 Pausanias
1220 2015 1268 2076 IX,
1280 2011 1318 2063 111.
1328 2015 1353 2074 §-
1364 2017 1390 2072 2,

843 2079 890 2129 ubi
903 2080 973 2129 alios
986 2095 1092 2146 quoque
1112 2082 1218 2131 excitat
1229 2086 1316 2131 testes
1328 2083 1392 2132 Sie-

842 2147 914 2196 belis
933 2147 1008 2210 adl,
1021 2149 1063 2198 44.
1078 2149 1101 2210 5.
1115 2147 1140 2198 7.
1153 2165 1216 2214 pag.
1232 2149 1279 2199 155
1296 2149 1331 2198 de
1349 2149 1390 2198 di·

844 2229 926 2265 versa
944 2221 1076 2265 accentus
1089 2216 1196 2266 ratione
1214 2231 1319 2282 quoqne
1333 2233 1390 2266 mo-

844 2297 920 2340 nens,
934 2282 968 2332 de
981 2298 1035 2347 qua
1048 2283 1131 2332 etiam
1142 2284 1197 2334 vid.
1208 2283 1390 2334 Graeienhan

844 2351 873 2398 in
886 2349 1036 2400 Grammat.
1056 2351 1126 2415 epia.
1146 2350 1251 2401 diali.
1270 2367 1296 2416 p.
1309 2349 1342 2400 ssl
1361 2355 1391 2400 et

843 2417 979 2482 Spitzner.
993 2417 1028 2467 ad
1038 2419 1148 2471 Homer.
1162 2417 1207 2467 Ili.
1217 2419 1255 2478 II,
1268 2417 1327 2480 504,
1340 2419 1392 2468 ubi

844 2485 919 2534 urbis
936 2485 991 2534 iam
1009 2484 1039 2534 fit
1057 2487 1173 2548 montio,
1193 2487 1270 2536 ouius
1288 2501 1391 2536 nomen

845 2557 872 2600 et
885 2550 989 2610 Pitoura
1002 2557 1030 2602 et
1043 2550 1148 2610 Plestia
1162 2554 1294 2618 seriptum
1307 2569 1389 2619 repe·

842 2620 918 2669 ritur.
954 2622 1019 2685 Ipsa
1041 2621 1105 2669 urbs
1128 2625 1232 2686 septem
1254 2621 1355 2671 stadiis
1373 2637 1391 2670 a

842 2687 992 2737 Teumesso
1011 2693 1117 2738 remota
1132 2693 1159 2738 et
1171 2689 1278 2752 Hypata
1292 2689 1388 2750 monti,

844 2755 887 2804 eui
904 2770 976 2804 nuno
993 2771 1091 2805 nomen
1105 2755 1290 2820 Klspte'tobuni,
1309 2757 1390 2806 adia-

844 2837 918 2883 cens,
933 2822 967 2872 ad
978 2821 1148 2873 Thebaidem
1161 2825 1302 2888 pertinuit,
1316 2829 1389 2872 teste

842 2889 983 2939 Pausania
1000 2889 1018 2940 1.
1036 2891 1053 2940 l.
1073 2895 1101 2939 et
1115 2889 1241 2941 Strabou.
1255 2891 1302 2940 1x.
1322 2895 1389 2956 pag.

843 2955 892 3004 112
909 2973 930 3007 s.
950 2957 1036 3007 6311.
1056 2957 1118 3007 σοΙΙ.
1138 2957 1388 3019 Stat.Theb.V11,

843 3023 901 3074 306.
931 3025 992 3074 Vid.
1006 3025 1108 3075 Kruse:
1122 3025 1197 3076 Hell.
1210 3026 1245 3088 II,
1260 3025 1283 3076 l.
1297 3041 1324 3090 p.
1338 3023 1390 3075 568

844 3096 871 3140 et
884 3091 957 3141 conl.
969 3093 1066 3142 Leake
1080 3092 1098 3142 l.
1112 3091 1129 3142 l.
1143 3094 1177 3142 11.
1191 3109 1254 3159 pag.
1267 3092 1327 3154 etr,
1341 3093 1389 3158 qni

844 3159 877 3210 ad
891 3159 1014 3209 dextram
1024 3161 1232 3211 Thermodontis
1245 3161 1333 3225 ripam
1343 3176 1389 3210 ur-

843 3227 904 3276 bem
917 3228 1000 3276 situm
1013 3227 1097 3277 inisse
1111 3233 1204 3294 putat,
1223 3243 1304 3294 qnam
1317 3229 1390 3278 Roas

843 3294 1040 3360 (Morgenhlatt
1058 3293 1133 3345 1835.
1152 3311 1191 3344 nr.
1208 3295 1268 3346 209.
1285 3311 1312 3360 p.
1325 3294 1389 3358 835)

844 3377 875 3411 eo
888 3361 948 3412 loeo
967 3363 1105 3412 exstitisse
1122 3363 1194 3426 vult,
1217 3377 1297 3429 quem
1315 3379 1389 3412 auno

842 3435 960 3495 occupat
976 3431 1055 3480 vious
1072 3429 1190 3482 Sirdaolli
1205 3431 1241 3480 ad
1258 3431 1390 3480 meridio-

841 3497 919 3546 nales
936 3497 1041 3563 Hypati
1059 3498 1235 3549 declivitates
1256 3499 1328 3548 situs
1346 3504 1389 3548 at·

842 3579 894 3629 qne
917 3565 1000 3616 horae
1025 3565 1137 3615 dimidio
1162 3566 1266 3616 distans
1291 3567 1327 3615 ab
1353 3581 1389 3616 ea

840 3633 1388 3766 arrasumtarrarua

1302 3739 1308 3763 1

840 3783 912 3818 nune
931 3759 1056 3834 όΛᾶρης
1067 3775 1197 3832 vocatur,
1216 3769 1271 3819 iam
1290 3768 1325 3818 ad
1338 3769 1386 3830 IX,

843 3835 873 3886 15
885 3838 1045 3887 monuimus.

1022 4005 1088 4057 Car.
1107 4007 1203 4058 XLIV.

876 4101 955 4159 Μετόι
969 4101 1001 4159 dl
1013 4101 1066 4175 τήν
1079 4099 1263 4174 ἐπειρώτησιν
1275 4125 1300 4160 ιι.
1313 4125 1336 4160 τ.
1350 4107 1386 4176 1.]

841 4177 858 4226 i.
867 4183 956 4242 apost
968 4178 1032 4226 donc
1044 4179 1269 4242 interrogationem
1280 4177 1314 4227 de
1326 4193 1387 4227 ora-

841 4244 909 4293 eulis
923 4249 950 4294 et
962 4245 1159 4295 oodonotionem
1177 4244 1224 4306 (ad
1236 4244 1331 4310 dnees)
1342 4247 1387 4309 sa-

840 4319 905 4362 etam
917 4328 934 4361 ο
946 4311 1085 4363 Mardonia
1097 4315 1191 4379 ingruit
1203 4328 1265 4362 παπ.

876 4369 904 4436 ἐς
921 4371 1052 4445 φυλακὰς
1070 4371 1230 4447 ἐτάσσοντο]
1256 4379 1296 4430 hd
1309 4379 1387 4432 locu·
1425 4441 1427 4446 ¹
