3026 4970
442 463 707 524 CALLIOPE.
731 465 821 524 VIII.
842 472 886 526 25.
901 472 950 546 26.
1200 467 1263 527 255

124 632 187 704 οὐκ
204 630 345 723 ὑψηλῶν
363 637 417 704 καὶ
435 631 562 704 άιιέδον
579 642 711 725 χωρίου.
745 631 910 705 Ἐνθαύτα
929 636 965 703 έν
982 637 1024 723 τῇ
1042 631 1168 717 διατάξι
1194 636 1309 722 έγέ-26

72 756 124 808 703
131 764 206 806 νετο
224 734 333 823 λόγων
351 733 470 816 πολλός
488 732 636 825 daronis
653 738 842 824 Τεγεητέων
858 763 896 805 τε
914 737 968 804 καὶ
978 730 1175 822 Ἀθηναίων.
1198 739 1262 805 ἐδι-

124 845 242 907 καίευν
259 834 322 926 γάρ
341 833 435 906 αὐτοὶ
461 835 608 927 ἑκάτεροι
633 844 720 927 ἔχειν
742 834 778 906 τό
802 839 915 925 ἕτερον
938 839 1051 926 κέρας,
1087 838 1142 905 καὶ
1165 835 1264 906 καινά

123 941 179 1008 καὶ
197 936 320 1008 παλαιά
338 941 586 1029 παραφέροντες
606 945 694 1026 ἔργα.
725 941 823 1008 τοῦτο
840 938 902 1026 μὲν
919 943 954 1006 oi
974 941 1131 1025 Τεγεῆται
1149 945 1264 1026 ἔλεγον

123 1039 212 1109 τάδε·
244 1035 356 1128 Ἡμεῖς
383 1047 451 1109 αἰεί
474 1067 549 1109 κοτε
575 1036 757 1129 ἀξιεύμεθα
783 1037 903 1126 ταύτης
929 1042 986 1126 τῆς
1007 1037 1114 1122 τάξιος
1139 1042 1264 1110 ἐκτῶν

123 1139 305 1230 συμμάχων
322 1136 491 1228 ἁπάντων,
509 1137 583 1210 όσαι
600 1139 665 1229 ἤδη
684 1145 790 1224 ἔξοδοι
808 1143 916 1210 κοιναὶ
932 1143 1083 1228 ἐγένοντο
1094 1150 1263 1211 Πελοπον-

122 1249 266 1330 νησίοισι
290 1245 345 1311 καὶ
367 1240 404 1312 τό
429 1239 569 1312 παλαιόν
592 1244 646 1311 καὶ
670 1239 706 1312 τό
729 1240 825 1330 νεόν,
853 1245 885 1325 έξ
911 1245 1040 1311 ἐκείνου
1063 1245 1124 1311 τοῦ
1140 1239 1263 1331 χρόνον

124 1347 200 1413 iusi
219 1371 255 1413 τε
274 1338 485 1432 Ἡρακλεῖδαι
510 1346 687 1434 ἐπειρῶντο
708 1341 792 1432 μετά
814 1341 873 1413 τόν
895 1339 1092 1432 Εὐρυσθέος
1114 1342 1264 1414 θάνατον

123 1443 290 1526 κατιόντες
309 1449 341 1526 ές
359 1443 628 1532 Πελοπόννησον.
664 1443 737 1514 τότε
756 1440 924 1536 εὑρόμεθα
940 1448 1037 1514 τούτο
1057 1441 1112 1514 διά
1129 1448 1263 1536 πρῆγμα

123 1640 220 1708 ligitur
232 1649 322 1692 autern
336 1643 413 1708 regio
424 1647 511 1708 plana,
524 1647 554 1692 ut
567 1643 588 1704 l,
604 1641 666 1692 110:
719 1642 779 1705 isv3
800 1643 843 1702 vl,
857 1641 904 1692 98:
923 1639 1092 1706 uninomia
1109 1638 1167 1692 καὶ
1181 1631 1263 1692 ὕστα-

122 1702 271 1826 {imni
283 1706 404 1777 Μηδικὴ
422 1705 497 1790 χάρη
518 1702 667 1788 lovincias
718 1727 768 1772 τας
796 1711 824 1788 I,
842 1709 888 1759 iil:
912 1699 1031 1776 κομίσας
1052 1707 1111 1760 καὶ
1132 1703 1263 1775 χρήματα

150 1776 268 1835 vindoc,
287 1783 316 1826 et
333 1779 384 1840 1x,
402 1778 448 1827 102
465 1777 598 1836 ακεδος
616 1795 667 1844 2⁰2-
718 1775 778 1832 sni
795 1775 914 1842 ανδρας.
955 1779 1023 1828 Add.
1041 1779 1068 1838 1,
1088 1777 1121 1828 73
1143 1785 1172 1827 et
1190 1779 1263 1830 coni.

124 1861 180 1908 ρος.
204 1847 280 1906 Quse
294 1847 349 1895 inm
363 1847 503 1896 attulimus
516 1846 551 1896 ud
564 1847 610 1908 1v,
624 1846 665 1910 ot,
719 1845 859 1911 Hartung:
878 1845 966 1895 Lshrs
984 1862 1010 1898 v.
1030 1846 1056 1896 d.
1070 1846 1176 1895 Partilr.
1195 1847 1217 1896 1.
1236 1863 1262 1912 p.

123 1913 171 1962 nbi
184 1913 238 1963 vid.
252 1917 318 1962 nott.
720 1913 845 1990 Πείρας,
1184 1973 1191 1992 ’

759 1979 926 2062 αξιενμεθα
949 1977 1054 2046 ταύτης
1082 1979 1133 2062 τῇς
1156 1977 1263 2058 ταξρος]

717 2046 1263 2234 ultissimis·uiuus

156 2175 247 2247 λόγων
258 2177 360 2241 πολλὸς
369 2173 509 2249 ω’θισμός]
524 2183 586 2234 Vid.
597 2187 666 2233 nott.
717 2177 801 2245 τάξιν
827 2198 900 2248 zeto:
920 2189 948 2233 et
959 2184 1143 2234 Athenienses
1156 2200 1216 2248 cap.
1229 2185 1262 2232 27

122 2251 312 2310 ndvl1‚2·25;
331 2243 440 2315 μεγάλη
453 2243 603 2316 λογστριβὴ
623 2267 667 2301 ox·
718 2239 755 2314 άρ
785 2242 820 2301 ού
839 2250 951 2302 δίκαιοί
964 2245 1045 2316 εἰμεν
1062 2246 1138 2315 ἔχειν
1154 2244 1263 2314 ταύτην

121 2318 242 2384 plicatur
259 2320 287 2367 in
300 2319 520 2383 Neogrnecornrn
532 2335 665 2380 sermone,
718 2315 771 2384 τὴν
789 2311 880 2380 τάξιν.
915 2319 988 2368 Hinc
1006 2321 1034 2367 in
1047 2318 1189 2368 Plutarchi
1207 2319 1262 2366 Vit.

121 2391 151 2434 ut
163 2387 269 2452 prnlcrt
279 2385 522 2450 Theochsropulos
540 2386 568 2434 in
580 2387 668 2435 Voca-
718 2387 830 2436 Aristid.
850 2385 889 2434 12.
914 2401 950 2450 pu
971 2422 977 2434 .
995 2384 1088 2435 atuh.
1117 2376 1262 2450 Ἀθηναῖοι

121 2453 210 2503 bulur.
223 2469 287 2518 pag.
299 2452 357 2504 2³3.
387 2453 466 2514 Quod
478 2453 542 2502 olim
556 2453 667 2517 logcbs·
723 2445 877 2517 Τεγεάταις
899 2401 970 2516 neni
985 2446 1091 2514 τάξεως
1109 2445 1262 2516 ἐρίσαντες.

121 2526 166 2570 tur
177 2519 287 2571 uotiuis
300 2521 328 2570 in
340 2520 462 2570 Floront.
477 2535 583 2586 qnoque
598 2520 669 2570 libro
720 2521 768 2570 Lis
791 2525 851 2569 erat
872 2535 925 2570 uon
948 2519 1017 2570 adeo
1033 2520 1067 2569 de
1085 2519 1158 2582 loco,
1183 2535 1262 2586 quem

122 2590 316 2654 conspicuum,
337 2587 437 2638 dudum
455 2589 574 2638 correxit
590 2588 667 2638 Wes·
719 2589 889 2648 obtinerent,
908 2586 956 2638 sod
968 2589 1020 2636 artri
1029 2603 1108 2637 cornu
1119 2589 1262 2638 altercacio

121 2656 221 2721 scling.
235 2657 309 2706 Dies.
320 2655 421 2706 Herod.
432 2656 479 2704 XI.
491 2671 553 2720 pag.
563 2653 613 2705 205
626 2671 668 2704 rs·
718 2657 812 2706 hostem
824 2655 975 2705 deicerent.“
1000 2655 1036 2704 W
1039 2658 1185 2720 ιιιιιίκη.
1209 2655 1262 2705 Pro

121 2739 226 2790 ponens
238 2717 354 2786 πολλὸς,
368 2729 400 2773 ut
411 2723 492 2785 v111,
506 2724 539 2772 78
552 2728 579 2773 et
592 2727 666 2772 rectc
718 2721 768 2789 τῆς
780 2715 877 2785 τάξιος
893 2738 949 2773 una
961 2722 1061 2772 Aldina
1078 2721 1128 2789 τῆς
1140 2715 1262 2781 στάσιος.

121 2793 321 2858 interpretans:
339 2793 470 2841 vehemens
487 2791 617 2841 verborum
630 2795 666 2840 sl·
717 2791 780 2840 vid.
799 2791 849 2852 tx,
868 2790 911 2839 21.
930 2815 960 2826 -·
979 2791 1011 2840 ln
1028 2806 1103 2856 seqq.
1122 2779 1186 2841 ὅσαι
1204 2780 1262 2857 ἤδη

120 2865 238 2909 terentio.
257 2859 419 2909 adverbum
431 2850 579 2909 ἐδικαίευν
592 2859 664 2908 coni.
719 2853 813 2920 ἔξοδοι
832 2859 953 2909 breviter
970 2857 1072 2934 dictum
1089 2873 1138 2924 pro
1156 2850 1187 2909 έν
1199 2861 1262 2918 ταῖς

121 2933 189 2976 nott.
204 2927 238 2976 ad
251 2927 327 2984 Vlll,
344 2925 391 2976 1⁶26
409 2933 437 2977 et
454 2927 489 2976 sd
504 2927 666 2992 pronomina
717 2929 830 2985 κοιναῖς
843 2919 962 2989 ἐξόδοις,
976 2939 1040 2976 οσαι
1053 2927 1152 2975 statuit
1164 2927 1261 2977 Matth.

121 2985 205 3044 αύτοι
223 2993 281 3056 (ubi
299 2994 364 3044 olim
381 2994 452 3044 mals
465 2985 585 3058 αάτέαν)
603 2985 666 3044 έκιὶ-
718 2995 765 3045 Gr.
777 2995 822 3044 Gr.
834 2995 922 3054 §.ltu
935 2995 967 3044 ll.
982 3019 1013 3028 -
1027 2995 1080 3044 Pro
1092 2986 1124 3044 τὸ
1136 2989 1263 3044 παλαιόν

120 3077 197 3127 τεροι
207 3061 307 3111 Matth.
319 3061 365 3112 Gr.
375 3062 421 3112 Gr.
433 3064 456 3123 ξ.
467 3061 518 3112 463
530 3063 575 3112 tin.
596 3062 665 3111 Con·
718 3063 771 3111 duo
785 3063 863 3112 codd.
876 3055 908 3112 τό
919 3054 1019 3124 πάλαι,
1032 3067 1062 3112 ut
1070 3062 1117 3124 IV,
1132 3061 1187 3112 180.
1201 3063 1261 3122 Vll,

121 3130 215 3179 ierunt
227 3130 276 3190 111,
289 3128 335 3190 82,
350 3130 397 3179 ubi
410 3121 496 3188 αάτός
509 3124 625 3187 ἕκαστος
639 3135 667 3179 et
720 3129 776 3182 142.
791 3131 842 3192 IX,
856 3131 897 3180 72.
934 3130 988 3180 Sed
1005 3125 1037 3178 τὸ
1049 3122 1174 3180 παλαιὸν
1185 3132 1262 3180 inve·

120 3198 154 3258 V,
170 3195 201 3248 13
214 3187 287 3246 αύτά
301 3191 414 3247 ἕκαστα,
434 3197 511 3258 Quod
524 3213 589 3247 vcro
602 3197 666 3246 Vul-
717 3197 792 3247 nitur
809 3213 916 3262 quoquo
933 3197 998 3258 Vll,
1021 3196 1080 3258 129,
1099 3197 1180 3262 idque
1198 3197 1262 3248 huic

122 3257 244 3314 okenrd
255 3258 666 3329 ἓτερσνκέραςηοτοαρὶιοιοίιι-
717 3263 778 3314 loco
797 3281 829 3314 eo
847 3265 935 3330 magis
949 3271 1057 3329 aptum,
1075 3265 1122 3314 ubi
1140 3266 1263 3328 sequitur

121 3347 193 3382 mum
210 3333 265 3382 dici
283 3339 362 3398 putot
379 3335 612 3394 sicutnumerus,
631 3332 665 3381 ob
717 3325 749 3381 τὸ
773 3328 848 3382 estis.
885 3333 932 3382 Cr.
958 3331 1034 3381 addit
1058 3331 1201 3382 Heindorf.
1227 3332 1261 3380 ad

121 3399 261 3450 Plutarch.
272 3401 327 3450 Vit.
339 3399 450 3449 hristid.
462 3399 500 3457 12,
514 3399 561 3448 ubi
571 3399 604 3448 de
619 3415 665 3448 oa·
717 3399 825 3449 Platon.
838 3399 1000 3463 Euthydem.
1012 3399 1036 3459 θ.
1050 3399 1091 3449 40.
1104 3414 1166 3463 pag.
1180 3399 1239 3449 355.

120 3468 183 3517 dens
199 3467 402 3534 disceptatione
426 3467 499 3517 inter
515 3466 665 3516 Athenien·
757 3458 909 3530 ἐπειρῶντο
927 3493 960 3501 -
976 3457 1132 3531 κατιόντες]
1157 3465 1262 3514 Eadem

121 3551 166 3585 ses
178 3537 253 3586 ct'le
275 3541 355 3585 estas
369 3535 494 3591 scientur.
508 3534 605 3584 merito
618 3533 664 3583 ob·
716 3539 854 3584 structura
870 3535 922 3594 IX,
937 3531 970 3583 33
989 3537 1017 3582 ot
1033 3533 1059 3591 l,
1075 3532 1121 3595 77,
1140 3533 1188 3582 ubi
1205 3531 1261 3582 vid.

121 3603 241 3668 loquitur
253 3551 512 3669 gelweighaeuseu
532 3617 592 3652 cum
610 3594 665 3650 ἓτε·
717 3607 784 3652 nott
814 3595 944 3651 κατιέναι
961 3600 994 3650 de
1012 3601 1047 3650 iis
1060 3600 1129 3660 dici,
1147 3601 1194 3664 qui
1212 3615 1262 3664 ps-

121 3685 173 3735 ραν
196 3666 282 3735 κέρας
305 3670 464 3720 utrumlibet
492 3669 666 3732 intelligutur
717 3671 771 3718 tritt
787 3669 858 3734 pulsi
877 3669 905 3718 in
922 3668 1040 3733 patriam
1061 3667 1192 3728 redeunt,
1216 3683 1262 3718 ss·

120 3753 205 3788 cornu
222 3739 280 3788 sive
298 3739 437 3788 sinistrum
455 3739 513 3789 sive
531 3737 664 3786 dextrum.
718 3739 753 3786 tis
766 3741 872 3798 notum
893 3735 966 3786 coni.
980 3735 1034 3798 111,
1049 3735 1090 3784 45.
1109 3734 1146 3798 V,
1159 3733 1207 3797 62,
1225 3750 1260 3785 ne

119 3807 160 3856 lld
174 3807 325 3872 proximum
338 3803 420 3857 τοῦτο
432 3801 486 3871 μὲν
504 3821 556 3856 uon
575 3805 665 3870 sequi·
717 3805 806 3870 plura.
841 3803 883 3854 Ad
899 3803 1013 3854 verbum
1029 3793 1177 3866 εὑρόμεθα
1194 3804 1222 3866 (i.
1237 3819 1261 3854 e.

120 3879 165 3923 tur
178 3872 261 3924 τοῦτο
274 3867 321 3936 di,
340 3874 389 3924 sed
407 3875 465 3924 aius
482 3874 544 3924 loco
557 3889 619 3938 cup.
632 3872 665 3922 27
717 3875 817 3937 adepti,
830 3870 959 3922 consecuti
968 3871 1060 3932 sumus)
1075 3870 1130 3920 vid.
1143 3875 1210 3921 nott
1225 3871 1261 3920 ad

122 3943 202 3991 initio
215 3941 330 4006 lsgItnr:
350 3933 380 3992 oi
387 3935 440 4006 μέν
451 3939 541 3991 ταῦτα
555 3935 665 4005 ἔλεγον
717 3941 769 4002 ΙΧ,
788 3939 813 3990 6.
849 3941 891 3988 Do
913 3937 1084 3996 Heraclidis,
1108 3939 1261 4004 Eurystheo

119 3999 411 4074 Ἀθηναῖοισέτρός
428 4000 666 4072 ταῦταύτιεκρί-
716 4009 791 4058 victo
819 4007 1037 4074 Peloponnesum
1066 4005 1260 4056 insedentibus

120 4073 350 4128 soccordia-
368 4077 399 4126 Iu
416 4077 510 4127 verbis
527 4073 585 4127 καὶ
603 4091 664 4126 και·
716 4075 786 4125 duco
810 4075 908 4139 Hyllo,
940 4073 1025 4124 tradit
1051 4074 1189 4124 Diodorus
1211 4075 1259 4138 Ν,

121 4139 159 4194 νά
180 4143 240 4194 καὶ
263 4138 372 4194 παλαιά
396 4160 484 4228 aeque
502 4149 585 4210 atquc
603 4157 665 4193 mox
715 4141 761 4204 58,
781 4159 834 4208 quo
847 4149 959 4193 auctore
971 4141 1129 4192 Heraclidis
1142 4142 1261 4192 occurrit

120 4207 181 4262 sci
201 4207 233 4260 τὸ
250 4206 375 4262 παλαιὸν
395 4228 455 4262 και
476 4205 508 4262 τό
525 4206 592 4262 νέον
609 4212 664 4262 vim
715 4212 827 4273 Atreus,
859 4211 905 4276 qui
933 4215 995 4276 post
1017 4209 1166 4274 Eurysthei
1191 4225 1260 4259 mor·

121 4279 258 4396 quslndam
281 4295 341 4330 esse
366 4279 523 4396 duplicatae
546 4277 663 4398 §donizo
716 4279 1260 4412 temoiiyssinmmomgnin}⁰⁰⁰Tuf⁸22i

120 4361 663 4481 tttntltltttlssttultaaa:
714 4360 1261 4477 itttltftthltllftmlu
