3066 4964
475 487 740 548 GALLIOPE.
764 489 822 548 IX.
845 497 890 552 57.
912 499 956 552 58.
1223 497 1284 558 367

219 655 415 748 Μαρδόνιος
442 658 495 746 δέ,
524 653 569 738 ώς
597 657 739 728 ἐπύθετο
765 657 843 739 τούς
859 655 1020 747 Ἕλληνας
1046 656 1284 751 ἀποιχομένους
1292 677 1331 740 58

143 753 210 828 sind
227 756 343 846 νύκτα,
364 759 436 828 εἶδέ
450 787 485 828 τε
502 756 561 830 τόν
578 763 687 848 χώρου
706 763 837 849 ἐρῆμον,
856 763 996 842 καλέσας
1008 758 1067 831 cdv
1080 772 1285 852 Λαρισσαῖον

144 857 287 950 Θώρηκα
299 863 354 929 καλ
372 857 449 940 τούς
466 857 653 949 ἀδελφεούς
664 856 771 930 αύτού
781 857 986 951 Εὐρύπυλον
1004 864 1058 932 καλ
1071 863 1285 954 Θρασυδήιον

144 967 250 1049 ἔλεγε·
282 950 321 1032 Ὦ
339 967 456 1042 παῖδες
471 957 625 1050 Ἀλεύεω,
646 968 693 1032 ἔτι
711 969 745 1032 τί
760 965 879 1050 λέξετε,
898 962 978 1033 τάδε
995 958 1145 1054 ὁρέοντες
1164 968 1283 1055 έρῆμας

142 1056 240 1150 ὑμεῖς
257 1059 320 1152 γάρ
338 1067 373 1132 οἱ
388 1060 607 1152 πλησιόχωροι
626 1064 754 1152 ἐλέγετε
772 1071 1056 1154 Λακεδαιμονίους
1079 1062 1121 1134 ού
1144 1065 1284 1156 φεύγειν

144 1165 180 1232 έκ
197 1161 313 1252 μάχης,
332 1159 415 1233 ἀλλά
433 1161 558 1255 ἀνδρας
577 1163 661 1234 εἶναι
679 1162 719 1234 sd
737 1168 876 1255 πολέμια
893 1164 1053 1256 πρώτους·
1072 1164 1150 1249 τούς
1168 1167 1283 1256 πρότε-

143 1262 205 1354 ρύν
227 1292 263 1334 τε
286 1268 542 1354 μετισταμένους
567 1268 603 1334 ἐκ
626 1270 683 1354 τῆς
706 1265 813 1350 τάξιος
836 1273 959 1356 ελδετε,
984 1269 1049 1338 νύν
1071 1296 1107 1337 τε
1129 1263 1196 1339 sind
1222 1268 1283 1358 τὴν
1360 1315 1386 1358 3

142 1369 385 1456 παροιχομένην
402 1365 507 1436 νύκτα
525 1369 580 1436 καλ
598 1372 640 1464 ολ,
647 1366 767 1448 πάντες
784 1363 922 1459 ὁρέομεν
941 1367 1150 1460 διαδράντας.
1178 1374 1282 1440 διέδε-

142 1464 203 1549 ξύν
219 1495 272 1552 τε,
292 1471 366 1538 έπεί
380 1491 486 1558 σφεας
505 1473 577 1538 ἔδεε
596 1466 676 1558 πρὸς
694 1466 771 1549 τούς
788 1465 959 1552 ἀψευδέως
977 1465 1132 1560 ἀρίστους
1150 1467 1282 1560 ἀνθρώ·

142 1595 216 1638 πων
233 1567 319 1660 μάχη
340 1573 570 1661 διακριθῆναι,
595 1566 645 1639 ὅτι
668 1565 803 1651 οὐδένες
827 1567 892 1662 ἀρα
916 1569 1024 1653 ἐόντες
1049 1575 1085 1642 έν
1107 1568 1282 1662 οὐδαμοῖσι

409 1767 508 1819 vc
738 1724 1282 1868 ulcisscidissutilis

179 1859 236 1919 ύπδ
246 1860 344 1928 νύκτα]
355 1870 565 1926 ἰ.ο.ειιδιιοολτια.
574 1869 685 1930 nsvin,
738 1866 845 1921 κνύατο
865 1871 1017 1920 monuimus
1038 1871 1073 1920 ad
1093 1872 1128 1933 11,
1149 1871 1193 1932 15;
1219 1873 1281 1921 add.

144 1936 185 1986 il.
198 1937 245 1998 lli,
258 1935 346 1986 otoo.
366 1937 469 2002 Attigit
479 1936 630 1989 MatthGr.
639 1937 685 1986 Gr.
739 1939 824 1990 etlam
841 1938 977 1988 Matthiae
996 1938 1041 1988 Gr.
1060 1938 1106 1988 Gr.
1130 1939 1153 2000 §-
1172 1939 1236 2001 osa,
1255 1940 1280 1989 5.

143 2005 166 2062 §-
179 2002 230 2054 563
243 2003 302 2052 init.
316 2004 436 2069 itemque
449 2004 524 2054 Gail:
539 2005 577 2054 Le
591 2003 686 2070 philol.
737 2007 779 2054 De
805 2007 866 2070 ipsa
889 2007 1045 2072 imperfecti
1068 2006 1157 2056 forma
1181 1998 1282 2058 ἐναπε-

142 2069 330 2136 lv.pag.‘295.
356 2071 535 2122 Contensem
547 2071 685 2122 Kuehner.
739 2065 891 2122 δεικνύατο
909 2074 964 2124 vid.
983 2073 1280 2139 Bredov.p.3²9seq..

142 2139 189 2188 (ir.
208 2138 295 2216 Gr.‚§.
314 2137 372 2188 617.
395 2140 449 2200 111,
467 2141 496 2201 2,
516 2140 541 2188 b.
578 2141 685 2205 lupar·
737 2141 784 2205 qui
804 2141 904 2190 similis
925 2141 1025 2191 tertiae
1046 2155 1181 2206 personne
1201 2141 1281 2190 huius

142 2207 237 2272 ticipio
247 2201 458 2272 ἀποιχομένους
467 2208 612 2272 praeteriti
622 2213 687 2256 tem·
737 2209 839 2258 formas
852 2225 885 2258 ex
897 2208 995 2258 Nostro
1008 2207 1141 2258 collectas
1159 2208 1280 2258 exhibet.

141 2275 215 2338 poris
227 2275 282 2324 vim
301 2275 393 2324 inesse
407 2275 538 2324 observat
550 2274 686 2324 Schaeier
737 2275 815 2336 Quod
826 2275 861 2325 ad
871 2275 978 2340 reliqua
988 2275 1096 2336 attinet,
1109 2275 1203 2324 durius
1212 2290 1280 2324 sane

141 2343 169 2390 in
182 2341 384 2392 Animadverss.
403 2341 437 2392 ad
450 2342 592 2392 Plutarchi
605 2343 685 2392 Vitas
737 2343 838 2392 dictum
859 2343 967 2392 videtur
989 2341 1024 2391 ab
1044 2342 1198 2392 Herodoto:
1221 2336 1279 2391 διέ·

141 2408 256 2459 Vol.V1.
268 2407 396 2474 pag.4l9.
415 2409 497 2459 Haud
511 2409 593 2460 aliter
602 2409 685 2474 paulo
737 2407 825 2472 δεξαν
842 2433 873 2446 -
891 2401 935 2459 δτι
954 2433 985 2444 -·
1008 2401 1104 2467 έύντες
1125 2435 1157 2444 -
1181 2399 1279 2458 lanne-

141 2481 205 2541 post
223 2481 250 2525 et
263 2477 309 2536 IX,
322 2475 356 2526 66
371 2468 429 2527 sind
447 2470 500 2542 τὴν
518 2492 685 2542 παροιχο-
737 2471 904 2536 decessisse,
924 2493 941 2526 s
959 2475 1220 2541 Schweighaeusero
1239 2477 1279 2526 ita

141 2537 252 2608 μένην
276 2539 373 2594 νύκτα.
414 2545 457 2594 De
486 2545 599 2594 inorme
627 2544 683 2594 vid.
735 2545 837 2594 Latine
855 2559 1023 2610 expressum:
1045 2545 1223 2598 ostenderunt,
1242 2559 1278 2601 se,

142 2611 190 2672 lx,
211 2611 233 2660 l.
257 2637 290 2646 -
314 2613 344 2662 ln
361 2627 437 2676 seqq.
457 2613 491 2662 ad
509 2605 544 2660 τά
562 2606 684 2676 πολέμια
735 2629 788 2663 cum
804 2613 854 2662 sint
871 2613 942 2662 τιλλιλι·
962 2612 1087 2674 homines,
1109 2613 1179 2660 inter
1197 2612 1278 2661 Grae·

140 2678 428 2741 vid.n0ttad111,4.
458 2679 685 2744 Insequentibus
736 2695 792 2740 eos,
823 2681 866 2746 ηαλ
885 2695 933 2729 nec
951 2680 1003 2742 ipsi
1021 2682 1094 2728 allius
1113 2681 1166 2728 sint
1184 2679 1279 2742 [ταμίη

141 2746 233 2796 vorbis
251 2739 286 2796 ολ
296 2738 402 2805 πάντες
415 2746 526 2796 articuli
539 2748 593 2796 vim
606 2751 686 2796 notat
736 2750 874 2799 eminuisse.
903 2748 935 2796 ln
948 2747 1014 2795 Lex.
1028 2745 1130 2796 Herod.
1144 2746 1175 2808 (L
1189 2745 1279 2810 pala

142 2814 276 2864 Matthiae
294 2814 339 2864 Gr.
360 2815 405 2864 Gr.
424 2816 448 2874 ξ.
461 2813 519 2864 266.
544 2815 586 2864 De
599 2815 685 2880 sigui·
736 2813 814 2879 seq.)‚
827 2815 875 2864 uhi
887 2814 959 2864 idem
971 2814 1014 2862 vir
1025 2813 1122 2862 doctus
1134 2814 1226 2863 varias
1238 2814 1279 2864 vi·

141 2881 270 2931 flectione
300 2882 379 2932 verbi
409 2877 582 2942 διαδράντες
612 2881 684 2932 coni.
736 2897 824 2933 rorum
835 2883 974 2932 doctorum
985 2881 1227 2946 interpretationes
1238 2880 1279 2930 ολ-

141 2953 210 2998 nott.
223 2950 258 2998 ad
271 2950 345 3008 VIII,
359 2947 401 2999 66.
414 2951 437 3010 ἕ.
451 2949 464 2998 1
484 2954 512 3000 et
525 2951 559 2999 ad
572 2949 685 3000 verbum
736 2951 802 3000 iert:
821 2949 952 3000 Gronovii
969 2947 1177 3012 (‚‚oatendernnt.
1190 2950 1279 2998 nullius

142 3011 277 3079 διέδεξαν
294 3023 362 3067 nott.
383 3017 417 3066 sd
435 3017 499 3080 Vll,
516 3017 563 3066 172
580 3018 613 3068 ds
633 3017 685 3068 hoc
735 3034 791 3068 sese
802 3018 882 3082 pretii
894 3019 962 3068 inter
975 3017 1088 3067 Graecos
1105 3022 1130 3066 et
1143 3019 1212 3080 lpsoa
1224 3019 1281 3064 nni·

140 3085 235 3134 verbo.
735 3089 783 3136 lius
796 3087 877 3150 pretii
890 3091 960 3136 viros
977 3083 1178 3140 denronstrorl“.
1198 3098 1278 3147 quam

175 3141 218 3202 δτι
241 3141 360 3211 ούδένες
376 3142 434 3215 ἀρα
453 3143 548 3210 ἐόντες
572 3177 601 3186 -
620 3144 684 3202 ἕνα·
734 3153 890 3203 versionem
903 3153 1038 3202 intactam
1051 3151 1278 3216 reliquitWesse-

141 3212 342 3285 πεδεικκύατο]
366 3211 485 3278 ούδένες
506 3235 601 3270 omncs
621 3219 685 3269 libri
735 3219 866 3286 liugius),
892 3219 1038 3270 Laurentii
1055 3217 1154 3267 Valles
1172 3216 1278 3280 (,.unde

142 3286 272 3351 afferunt,
301 3289 347 3352 qni
371 3289 455 3338 etiam
478 3288 531 3346 Ill,
556 3285 590 3336 26
613 3287 684 3336 idem
735 3290 824 3338 nulline
841 3303 936 3336 essese
948 3289 1028 3351 pretii
1043 3289 1111 3334 inter
1124 3285 1236 3334 Grnecm
1252 3291 1278 3333 et

141 3355 275 3420 praebent
292 3369 400 3405 omnes:
418 3355 518 3406 Noster
534 3356 606 3404 enim
620 3354 683 3404 aliis
733 3357 804 3420 ipsos
816 3356 905 3404 nullius
916 3356 996 3418 pretii
1005 3354 1073 3402 viros
1085 3351 1276 3411 ostenderunt“)

141 3421 219 3484 locis,
239 3437 256 3471 a
268 3423 404 3473 Bredovio
417 3439 482 3488 pag.
494 3421 545 3471 ’278
557 3421 683 3472 collectis
735 3427 763 3471 et
780 3421 890 3470 Aemilii
908 3421 985 3470 Porti
1003 3419 1060 3484 (qui
1077 3419 1104 3467 in
1118 3417 1221 3466 Lexico
1234 3417 1276 3466 lo·

141 3497 169 3538 et
197 3491 226 3539 in
250 3491 392 3540 Thesauro
421 3491 502 3554 iring.
527 3489 625 3540 Graec.
649 3490 681 3538 V.
734 3489 798 3538 nico
813 3479 1056 3538 ἐναπεδεικνύατο
1081 3486 1277 3548 interpretatus

141 3571 204 3622 pag.
234 3555 302 3608 2363
331 3558 373 3607 ed.
398 3558 524 3607 Dindori.
556 3557 683 3622 repetitis
736 3561 809 3606 erat:
836 3554 1029 3605 ostentabantur
1052 3551 1096 3601 vol
1116 3549 1277 3600 ostentabant

141 3626 253 3690 scripsit
269 3616 394 3690 ούδαμολ
410 3632 439 3676 et
451 3621 594 3692 μηδαμολ,
612 3623 684 3688 quod
733 3623 786 3688 se),
809 3624 868 3688 ipse
892 3622 925 3671 sd
946 3621 1052 3670 hancce
1069 3615 1179 3666 Aemilii
1199 3617 1276 3666 Porti

141 3692 235 3741 Ionum
254 3707 315 3742 esse
334 3697 452 3742 testatur
463 3693 583 3742 Thomas
596 3691 683 3756 Magi·
734 3691 988 3756 interpretationem
1010 3683 1145 3736 accedere
1162 3684 1275 3744 mavult,

140 3765 197 3808 ster
217 3775 239 3809 s.
262 3777 286 3810 v.
308 3751 405 3818 ούδελς
425 3776 491 3826 pag.
508 3758 566 3809 06⁸2.
604 3759 682 3808 Unde
733 3759 819 3809 verbo
833 3749 1096 3808 ἐναποδείκνυσθαι
1108 3751 1275 3802 Herodotum

141 3827 210 3890 quod
232 3827 283 3877 hoc
308 3829 391 3878 etiarn
411 3828 472 3878 loco
493 3843 541 3892 pro
565 3817 683 3885 ούδένες
734 3842 811 3877 usum
834 3841 894 3876 esse
915 3829 990 3873 ratus
1012 3837 1045 3869 en
1066 3820 1191 3882 notione,
1222 3835 1276 3884 qua

140 3894 224 3944 scrIbi
237 3885 363 3959 ούδαμολ
376 3896 453 3946 iubet
466 3895 554 3945 Cobet
566 3895 593 3944 in
606 3895 683 3944 Mne·
736 3894 807 3944 alins
830 3893 942 3943 verbum
967 3882 1173 3938 ἐνδείκνυσθαι
1199 3887 1274 3936 adhi-

139 3963 682 4028 mosyn.VI.pag.55seq.,nonaesen·
735 3963 848 4021 beatur,
877 3958 993 4022 indeque
1017 3955 1100 4006 verbo
1125 3946 1274 4005 ἐναποδεί-

139 4031 201 4092 tlor,
217 4029 386 4080 Herodotum
398 4035 514 4096 utroque
526 4030 605 4080 modo
618 4032 683 4080 scri·
734 4027 860 4080 κνυοθαι
872 4026 1009 4092 passivam
1020 4023 1116 4073 tribuit
1125 4023 1274 4082 notionem,

139 4097 205 4146 bare
214 4099 337 4162 potuisse
352 4105 433 4163 utque
444 4099 529 4148 etiam
539 4099 683 4164 scripsisse
736 4099 776 4146 ita
788 4103 818 4144 ut
831 4093 937 4160 proprie
954 4091 982 4142 h.
994 4090 1012 4141 l.
1026 4089 1133 4141 valeat:
1152 4092 1274 4141 ostentati

139 4169 224 4214 ratus.
249 4166 334 4216 Usum
347 4167 424 4216 vocis
436 4157 554 4224 ούδένες
566 4171 683 4230 tangunt
733 4172 802 4224 ειιαι,
822 4170 940 4226 tunquam
950 4159 1085 4224 prceclprn'
1101 4165 1126 4208 et
1138 4159 1226 4208 eximii
1236 4160 1273 4206 ln·

138 4232 236 4283 Matth.
251 4233 297 4282 Gr.
312 4233 358 4283 Gr.
372 4235 395 4294 9.
406 4233 470 4298 437,
486 4233 498 4282 l
513 4239 541 4284 et
553 4233 684 4283 Kuehner
733 4233 820 4297 siqnili
834 4237 858 4278 ελ
875 4227 998 4278 celclrrnti
1013 4233 1085 4282 erant,-
1108 4241 1159 4292 quo
1179 4225 1273 4275 eodem

139 4301 185 4352 Gr.
199 4301 245 4352 Gr.
258 4302 282 4362 ξ.
295 4301 423 4354 cannot.
437 4301 460 4352 3.
487 4303 529 4350 De
542 4301 682 4351 locutione
734 4314 815 4348 sensu
837 4297 871 4346 ab
894 4296 956 4346 aliis
980 4295 1056 4343 addit
1077 4293 1188 4343 verbum
1210 4292 1274 4356 poni

137 4362 230 4435 pandis
244 4384 265 4420 s.
282 4360 370 4420 ούδλν
388 4362 465 4419 εἶναι
480 4384 563 4434 supra
580 4369 681 4418 monni-
733 4359 939 4416 ένδείκνυσθαι
963 4361 1124 4426 (ostentari),
1148 4365 1179 4408 ut
1202 4357 1273 4424 apud

138 4443 197 4488 ruris
219 4437 254 4488 ad
271 4437 350 4499 VIII,
373 4435 428 4486 766.
463 4437 505 4486 De
525 4451 577 4486 usn
597 4436 681 4502 parti·
731 4433 859 4483 Aesclrin.
875 4433 903 4481 in
915 4430 1037 4495 Ctesiplr.
1051 4444 1113 4494 pag.
1123 4424 1274 4476 illillieislr.

1006 4511 1072 4578 νο*
