3068 4964
526 451 869 513 GALLIOPE.1X.
897 464 939 516 10.
1238 457 1300 520 233

163 633 221 715 νίρ
243 627 290 717 τῷ
306 622 540 714 Κλεομβρότου
559 627 792 714 ἐπιτρέψαντες
817 622 951 714 ἐξάγειν.
984 621 1131 714 Ἐγένετο
1153 629 1214 715 μίν
1237 655 1302 697 νυν

163 721 362 815 ἡὴγεμονίη
388 723 617 816 Πλειστάρχου
643 729 704 796 τοῦ
729 731 922 797 Λεωνίδεω·
957 722 1027 797 ἀλλ’
1053 723 1071 798 5
1097 728 1160 818 μὲν
1185 717 1228 816 ἦν
1254 735 1301 800 ἔτι

163 844 259 915 παῖς,
290 822 308 896 5
334 828 370 896 dl
394 825 514 898 τούτου
539 827 714 916 ἐπίτροπός
737 831 851 898 τεκαὶ
875 824 1020 910 ἀνεψιός.
1073 827 1302 919 Κλεόμβροτος

162 927 237 1020 γὰρ,
256 923 274 999 5
292 938 494 1000 Παυσανίεω
512 929 574 1020 μὲν
591 926 709 1019 πατὴρ,
734 925 1006 1019 Ἀναξανδρίδεω
1026 930 1062 1000 dl
1081 947 1173 1020 παῖς,
1192 927 1302 1002 οὐκέτι

163 1031 296 1120 περιῆν·
332 1027 416 1100 ἄλλα
438 1027 621 1119 ἀπαγαγών
645 1033 681 1100 ἐκ
703 1038 763 1101 τοῦ
782 1027 918 1120 Ἰσθμοῦ
934 1029 996 1120 τὴν
1013 1029 1170 1122 στρατιὴν
1187 1030 1248 1121 τὴν
1266 1032 1302 1104 τὸ

163 1148 268 1221 τεῖχος
296 1137 474 1221 δείμασαν,
509 1129 590 1221 μετὰ
615 1136 720 1202 ταῦτα
746 1127 787 1202 οὐ
814 1130 937 1204 πολλὰν
962 1131 1083 1223 χρόνον
1108 1131 1183 1205 τινὰ
1208 1134 1303 1222 finesic

162 1230 320 1303 ἀπέθανε.
339 1228 446 1322 ἀπῆγε
465 1230 580 1321 δὲτὴν
598 1231 756 1322 στρατιήν
773 1229 790 1304 5
809 1232 1037 1325 Κλεόμβροτος
1051 1238 1087 1305 ἐκ
1098 1239 1160 1306 τοῦ
1168 1232 1305 1326 Ἰσθμοῦ

164 1331 220 1404 διὰ
244 1331 336 1405 τόδε·
360 1337 517 1427 θυομένῳ
535 1340 570 1404 οί
586 1337 638 1404 ἐπὶ
656 1339 704 1429 τῷ
720 1337 835 1426 Πέρσῃ
853 1331 871 1406 5
889 1333 979 1425 ἥλιος
997 1334 1183 1427 ἀμαυρώθη
1203 1342 1239 1409 ἐν
1256 1343 1304 1432 τῷ

110 1467 117 1482 ·
161 1432 306 1530 οὐρανῷ.
336 1439 565 1528 προσαιρέεται
584 1437 621 1506 δὲ
640 1439 756 1533 ἑωυτῷ
772 1446 969 1528 Παυσανίης
986 1436 1226 1530 Εὐρυάνακτα,
1245 1437 1303 1512 τόν

161 1635 278 1687 νοτίοιο.
297 1651 323 1699 p.
339 1633 396 1684 127.
409 1635 478 1698 not.)
493 1635 545 1686 hos
563 1628 707 1701 νεοθαμοί-
757 1635 797 1700 τῷ
809 1629 919 1703 Πέρσῃ,
937 1639 1099 1704 quibuscum
1117 1639 1191 1689 coni.
1204 1640 1241 1702 V,
1260 1641 1301 1702 44,

162 1700 224 1760 decc
246 1717 306 1752 cum
323 1703 432 1754 Helotis
456 1704 553 1754 crebro
574 1705 706 1755 confundi
757 1705 818 1754 ubi:
847 1701 983 1771 θυομένῳ
1008 1698 1054 1756 ἔτι)
1078 1703 1223 1771 Κρότωνα.
1260 1708 1303 1757 Tu

162 1770 294 1832 dicentis;
317 1785 406 1835 neque
430 1772 502 1821 enim
523 1771 583 1822 ulls
604 1773 706 1823 mentio
757 1773 813 1823 vid.
827 1773 915 1823 nllats
928 1775 962 1823 ad
975 1775 1026 1836 Vl,
1040 1775 1080 1823 74.

163 1837 359 1888 neodamodnm
382 1840 455 1904 epod
477 1855 523 1890 eos
547 1841 704 1906 scriptores,
792 1831 806 1890 5
820 1829 898 1906 ἥλιος
909 1836 1071 1905 οἶμαυροίθη
1082 1832 1113 1892 ἐν
1125 1839 1165 1905 τῷ
1177 1832 1300 1908 οὐρανῷ)

162 1905 209 1970 qui
220 1919 265 1955 res
277 1905 344 1956 belli
356 1905 588 1974 Peloponnesiaci
601 1910 706 1975 priores
757 1909 855 1959 Refert
872 1909 1004 1959 Petnvius
1022 1909 1127 1970 (Doctr.
1149 1914 1250 1976 tompp.
1268 1911 1301 1974 ll,

160 1977 320 2032 narrarunt,
333 1978 364 2023 ut
376 1979 451 2025 recte
464 1976 594 2027 observat
607 1978 707 2028 Schoe·
757 1977 810 2038 25),
824 1977 896 2027 hune
909 1975 976 2026 solis
989 1977 1128 2026 delectum
1138 1978 1173 2027 ad
1186 1977 1302 2030 alterum

162 2055 277 2090 mannus
305 2041 338 2091 de
366 2043 418 2092 boc
447 2059 577 2094 novorum
605 2046 705 2096 civium
757 2047 859 2095 mensis
872 2044 985 2095 Octobr.
998 2045 1069 2094 diern
1089 2043 1230 2106 enni480,
1250 2061 1302 2110 qno

161 2123 263 2175 genere
280 2109 401 2174 pluribus
416 2110 560 2176 disputans
578 2113 606 2162 in
619 2113 705 2164 Reco-
757 2112 802 2162 die
817 2112 851 2162 sd
863 2112 1005 2163 Salamine
1017 2117 1167 2179 pugnetum
1180 2129 1241 2164 esse
1255 2129 1302 2164 ac·

161 2177 285 2240 gnitione
310 2179 480 2242 quaestionis
504 2180 538 2230 de
561 2179 705 2244 Spartanis
757 2181 892 2245 cepimus,
912 2185 940 2230 et
953 2181 1061 2245 quidem
1074 2181 1141 2231 bord
1153 2183 1208 2231 unt
1221 2185 1249 2230 et
1262 2181 1301 2230 al·

160 2245 292 2295 Homoeis
309 2244 514 2311 (Gryphisvsld.
528 2245 604 2310 1855)
622 2264 648 2313 p.
664 2247 704 2298 19.
756 2250 842 2298 terius
855 2248 968 2298 dimidio
986 2253 1048 2313 post
1059 2249 1153 2298 boram
1166 2248 1302 2298 decimam

159 2313 219 2362 Nec
242 2313 332 2379 magis
355 2313 422 2363 mihi
445 2316 582 2379 persuasit
605 2315 636 2365 C.
658 2317 704 2365 Fr.
755 2315 962 2380 praeterlapsis.
999 2315 1074 2365 Idem
1093 2331 1180 2366 eunus
1192 2317 1303 2381 ponitur

160 2379 335 2431 Hermannus
352 2381 381 2444 (l.
394 2381 412 2432 l.
432 2383 455 2443 5.
469 2380 510 2431 28.
529 2387 586 2432 not.
599 2381 638 2444 7),
658 2384 705 2448 qui
755 2384 797 2432 in:
814 2382 884 2432 l'Art
901 2383 935 2432 de
953 2383 1064 2432 verifier
1079 2382 1121 2432 les
1137 2383 1217 2433 detes
1234 2383 1264 2432 P.
1278 2384 1300 2433 1.

160 2448 706 2582 {instititlittutttfftlltl:
757 2449 1300 2582 filantii·stillantis:

160 2585 253 2634 lundis
281 2590 411 2650 septenes
434 2585 597 2636 Helotsrum
626 2586 706 2636 lami·
757 2587 828 2636 mine
842 2586 1018 2651 adscriptum,
1031 2587 1056 2634 is
1066 2585 1249 2636 delectionem
1260 2601 1300 2636 re·

160 2651 215 2702 liss
225 2651 368 2702 habitasse
378 2652 493 2718 colligit,
504 2653 586 2719 idque
596 2655 705 2706 omnino
757 2655 812 2704 fert
824 2654 860 2704 ed
873 2653 989 2703 alterurn
1000 2653 1101 2704 mensis
1109 2652 1221 2704 Octobr.
1229 2653 1301 2704 diem

160 2719 196 2769 sd
214 2735 274 2770 enm
289 2722 470 2782 sententiam,
495 2737 575 2786 quam
593 2723 627 2772 de
645 2721 704 2773 iun·
758 2722 823 2772 anni
842 2719 904 2771 47⁰:
931 2720 1002 2786 qnod
1024 2721 1096 2772 idem
1119 2721 1201 2771 elteri
1220 2721 1301 2772 Gallo

160 2787 254 2837 dorum
275 2787 471 2852 Spartanorum
499 2789 654 2840 stabilitate
678 2796 706 2841 et
756 2790 911 2854 interpreti,
937 2789 1020 2848 Mlot,
1046 2789 1187 2854 placuisse
1210 2790 1301 2842 video.

161 2853 333 2920 aequalitate
350 2856 504 2921 proposuit,
523 2857 621 2907 referri
633 2859 705 2909 vult:
756 2857 893 2921 Scyllarth
918 2855 958 2913 (in
980 2856 1097 2906 Jebrbb.
1123 2857 1141 2907 f.
1165 2857 1300 2922 Philolog.

161 2923 198 2973 cf.
212 2923 276 2972 Anti
297 2924 359 2974 uitt.
373 2925 497 2974 Luconn.
510 2941 573 2990 pag.
586 2924 645 2977 201.
756 2925 848 2991 Suppl.
862 2925 924 2975 Vol.
936 2925 1008 2974 XIV.
1022 2941 1048 2989 p.
1061 2923 1122 2988 602)
1140 2925 1169 2975 in
1186 2926 1301 2992 primunr

195 2938 408 3056 ἐπιτρίψαντες]
421 2991 465 3041 Its
479 3007 493 3042 e
506 2993 611 3044 duobus
625 2993 704 3044 codd.
756 2994 827 3044 diem
841 2993 958 3056 Augusti
972 2993 1037 3042 anni
1050 2992 1099 3041 477
1118 2998 1183 3043 ente
1197 2992 1259 3043 Chr.
1273 3009 1300 3043 n.

160 3057 577 3124 ediditWesseling.conlerens
587 3063 637 3122 ΙΙΙ,
647 3061 703 3112 155.
755 3061 827 3111 benc
854 3061 971 3127 eclipsin
999 3060 1099 3110 cedere
1123 3061 1195 3112 vult:
1230 3077 1301 3126 quse

159 3127 222 3186 VII,
235 3125 275 3176 52.
311 3127 343 3176 In
356 3126 519 3178 Florentino
531 3129 647 3193 aliisque
661 3145 706 3178 ex·
756 3129 906 3178 coniuncta
928 3133 991 3178 suut
1012 3143 1074 3179 cum
1098 3144 1132 3178 ea
1152 3129 1300 3186 sententie,

160 3199 218 3244 stat
230 3185 421 3256 ἐπιτάξαντες.
455 3196 508 3244 Ρτο
521 3196 634 3260 vulgate
648 3187 703 3260 ἐνί·
757 3211 837 3260 quam
856 3197 890 3246 de
908 3196 998 3246 alters
1015 3197 1082 3246 solis
1094 3197 1252 3246 delectione
1266 3197 1300 3245 nb

160 3276 234 3322 νετο,
247 3277 326 3326 quem
337 3261 585 3328 postSehaeierum
596 3267 708 3314 tuentur
759 3264 853 3314 eodem
870 3266 929 3313 viro
942 3264 1023 3313 docto
1034 3264 1170 3329 prolatam
1184 3264 1301 3312 vidimus

159 3329 270 3390 Mareu,
278 3329 704 3393 Bekker,Dindorl.etDietsch.,
759 3332 793 3381 ad
804 3331 865 3390 Vll,
877 3329 918 3383 37.
936 3330 1046 3380 Nullum
1056 3345 1166 3395 prorsus
1177 3331 1242 3380 solis
1256 3331 1301 3380 de·

69 3443 72 3450 .
161 3397 288 3462 equidem
306 3413 366 3448 cum
380 3397 494 3461 reliquis
507 3397 570 3446 dedi
583 3389 705 3461 ἐγένετο,
757 3399 907 3448 sectionem
923 3398 969 3448 hic
988 3399 1105 3448 indicari
1118 3399 1216 3447 statuit
1228 3397 1301 3446 Zoch

161 3481 178 3514 a
190 3464 365 3528 Florentino,
385 3464 525 3515 Ssncrofti
537 3465 621 3528 libro,
642 3465 705 3517 aliis
755 3465 1134 3529 (Preisscbriltd.1nblonelr.
1147 3463 1301 3514 Gesellseh.

161 3531 285 3582 sllaturn.
756 3534 803 3583 IV.
815 3531 918 3598 peg.43
929 3538 969 3582 et:
984 3529 1249 3596 correspondenzbl.
1258 3531 1302 3580 fiir

195 3590 347 3662 ἐπίτροπός
359 3615 389 3651 τε
406 3597 456 3650 καί
468 3593 600 3665 α’νεψιός]
626 3600 705 3661 Quod
757 3601 782 3650 d.
797 3599 916 3650 Schulen
927 3600 1144 3662 Wiirtembergs.
1158 3597 1230 3648 1854.
1236 3614 1301 3664 pag.

160 3667 232 3716 idem
257 3668 322 3718 olim
349 3669 377 3719 in
399 3670 527 3733 Lycurgo
554 3669 706 3718 obtinuisse
758 3667 814 3730 43).
834 3683 894 3717 curn
907 3683 974 3716 vers
991 3665 1111 3716 deiectio
1128 3665 1195 3715 solis
1208 3667 1301 3716 verbis

160 3735 290 3785 discimus
307 3751 341 3786 ex
358 3735 556 3796 Heredum.
592 3733 705 3786 Succes·
757 3725 1050 3801 ὁῆίιοςοῖμαυροίθη
1069 3733 1179 3784 minime
1197 3733 1301 3798 signill-

160 3808 236 3852 serst
257 3803 384 3854 nimirum
406 3803 569 3854 Plistcanss
591 3804 705 3854 Plistsr·
758 3803 815 3852 ceri
827 3802 947 3869 potnerit
959 3817 976 3852 s
988 3802 1099 3862 Nostro,
1119 3801 1202 3852 aliter
1214 3803 1241 3851 id
1255 3819 1300 3854 ex·

161 3870 226 3934 cho,
246 3873 293 3936 qui
305 3872 383 3937 regni
396 3872 476 3922 initio
489 3871 605 3922 abierat.
641 3871 703 3922 Vid.
756 3873 890 3936 primente
904 3869 951 3933 (cf.
963 3873 1032 3921 nott.
1044 3869 1078 3919 sd
1092 3871 1104 3920 Ι
1112 3907 1118 3931 ,
1132 3869 1188 3934 74),
1208 3875 1236 3920 et
1248 3869 1301 3921 hoc

160 3937 279 3988 Pausan.
293 3939 344 4001 111,
357 3939 381 3992 5.
394 3941 417 4001 ξ.
434 3939 446 3988 l
460 3939 523 3991 coll.
535 3941 589 4002 Ill,
603 3941 628 3992 4.
640 3941 664 4001 ξ.
678 3939 703 3989 7.
756 3939 817 3989 loco
833 3939 992 3990 obscuratum
1010 3937 1102 4003 aliquo
1119 3938 1198 3990 modo
1215 3938 1300 3989 solem

159 4007 248 4056 -Ds
263 4007 419 4057 Cleombroto
432 4007 485 4059 vid.
499 4008 576 4068 VIII,
591 4007 638 4068 71,
656 4008 705 4058 ubi
756 4007 931 4068 declarante,
957 4007 1014 4057 sive
1033 4007 1120 4066 fumo,
1145 4007 1205 4056 sive
1223 4007 1299 4056 uubi-

160 4073 390 4140 denmroqnoqne
400 4075 430 4124 in
438 4077 511 4126 notis
521 4077 705 4141 exposuimus.
757 4076 820 4136 bns,
845 4075 903 4125 sive
922 4073 977 4124 alio
995 4089 1047 4140 quo
1064 4073 1143 4123 modo
1166 4074 1194 4123 id
1211 4074 1300 4124 subito

160 4143 204 4190 De
216 4155 266 4191 usn
278 4143 380 4208 pertici
400 4143 420 4191 ii
433 4137 569 4208 θυομένῳ
581 4145 706 4209 exposuit
757 4143 862 4192 facturn
875 4143 967 4204 luerit,
982 4141 1053 4208 qnod
1062 4145 1166 4192 terrore
1176 4141 1300 4194 homines

160 4209 291 4259 Kuehuer
308 4209 354 4260 Gr.
394 4227 415 4262 r.
432 4211 455 4272 ξ.
469 4209 531 4270 581,
544 4211 571 4272 Ι),
585 4212 705 4276 itemque
757 4210 924 4276 impleverit,
944 4215 1075 4275 tenqnsm
1086 4207 1240 4275 prodigium
1254 4215 1301 4260 aut

160 4275 259 4326 Metti.
278 4277 324 4328 Gr.
342 4277 388 4328 Gr.
406 4279 431 4340 ξ.
444 4277 507 4341 388,
522 4293 546 4329 ο.
564 4279 588 4339 §-
602 4277 665 4341 562,
679 4279 703 4341 2,
755 4283 920 4344 portentum.
952 4277 1006 4328 Sed
1028 4281 1142 4344 propter
1162 4277 1190 4326 id
1211 4278 1299 4342 ipsum

162 4344 210 4408 qui
231 4343 302 4394 idem
319 4347 342 4407 ς.
361 4343 412 4397 585
430 4345 475 4396 fin.
495 4345 656 4396 consulatur
671 4347 704 4396 de
756 4347 894 4406 existimo,
917 4345 951 4395 dc
968 4361 1036 4396 sera
1058 4345 1125 4396 solis
1142 4343 1299 4395 defectione

160 4425 211 4460 usu
224 4413 436 4478 praepositionis
454 4405 501 4465 ἐπὶ
513 4414 541 4464 iu
553 4415 645 4465 verbis
658 4404 705 4464 lut
757 4417 806 4463 sut
822 4413 905 4464 simili
921 4413 1039 4479 quadam
1056 4429 1099 4476 re,
1125 4427 1196 4478 quse
1214 4409 1300 4464 solem
