3068 4964
251 421 313 486 218
686 419 952 482 ΗΕΒΟΒΟΤΙ

249 602 418 682 γλωσσον,
442 595 499 662 καὶ
521 595 614 664 θεοῖν
639 591 804 684 ἱδρύματά
826 620 862 662 τε
885 589 980 664 κοινὰ
1003 594 1058 664 καὶ
1082 598 1218 680 θυσίαι,
1242 589 1329 681 ἤθεά
1351 621 1386 662 τε

248 690 427 786 ὁμότροπα,
445 697 514 764 των
531 693 694 784 προδότας
711 697 871 784 γενέσθαι
886 690 1094 784 Ἀθηναίους
1112 689 1175 764 οὐκ
1191 689 1234 764 ἂν
1253 684 1292 764 εὖ
1309 701 1384 784 ἔχοι.

251 799 434 867 ἐπίστασθέ
457 823 492 866 τε
518 793 623 884 οὕτω,
652 804 682 866 ελ
703 793 748 886 μή
771 794 934 888 πρότερον
953 794 1146 887 ἐτυγχάνετε
1164 793 1385 886 ἐπιστάμενοι,

251 895 313 968 ἐστ’
333 893 376 968 ἄν
394 900 448 967 καλ
463 893 510 978 εἷς
523 901 623 988 περιῇ
633 891 843 988 Ἀθηναίων,
862 895 998 988 μηδαμὰ
1009 893 1271 988 ὁμολογήσαντες
1285 892 1386 987 ἡμέας

249 1003 363 1090 Ξέρξη.
397 995 520 1088 ’Ῥμέων
536 1003 648 1088 μέντοι
671 995 826 1090 ἀγάμεθα
853 997 915 1089 τήν
939 1009 1116 1090 προνοίην,
1140 996 1202 1089 τήν
1227 1001 1258 1081 ἐς
1284 994 1386 1089 ἡμέας

250 1108 407 1191 ἔχουσαν,
434 1097 484 1172 ὅτι
511 1108 683 1190 προείδετε
709 1096 821 1192 ἡμέων
847 1105 1145 1193 οἰκοφθορημένων
1171 1098 1275 1188 οὕτω,
1302 1098 1386 1171 ὥστε

250 1205 428 1292 ἐπιθρέψαι
448 1205 577 1274 ἐθέλειν
594 1198 706 1293 ἡμέων
723 1199 801 1284 τοὸς
818 1205 956 1284 οἰκέτας.
993 1206 1049 1274 καὶ
1071 1198 1153 1294 ὑμῖν
1176 1203 1238 1292 μὲν
1255 1197 1276 1291 ἡ
1294 1200 1387 1293 χάρις

250 1302 512 1395 ἐκπεπλήρωται·
539 1299 634 1394 ἡμεῖς
651 1307 763 1394 μέντοι
782 1303 1006 1395 λιπαρήσομεν
1023 1302 1128 1394 οὕτω,
1146 1300 1231 1385 ὁπως
1249 1298 1291 1375 ἂν
1309 1309 1386 1394 ἐχω-

248 1435 321 1497 μεν,
340 1403 442 1477 οὐδὲν
460 1409 637 1488 λυπέοντες
650 1401 764 1496 ὁμέας.
784 1411 862 1477 Νῦν
881 1407 930 1494 di,
950 1401 994 1488 ὦς
1012 1403 1099 1476 οὕτω
1119 1403 1272 1496 ἐχόντων,
1290 1428 1386 1496 στρα-

248 1505 323 1596 πιὴν
341 1503 385 1590 ως
403 1507 537 1598 τάχιστα
556 1511 724 1598 ἐπέμπετε.
761 1503 805 1589 οἱς
822 1505 885 1599 γὰρ
903 1503 996 1598 ἡμεῖς
1015 1507 1200 1598 εἰκάζομεν,
1225 1503 1288 1577 οὐκ
1312 1503 1387 1588 indes

249 1608 370 1701 χρόνον
389 1611 548 1699 παρέσται
566 1605 583 1680 ὁ
603 1607 770 1700 βάρβαρος
796 1607 947 1700 ἐσβαλοὸν
971 1613 1003 1692 ἐς
1025 1607 1087 1698 τήν
1109 1604 1289 1699 ἡμετέρην,
1316 1603 1385 1678 ἄλλ’

250 1708 351 1782 ἐπεὰν
368 1709 502 1800 τάχιστα
520 1710 667 1801 πύθηται
685 1708 746 1800 τήν
763 1707 933 1801 ἀγγελίην,
952 1707 1002 1782 ὅτι
1014 1708 1118 1782 οὐδὲν
1129 1708 1309 1800 ποιήσομεν
1319 1713 1387 1780 των

250 1816 374 1894 ἐκεῖνος
392 1807 503 1903 ἡμέων
520 1815 726 1904 προσεδέετο.
764 1816 844 1906 πρὶν
871 1802 919 1884 dv
942 1829 1097 1905 παρεῖναι
1123 1815 1251 1884 ἐκεῖνον
1276 1815 1309 1894 ἐς
1327 1809 1388 1901 τήν

248 2013 336 2064 eddam
359 2012 443 2078 ἱλαριιιλ
467 2019 539 2062 utens
560 2027 581 2062 ε.
600 2013 744 2078 sanguinis
765 2017 793 2063 et
845 2013 998 2078 Schweigh.
1017 2011 1126 2078 supplet
1144 2005 1268 2077 ἔχοντες,
1287 2012 1327 2062 ita
1344 2011 1386 2060 in-

248 2081 359 2145 liuguao
389 2083 577 2158 οοηηοιιοίοοε
608 2081 703 2130 iuncta
732 2082 792 2130 uni·
844 2086 1013 2145 terpretanu:
1037 2080 1223 2130 nortmania
1245 2080 1386 2141 λοοελαια,

248 2165 337 2199 uersa.
373 2148 419 2197 Sic
436 2163 559 2212 ομαιμος
580 2161 664 2213 ειιμεε
682 2150 709 2208 Ι,
731 2148 791 2210 1513
844 2165 896 2214 quo
913 2163 1019 2211 sumus,
1044 2163 1146 2198 manere
1160 2147 1386 2212 perseveraturus.

249 2217 282 2266 de
306 2233 374 2267 voco
399 2208 537 2281 ὁμαιχμλη
562 2215 617 2264 vid.
644 2215 732 2266 allata
757 2217 792 2266 ad
843 2216 996 2266 durabimus.
1021 2213 1063 2265 cf.
1077 2216 1124 2276 1x‚
1138 2215 1179 2264 et.
1193 2215 1243 2276 111,
1256 2213 1297 2263 51.
1312 2215 1333 2270 Ι,
1346 2213 1388 2263 86.

249 2285 325 2347 Vlll,
354 2283 409 2334 140.
450 2273 645 2348 ὁμογλώσσους
669 2283 791 2335 Graecos
842 2283 884 2334 ul.
910 2283 994 2334 Plura
1007 2284 1052 2348 qui
1065 2284 1200 2347 requirat,
1223 2281 1306 2332 adeat
1317 2281 1387 2330 The-

249 2367 354 2418 quoque
367 2351 437 2400 dixit
448 2351 606 2401 Mardonius
619 2351 678 2412 vll,
692 2351 717 2400 u.
743 2352 792 2402 At·
843 2367 916 2402 satu.
930 2352 1012 2416 Ling.
1027 2351 1125 2401 Graec.
1140 2349 1200 2400 Vol.
1212 2349 1244 2399 V.
1259 2365 1322 2415 pag.
1336 2347 1388 2399 olo

248 2420 312 2486 tigit
324 2419 483 2470 Herodotoa
501 2434 607 2484 quoquc
620 2418 791 2469 Bachmann.
845 2419 886 2470 ed.
910 2419 1036 2469 Diodori.
1083 2417 1123 2468 Ad
1155 2417 1386 2483 significationem

249 2487 283 2538 ad
297 2487 469 2554 Lycophron.
483 2485 629 2536 Alexandr.
643 2485 701 2536 168.
714 2503 739 2552 p.
749 2485 791 2536 48.
843 2487 921 2537 verbi
938 2487 1040 2536 λυπεῖν
1057 2486 1085 2536 in
1102 2501 1177 2551 seqq.
1197 2486 1270 2535 conf.
1282 2484 1385 2534 Herod.

247 2555 333 2605 -Ad
346 2547 423 2621 ἤθεα
440 2545 586 2620 ὁμότροπα
605 2554 659 2604 vid.
673 2559 742 2604 nott.
757 2555 792 2604 ad
844 2553 990 2616 v11,190:
1022 2553 1079 2604 alia
1103 2553 1292 2619 suppeditabit
1314 2552 1387 2602 idem

248 2623 344 2684 11‚4u.
844 2623 1001 2672 Thesaurus
1022 2621 1041 2672 1.
1061 2621 1079 2670 l.
1097 2638 1161 2687 pag.
1179 2621 1303 2685 435εεο.
1345 2619 1387 2669 hd

287 2685 315 2740 ελ
330 2685 369 2756 μή
389 2683 538 2754 πρότερον]
564 2687 703 2738 Sancrofti
722 2689 793 2740 liber
843 2690 941 2740 verba:
966 2680 1004 2747 uic
1024 2678 1098 2740 οὕτω
1116 2680 1239 2754 ἐχόντων
1263 2689 1327 2750 (ενοι
1343 2703 1387 2737 rea

249 2753 276 2809 ελ
291 2751 330 2822 μὴ
347 2753 406 2806 καλ
423 2749 574 2820 πρότερον,
600 2757 671 2820 quod
685 2759 793 2874 recagit
842 2759 879 2806 ita
896 2773 923 2806 re
940 2757 1060 2818 habeant)
1079 2757 1152 2808 conf.
1165 2755 1262 2806 Matth.
1279 2754 1325 2805 Gr.
1339 2754 1386 2805 Gr.

248 2825 424 2888 Stogerustil
445 2821 746 2874 hem.lcn.18'28.ur.l
766 2825 790 2875 d.
842 2825 866 2886 5.
891 2823 955 2886 568,
981 2823 1004 2872 1.
1051 2824 1181 2889 Sophocli
1208 2823 1280 2873 hanc
1310 2821 1385 2873 loeu-

248 2839 792 3010 ηὲἕέλὸηεὲἓτιέὲοοἷηιεμμρξιίρεὶορεί
842 2889 1386 3008 11οοοωΤ1εοορ1εοὲοὶἰορεελὲεέῐολειροεῖ-
1479 2897 1484 2910 ’

316 2975 401 3010 .a.
449 2993 511 3006 ..
576 2975 682 3010 rursu
712 2975 790 3010 ααε
842 2974 907 3010 τινε.
967 2975 1055 3010 uvi.
1093 2974 1226 3010 ooe.a
1277 2973 1385 3008 ooc.

248 2975 466 3092 gloaraplllsuisse
481 3025 597 3076 videtur.
615 3053 646 3063 -
668 3027 709 3076 Ad
731 3043 791 3078 vor·
842 3027 919 3077 Alae.
933 3024 993 3076 281.
1005 3043 1068 3092 pag.
1081 3025 1132 3076 203
1146 3031 1175 3076 et
1187 3026 1261 3077 conf.
1274 2974 1387 3076 Ellendt

248 3095 311 3145 bum
323 3083 461 3160 ολγολμεθα
476 3094 549 3144 conf.
562 3099 630 3144 nott.
645 3095 680 3144 ad
692 3094 792 3158 1v,4u
843 3095 871 3144 in
888 3095 982 3144 Lexic.
1001 3093 1128 3160 Sophool.
1146 3095 1167 3143 l.
1191 3111 1217 3159 p.
1236 3091 1294 3144 733.
1338 3093 1384 3142 Gr.

249 3167 277 3212 et
287 3161 322 3212 ad
330 3155 444 3220 οἰκέτας
454 3165 520 3211 nott.
529 3162 696 3224 advllhtl.
715 3162 790 3212 Scito
843 3161 962 3212 conferri
980 3161 1039 3212 vult
1052 3161 1109 3211 Ast.
1128 3161 1163 3210 ad
1180 3161 1289 3211 Platon.
1302 3160 1385 3210 Polit.

247 3230 380 3281 Herodoti
396 3230 467 3280 haec
484 3229 570 3280 verba
583 3229 707 3295 Longius
725 3230 791 3280 Ger·
842 3229 885 3292 11,
902 3228 943 3280 20.
960 3245 1023 3294 pag.
1041 3229 1090 3280 435
1103 3245 1160 3294 aeq.
1172 3255 1205 3264 -
1222 3229 1314 3278 Verba
1332 3217 1385 3277 ονίι

248 3295 791 3358 maniuoaicroddidit:,‚Wirlrauonuuo
843 3287 910 3356 ἕκὰς
927 3289 1031 3362 χρόνον
1048 3291 1187 3359 παρέσται
1204 3295 1311 3346 valent:
1334 3309 1383 3344 πον

247 3382 320 3416 awar
332 3364 592 3424 deoWohlwollens,
606 3381 636 3414 εο
646 3365 689 3414 ihr
701 3381 790 3430 gagen
841 3369 915 3431 Ιοιιμο
927 3372 985 3430 port
997 3372 1124 3430 tempore,
1142 3364 1212 3414 breui
1227 3363 1311 3412 oderit
1323 3361 1384 3410 bar-

247 3429 300 3485 une'
311 3434 451 3496 bouchet,
466 3433 529 3482 dass
542 3431 585 3481 ihr
596 3433 640 3482 fiir
652 3447 703 3482 uus
716 3449 789 3484 armo
841 3433 932 3490 ὁοταες
950 3433 1135 3484 destructura
1152 3431 1227 3482 vocis
1242 3419 1309 3486 ἕκάς
1322 3443 1385 3481 cum

247 3503 335 3553 Lento
353 3501 423 3554 ohne
437 3499 517 3550 Daeh
534 3499 587 3549 und
600 3499 676 3550 Faeh
689 3517 790 3566 sorgen
842 3502 966 3565 genitivo
993 3504 1155 3551 monuerunt
1176 3497 1311 3546 Matthiae
1336 3497 1383 3546 Gr.

246 3571 302 3620 und
314 3583 413 3619 unaore
426 3569 641 3631 Hauegenoasen
656 3568 790 3618 emithren
842 3569 888 3618 Gr.
906 3571 930 3630 ξ.
949 3567 1000 3619 340
1023 3573 1051 3617 et
1070 3567 1199 3616 Kuehnar
1222 3565 1267 3614 Gr.
1292 3563 1337 3614 Gr.
1359 3565 1382 3624 5.

247 3637 334 3698 wollt,
348 3637 402 3687 und
415 3651 445 3686 ετ
458 3635 495 3685 iot
507 3634 594 3697 uahr,
607 3635 658 3685 dae
670 3635 707 3686 iet
720 3635 789 3686 allca
840 3635 899 3700 51³,
913 3637 937 3686 5.
962 3637 1025 3685 hlox
1037 3649 1085 3699 pro
1098 3625 1229 3690 ἐπειδᾶν,
1243 3632 1314 3696 quod
1327 3647 1384 3681 om·

247 3703 385 3770 thliche
401 3697 461 3766 (aul
473 3692 543 3768 ὑμῖν
554 3695 607 3766 μέν
619 3695 636 3768 ἡ
650 3695 732 3768 χάρις
745 3694 789 3753 ἐκ·
840 3719 889 3754 nea
901 3704 996 3767 utiquo
1006 3701 1070 3752 libri
1080 3700 1177 3765 scripti
1189 3704 1292 3754 tenent.
1306 3715 1385 3816 τερρ-

247 3767 438 3835 πεπλήρωται,
450 3771 590 3834 i.e.atque
604 3786 621 3820 a
631 3775 723 3822 vestra
733 3773 790 3835 qui·
840 3772 882 3821 aui
901 3762 1001 3830 ἐπεάν,
1020 3769 1131 3818 iubente
1146 3767 1284 3817 Bredovio
1301 3783 1327 3832 p.
1377 3805 1383 3830 ‚

247 3838 308 3887 dem
321 3841 399 3903 parte
411 3836 574 3888 beneficium
587 3837 724 3903 expletum
737 3843 788 3899 ost,
841 3853 919 3903 quem
949 3837 1033 3886 etiam
1062 3835 1185 3899 requitur
1212 3833 1382 3896 Dieuchiua,

246 3921 290 3955 aaa
314 3906 412 3970 quidem
434 3905 620 3956 beneuolentiae
641 3906 726 3968 officio
746 3922 788 3955 eu·
841 3905 969 3972 quoniam
981 3903 1008 3952 id
1018 3918 1107 3952 sermo
1116 3902 1248 3952 Herodoti
1258 3901 1385 3967 flagitare

247 3975 338 4023 nullate
354 3973 531 4036 satiasecialia,
548 3978 579 4022 ut
592 3974 790 4038 interpretatur
839 3971 993 4032 uidebatur,
1008 3971 1062 4036 qui,
1077 3969 1133 4018 alia
1142 3975 1172 4019 ut
1181 3974 1299 4030 taceam,
1314 3985 1383 4036 quae

248 4039 494 4104 Schweighaeuser
508 4042 538 4090 in
551 4041 647 4090 Loxie.
658 4040 788 4090 Herodot.
840 4039 920 4106 plura
939 4037 1032 4088 attulit
1043 4037 1194 4087 Bredoviuu
1211 4036 1229 4086 l.
1247 4035 1279 4098 l.‚
1300 4038 1384 4087 etiam

248 4107 270 4157 1.
288 4123 351 4173 pag.
370 4105 443 4170 1u9);
464 4107 530 4158 aber
546 4107 672 4157 denuoch
689 4107 790 4158 wollen
841 4109 891 4170 IV,
910 4105 944 4157 98
961 4096 1069 4156 ἐπεὰν
1085 4098 1203 4170 τάχιστα
1221 4103 1298 4154 dixit.
1339 4105 1384 4155 De

248 4173 298 4226 wir
309 4174 380 4224 noch
393 4175 485 4226 leruer
496 4191 527 4226 εο
538 4174 662 4238 bleiben‚
677 4175 728 4226 wie
742 4175 790 4225 wir
841 4179 978 4226 structura
990 4171 1067 4223 verbi
1079 4165 1249 4236 προσεδέετο
1262 4187 1323 4222 cum
1335 4173 1384 4223 du·

231 4241 323 4306 wind,
344 4241 400 4292 und
418 4243 487 4294 euch
504 4241 583 4292 nicht
597 4257 644 4292 aar
661 4243 725 4292 hart
739 4243 791 4306 sal·
841 4240 909 4308 plici
925 4241 1048 4306 genitivo
1065 4241 1218 4291 monuimus
1236 4240 1270 4289 ad
1285 4239 1322 4298 V,
1339 4238 1383 4289 40.

247 4313 316 4361 lea.“
429 4316 432 4324 '
842 4309 927 4358 -De
940 4309 1077 4358 locutione
1095 4309 1230 4371 παρεῖναι
1246 4303 1288 4366 εἷς
1300 4323 1326 4357 τι
1344 4309 1384 4358 ci.

282 4367 365 4443 ἡμεῖς
381 4373 479 4443 μέντοι
497 4367 691 4442 λιπαρήσομεν
703 4364 789 4443 οὕτω]
841 4381 908 4428 nott.
931 4377 966 4427 ad
989 4379 1014 4440 1,
1038 4377 1080 4426 21.
1116 4377 1159 4425 De
1182 4374 1282 4427 vocula
1304 4371 1384 4440 πρλν,
