3040 4962
209 459 228 520 6
647 445 911 506 1111111)1)0’1“Ι

211 629 295 712 ἐστι,
319 619 387 716 ὅσῳ
411 619 550 710 πόλεμος
575 613 715 710 εἰρήνης.
758 613 984 706 Ἐπιστάμενοι
1009 605 1057 685 ὦν
1075 611 1156 686 αὐτὸ
1173 620 1270 686 τοῦτο
1287 613 1350 687 οὐκ

209 722 416 812 ἀντέτεινον,
442 718 516 792 ἄλλ’
537 721 643 809 εἶκον,
668 723 762 810 μέχρι
780 715 862 788 ὅσου
880 716 984 806 κάρτα
1004 721 1134 787 ἐδέοντο
1152 713 1279 804 αὐτοῖν,
1305 713 1349 799 ὥς

211 829 370 910 διέδεξαν.
405 819 449 905 ὥς
473 821 535 912 γὰρ
555 820 596 911 δὴ
615 818 780 911 ὠσάμενοι
803 817 862 890 τὸν
879 822 1015 906 Πέρσην
1039 821 1114 910 περὶ
1138 821 1196 907 τῆς
1220 822 1349 890 ἐκείνου

211 927 276 1017 η”ὃη
304 925 362 998 τόν
385 923 499 1014 cirtica
523 927 710 1008 ἐποιεῦντο,
742 920 910 1010 πρόφασιν
939 917 1001 1008 τὴν
1025 928 1227 990 Παυσανίεω
1249 917 1350 1012 ὕβριν

210 1027 459 1120 προϊσχόμενοι,
484 1022 658 1095 ἀπείλοντο
676 1021 737 1112 τὴν
753 1018 935 1111 ἡγεμονίην
957 1019 1034 1102 τούς
1053 1028 1347 1111 Λακεδαιμονίους.

209 1127 293 1201 ἀλλὰ
309 1133 414 1200 ταῦτα
431 1130 493 1218 μὲν
510 1123 651 1218 ὕστερον
671 1127 811 1214 ἐγένετο.

210 1297 281 1364 quod
298 1312 331 1347 ex
348 1295 466 1345 omnium
485 1291 673 1356 (Graecorum)
691 1305 753 1340 con·
807 1283 987 1353 διωσάμενοι.
1024 1289 1046 1336 11
1060 1289 1139 1338 libris
1156 1291 1267 1355 scriptis
1282 1290 1350 1340 nihil

210 1380 293 1416 seusu
322 1363 465 1427 (adversus
490 1359 608 1421 exteros)
633 1363 753 1424 geratur,
807 1358 966 1407 adnotatum
980 1371 1008 1406 re
1031 1358 1333 1422 erio:itaqueretiuni.

210 1437 312 1498 quanto
336 1431 415 1496 peior
449 1431 486 1480 sit
509 1429 569 1493 ipsa
593 1443 647 1492 pax
672 1426 753 1476 bello.
840 1421 906 1486 περὶ
928 1423 988 1490 τῆς
1007 1371 1129 1490 desinon]
1154 1425 1266 1475 Minime
1284 1441 1351 1491 opus

211 1501 288 1562 Quae
302 1503 398 1564 sponte
411 1499 439 1546 in
452 1497 609 1545 memoriam
623 1499 755 1544 revocant
807 1509 867 1542 eum
879 1493 965 1543 Galeo
979 1493 1115 1556 corrigere
1128 1489 1194 1556 περί
1206 1491 1267 1558 γῆς
1280 1483 1351 1544 ἐκεί-

210 1566 328 1616 similem
341 1564 519 1622 seutentiam,
534 1578 617 1628 supra
630 1561 700 1618 1,87
716 1561 753 1610 al·
807 1575 867 1620 νον,
882 1560 1099 1625 quandoquidem
1112 1559 1212 1610 vocula
1222 1559 1258 1626 γῆ
1270 1562 1297 1610 iu
1310 1567 1350 1610 tu·

210 1635 295 1684 lutam
314 1638 396 1696 atque
415 1647 431 1680 a
450 1631 569 1680 Stobaeo
588 1631 692 1694 (Eelog.
712 1630 753 1690 55,
806 1629 878 1678 libus
892 1629 1050 1694 plerumque
1068 1629 1213 1690 reticetur,
1233 1629 1350 1690 utVlll,

213 1699 253 1762 10)
284 1705 435 1748 servatam:
466 1688 562 1755 οὐδεὶς
582 1691 642 1774 ’μὰρ
666 1685 755 1753 οὕτως
806 1695 913 1757 ealon,
928 1711 961 1745 uo
974 1695 1052 1760 plura
1065 1695 1179 1745 afferam
1190 1697 1218 1745 in
1229 1711 1258 1746 ro
1271 1711 1350 1746 saue-

211 1758 333 1832 α’νόητός
351 1757 440 1820 ἔστιν,
464 1754 539 1823 ὅστις
556 1765 682 1829 πολεμον
700 1758 755 1826 πρὸ
807 1779 887 1840 qurum
900 1763 1052 1814 notissima.
1080 1763 1352 1828 Intelligitnrantem

211 1829 328 1900 εἰρήνης
338 1827 473 1895 αίρέεται.
487 1833 551 1898 Ipsa
561 1831 676 1882 locutio:
691 1825 754 1882 otu'-
808 1848 825 1896 η
838 1821 951 1882 ἐκείνου
960 1831 1126 1880 terraXerxi
1136 1831 1255 1894 subdita,
1270 1833 1352 1897 inpri-

211 1917 254 1960 σις
268 1897 393 1966 ἔμφυλος
405 1901 476 1950 houd
489 1901 548 1950 scio
563 1915 597 1949 an
612 1901 646 1950 ad
659 1902 755 1964 po'ctas
807 1899 857 1948 mis
877 1899 945 1948 Asia
968 1899 1065 1948 minor.
1094 1899 1247 1950 Schoellins
1265 1899 1351 1949 Thra·

210 1971 364 2036 pertineat,
378 1969 400 2018 si
415 1969 523 2033 quidem
537 1968 600 2018 Solo
614 1969 642 2017 in
655 1967 755 2032 Elegia
808 1967 869 2016 eise
884 1971 913 2016 et
924 1967 1008 2016 Asiae
1021 1967 1133 2016 minoris
1147 1956 1352 2017 oram'Graecis

210 2038 268 2099 illa,
282 2052 364 2102 quam
377 2037 499 2086 servavit
508 2035 708 2086 Demosthenes
721 2035 754 2084 de
808 2033 924 2084 coloniis
937 2049 954 2083 a
967 2034 1112 2084 Persarum
1126 2033 1267 2084 dominatu
1282 2034 1351 2085 libe·

212 2106 275 2156 t'als.
287 2103 373 2168 legat.
385 2105 408 2164 §.
419 2103 567 2168 tenpore
580 2102 645 2164 (vid.
654 2101 755 2166 Berglr.

211 2175 302 2224 I'oiitt.
321 2172 429 2235 Lyricc.
444 2171 560 2220 Graece.
580 2188 605 2235 p.
620 2169 669 2220 334
687 2170 756 2234 seq.)

210 2257 251 2292 vs.
278 2239 309 2289 ill
339 2233 464 2290 oreore
492 2232 650 2303 ἔμφυλον
675 2231 755 2288 πόλε-

209 2297 388 2374 μόνδ’(ὶίιίῑ,
405 2306 474 2372 quod
487 2311 629 2370 utrumque
644 2306 756 2355 coniun-

209 2378 249 2426 xit
262 2391 368 2442 qnoque
382 2375 482 2438 Pythia
499 2375 527 2424 iu
540 2374 665 2434 oraculo,
684 2372 756 2438 quod

212 2443 285 2508 opud
297 2443 468 2492 Athenaeum
482 2443 548 2502 Xll,
567 2441 604 2491 18.
621 2459 646 2507 p.
660 2441 710 2490 5⁸20
723 2441 754 2492 B.

211 2517 239 2560 ot
252 2511 419 2574 Stephanum
430 2510 577 2572 Byzantin.
590 2525 611 2560 s.
623 2525 649 2557 v.
660 2501 755 2572 Σύβα-

211 2593 255 2640 ρις
271 2576 382 2639 legitnr.
418 2577 497 2625 Unde
516 2569 612 2632 στάσις
631 2571 756 2639 ἔμφυλος

212 2644 285 2709 apud
297 2645 418 2692 Pausnn.
429 2643 501 2700 VIll,
516 2643 546 2690 51
562 2643 620 2690 init.
636 2649 663 2691 et
673 2643 754 2692 Ilion.

212 2713 289 2762 Cass.
304 2709 392 2771 LVII,
409 2708 447 2758 18.
462 2709 553 2764 LXII,
570 2708 609 2760 18.

244 2772 326 2842 μέχρι
339 2765 408 2826 ὅσον
420 2767 511 2840 κάρτα
523 2767 638 2826 ἐδέοντο
651 2765 755 2839 αὐτῶν]

211 2847 229 2895 1.
249 2863 273 2896 e.
292 2845 462 2895 Athenienses
478 2850 620 2904 cesserunt,
640 2845 757 2909 ηιιαυιιίία

210 2917 260 2964 iltis
274 2912 398 2976 (reliquis
411 2911 470 2962 scil.
485 2911 621 2962 Graeciae
634 2911 756 2960 civitati·

211 2981 271 3042 bns)
288 2995 441 3058 mppnopere
453 2979 608 3043 indiyebont.
644 2979 757 3028 Retinui

211 3041 293 3113 μέχρι
312 3061 394 3110 οσον,
414 3047 483 3111 quod
497 3047 593 3112 optimi
607 3051 634 3096 et
647 3045 757 3110 plurimi

809 2101 902 2152 randis
915 2101 1048 2166 repletam
1062 2102 1161 2166 respici
1175 2107 1261 2167 putet.

842 2163 988 2234 πρόφασιν
1005 2164 1058 2235 τήν
1076 2167 1247 2220 Παυσανίεω
1267 2158 1353 2232 ὕβριν

808 2232 1021 2320 προϊσχόμενοι]
1046 2237 1146 2312 „Sptis
1168 2243 1229 2287 erat
1251 2238 1352 2288 dixisse

808 2299 861 2370 τὴν
883 2303 1055 2354 Παυσανιεω
1078 2303 1163 2370 υβριν
1185 2297 1351 2370 προϊσχόμε-

808 2387 866 2432 νοι,
881 2379 910 2421 ut
922 2374 969 2423 hoe
981 2375 1070 2422 illudne
1081 2380 1240 2438 praetexere
1253 2374 1354 2424 dicitur

808 2433 987 2505 προέχεσθαί
998 2455 1037 2490 er:
1058 2441 1107 2490 sed
1120 2441 1241 2491 seribere
1254 2442 1353 2492 Noster

807 2508 906 2557 maluit
929 2500 1076 2571 πρόφασιν
1099 2502 1291 2573 προσχέσθαι,
1323 2515 1354 2558 ut

807 2576 858 2636 IV,
875 2575 922 2624 1115
936 2574 992 2640 [ubi
1006 2576 1061 2624 vid.
1076 2581 1142 2626 nott.
1167 2576 1236 2626 add.
1248 2577 1285 2640 V,
1299 2575 1351 2644 33.]

808 2641 946 2702 vl,137.“
986 2644 1138 2694 Valchea.

841 2699 994 2760 riner'lovro
1023 2703 1076 2775 τὴν
1105 2702 1263 2777 ἡγεμονίην
1287 2704 1353 2770 τούς

807 2775 1066 2842 Λακεδαιμονίους]
1090 2780 1132 2828 οο
1150 2785 1288 2829 structura
1307 2797 1353 2830 vo·

808 2845 849 2894 cis
866 2837 1059 2908 α’φαιρείσθαι
1082 2847 1288 2902 Valckenar„
1314 2850 1352 2896 ei·

809 2917 871 2962 taus
881 2912 968 2976 vnto
978 2913 1033 2974 (ubi
1045 2915 1117 2964 corut.
1126 2915 1206 2976 nott.)
1218 2920 1246 2964 et
1255 2915 1351 2964 Thom.

808 2979 918 3042 Magist.
934 2996 955 3029 s.
969 2997 994 3031 v.
1008 2998 1032 3046 p.
1049 2981 1109 3042 130,
1129 2983 1199 3032 haec
1217 2982 1352 3048 adipsum

810 3053 998 3111 argumentum
1012 3049 1066 3100 loci
1077 3049 1235 3115 spectantia
1249 3049 1354 3100 adseri·

212 3116 341 3166 terebant
352 3114 425 3164 libri.
461 3114 517 3164 Alii
530 3111 611 3178 μέχρι
625 3129 646 3162 s.
659 3107 757 3178 μέχρις

211 3167 259 3242 od,
278 3183 312 3232 de
326 3197 379 3246 qua
392 3181 501 3232 dicendi
516 3181 632 3232 lorrnnla
648 3181 702 3230 rid.
717 3181 756 3230 al·
809 3181 851 3231 01.
865 3183 973 3242 LXXV,
987 3185 1010 3232 4.
1027 3181 1094 3249 [sire
1108 3184 1156 3234 477
1171 3183 1351 3235 entecham

211 3251 271 3301 lata
283 3249 317 3300 ad
331 3251 352 3310 l,
368 3247 411 3298 181
429 3254 457 3298 et
469 3250 542 3300 coni.
558 3265 605 3312 ea,
625 3264 694 3313 qnae
708 3264 756 3298 nu·
808 3249 869 3300 vid.
895 3249 1015 3300 Clinton.
1043 3253 1118 3304 l‘nst.
1140 3252 1213 3302 Hell.
1236 3269 1301 3317 pag.
1320 3251 1353 3301 3⁶2

211 3334 260 3384 per
281 3318 411 3368 disseruit
434 3318 466 3366 E.
489 3317 520 3366 Δ.
542 3316 665 3366 Fritseh:
690 3317 755 3366 Ver·
809 3317 850 3366 erl.
859 3315 1011 3383 Krueger.].
1027 3319 1209 3370 Athenienses
1219 3325 1275 3370 tum
1285 3325 1352 3368 tem·

211 3385 311 3452 gleielr.
325 3385 466 3434 Bearbeit.
485 3385 509 3438 d.
531 3385 640 3434 Grieeh.
661 3399 685 3434 u.
702 3385 755 3434 Le·
807 3385 880 3450 poris
897 3385 1024 3436 dicuutur
1036 3387 1188 3451 Thucydidi
1203 3388 1228 3448 l,
1247 3385 1281 3436 00
1298 3403 1353 3436 πα-

211 3455 277 3505 tein.
291 3452 435 3503 Partikeln
449 3453 484 3503 Il.
498 3471 523 3518 p.
540 3452 594 3502 103.
624 3453 666 3501 De
679 3453 756 3502 noeis
808 3445 979 3517 ραλαβὸντες
992 3447 1044 3520 τὴν
1057 3447 1216 3520 ἡγεμονίαν
1229 3445 1354 3504 ἑκόντων

210 3517 292 3587 μέχρι
311 3522 400 3571 forma
418 3521 490 3586 apud
505 3520 672 3570 Herodotum
686 3535 755 3569 sem·
806 3518 863 3569 τοῖν
885 3513 1038 3586 ξυμμάχων
1062 3515 1111 3572 ded
1132 3515 1164 3572 τὸ
1182 3519 1353 3572 Παυσανίου

211 3605 259 3654 per
282 3589 379 3650 obvia,
403 3589 515 3639 abieetri
536 3589 663 3649 literuo',
688 3587 756 3637 dixit
806 3589 895 3653 μῖσος.
924 3589 1054 3654 Spartani
1072 3591 1181 3654 quidem
1194 3591 1352 3640 Pausaniae

210 3655 327 3730 Bredov3
349 3671 413 3719 pap.
433 3657 490 3706 110.
526 3657 566 3706 Ad
588 3657 672 3706 verba
692 3659 753 3720 pro·
806 3655 986 3718 περσίζοντος
1004 3658 1134 3723 snperbia
1151 3658 1241 3708 socios
1261 3659 1351 3708 irritu·

210 3722 285 3771 rime
307 3737 345 3777 ως
368 3717 502 3786 διέδεξαν
525 3726 561 3775 cl.
581 3730 648 3774 nott.
669 3724 702 3772 ad
722 3724 753 3785 V,
806 3725 859 3784 vit,
879 3725 927 3774 sed
945 3725 980 3774 ad
998 3725 1139 3790 imperium
1158 3726 1185 3774 iu
1202 3725 1352 3775 Athenien·

215 3788 261 3837 l‘li
275 3793 302 3836 et
315 3789 373 3846 VII,
391 3789 446 3838 172.
483 3791 546 3841 Mox
564 3809 579 3842 e
594 3791 755 3842 Florentino
807 3807 851 3840 ses
862 3793 1082 3842 transferendum
1094 3798 1219 3842 caeteros
1229 3793 1352 3843 Graecos

211 3855 369 3918 duobusque
395 3855 457 3904 aliis
479 3861 605 3908 revocavi
629 3875 690 3908 eum
714 3874 754 3906 re·
808 3861 935 3922 aequitas
958 3861 1129 3924 potissimum
1153 3863 1237 3910 movit
1254 3862 1351 3910 Aristi-

212 3928 296 3975 centt.
314 3923 373 3972 odd.
395 3916 521 3987 Πέρσην,
545 3941 624 3988 qurum
641 3927 755 3975 sormam
807 3927 863 3974 dis:
883 3927 991 3978 cornel.
1006 3930 1097 3994 Nepos
1116 3929 1143 3978 in
1159 3928 1270 3978 Aristid.
1289 3945 1312 3978 e.
1326 3929 1351 3978 2.

213 3990 366 4040 accusativi
379 3990 414 4039 ub
432 3991 571 4040 Herodoto
585 4007 692 4058 semper
710 3993 755 4042 nd·
809 3994 868 4042 Vid.
887 4001 915 4044 et
927 3997 1039 4045 Diodor.
1057 3997 1110 4058 XI,
1124 3997 1169 4055 dl,
1189 3998 1233 4061 qni
1248 4013 1308 4062 esp.
1319 3995 1353 4046 10

211 4059 301 4108 hiberi
315 4057 477 4107 monstravit
490 4058 605 4108 llredou.
618 4077 681 4125 pag.
694 4061 753 4122 223,
808 4067 950 4127 utrumque
969 4069 1101 4114 memorat
1119 4069 1147 4114 et
1158 4065 1300 4113 Parrsnnirre
1318 4067 1352 4114 si·

211 4141 260 4192 pro
277 4125 350 4190 vulg.
373 4119 496 4186 Πέρσεας
517 4125 587 4174 idem
610 4127 663 4176 leci
682 4129 755 4177 iutra
806 4130 857 4184 tia,
883 4131 1007 4180 Aristidis
1030 4140 1111 4180 υιιιννι
1133 4135 1242 4180 virtutes
1257 4133 1352 4194 secisse

211 4193 283 4248 Vlll,
300 4193 355 4242 108.
372 4191 427 4242 ron.
447 4193 527 4243 Cous.
541 4194 624 4243 etiam
638 4201 705 4244 nott.
721 4197 756 4244 ad
807 4196 918 4260 scribit,
931 4191 1042 4256 πάντας
1054 4187 1147 4262 οἷσπερ
1159 4189 1217 4248 α’πό
1230 4198 1296 4259 μιᾶς
1308 4190 1352 4260 ὁρ-

211 4262 289 4323 Vlll,
302 4261 326 4309 2.
343 4259 381 4310 15.
419 4261 551 4310 Voculam
566 4255 618 4327 δὴ,
632 4277 703 4325 quae
716 4262 755 4313 le·
807 4261 862 4327 μῆς
879 4255 1034 4316 α’ποιιίῐναι
1053 4260 1123 4327 πρὸς
1139 4258 1207 4323 τούς
1221 4255 1348 4331 Ἀθηναί-

212 4329 286 4390 gitnr
297 4329 401 4378 inserta
412 4333 472 4393 post
482 4319 520 4386 cie
531 4322 593 4394 γὰρ,
606 4329 757 4380 omiserunt
808 4346 857 4388 ους
876 4339 958 4400 atquc
977 4334 1046 4384 adeo
1063 4335 1245 4384 Athenienses
1267 4329 1352 4412 χωρὶς

212 4395 342 4460 bekker,
353 4397 479 4448 Diodori.
492 4402 520 4448 et
529 4397 697 4458 Dietsehirrs,
710 4399 756 4464 qui
807 4392 946 4452 κινδύνου
959 4400 1138 4470 παραλαβεῖν
1147 4393 1201 4467 τὴν
1213 4416 1285 4450 κατα
1295 4394 1351 4452 θοί-
1399 4465 1407 4480 ι

808 3113 876 3180 psit:
895 3116 1016 3174 „llveuit
1029 3117 1079 3166 illa
1091 3133 1134 3166 res
1151 3117 1269 3166 triennio
1281 3123 1352 3182 post,
