3074 4960
247 519 308 580 144
682 505 947 569 HERODOTI

246 687 356 774 στάσι,
381 679 462 754 κατά
482 675 662 772 ἡμερησίην
685 674 766 749 ὁδὸν
785 677 926 765 ἑκάστην
947 683 1047 760 ἵππος
1065 705 1100 747 τε
1118 680 1173 746 καὶ
1190 673 1275 766 άνήρ
1293 705 1382 748 τετα-

245 789 382 878 γμένος,
406 780 484 864 τούς
501 779 578 852 οὔτε
595 777 745 870 νιφετὸς,
781 776 843 849 οὐκ
860 775 1001 868 ὄμβρος,
1036 775 1077 848 οδ
1096 781 1222 868 καῦμα,
1257 775 1298 848 οὐ
1322 777 1383 862 vd&

247 895 334 978 ἔργει
358 883 403 978 μὴ
426 880 467 956 od
491 881 672 954 κατανύσαι
695 879 753 950 τὸν
777 887 995 970 προκείμενον
1026 881 1141 974 ἑωυτῷ
1176 878 1299 969 δρόμον
1321 877 1383 967 τὴν

246 997 410 1080 ταχίστην.
434 981 532 1076 ὁμὲν
551 982 592 1072 δὴ
610 986 737 1072 πρῶτος
757 979 893 1070 δραμών
911 987 1092 1072 παραδιδοῖ
1107 979 1147 1050 τά
1166 983 1382 1070 ἐντεταλμένα

246 1093 292 1186 api
316 1093 479 1182 δευτέρην,
515 1081 533 1156 ὁ
558 1086 594 1154 δὲ
619 1081 771 1173 δεύτερος
795 1085 842 1175 τῷ
864 1089 979 1174 τράφ’
1015 1079 1051 1152 ad
1076 1083 1112 1152 δὲ
1137 1085 1296 1152 ἐνθεῦτεν
1319 1079 1384 1170 ἤδη

247 1187 319 1264 κατ’
338 1187 439 1260 ἄλλον
458 1191 653 1278 διεξέρχεται
671 1180 939 1274 παραδιδόμενα,
958 1179 1103 1274 κατάπερ
1113 1180 1247 1273 Ἕλλησι
1265 1179 1285 1271 ἡ
1304 1192 1383 1273 λαμ-

246 1299 455 1382 ααδηφοριή,
474 1286 535 1377 τὴν
552 1291 599 1380 τῷ
610 1282 779 1378 Ἡφαίστῳ
799 1287 1008 1354 ἐπιτελέουσι.
1051 1289 1155 1355 Τοῦτο
1172 1283 1208 1355 ιδ
1229 1283 1384 1376 δράμημα

246 1493 367 1558 proriam
378 1482 714 1552 sequentibusssekkcme,
722 1482 789 1530 Diu·

245 1559 316 1608 dori.
331 1564 359 1606 ct
369 1555 494 1604 llietseh.
506 1553 650 1601 ediderant
661 1541 790 1614 ἡμερέων

246 1613 293 1692 ἡὴ
307 1621 385 1674 πάσα
397 1613 479 1682 dein
500 1637 513 1670 e
527 1619 606 1668 libris
624 1617 735 1682 scriptis
748 1616 789 1664 ni-

246 1693 283 1742 bil
297 1695 420 1740 notatum
439 1687 543 1752 reperi,
564 1685 681 1749 indeque
694 1683 789 1748 vulga·

245 1765 300 1809 tsrn
315 1757 426 1806 retinui.

280 1823 367 1882 Inane
388 1835 418 1872 τε
440 1815 490 1871 καὶ
513 1809 588 1884 άνὴρ
605 1811 787 1883 τεταγμένος]

244 1893 346 1942 Addita
358 1891 427 1938 haec
437 1891 501 1937 sunt
511 1887 544 1936 sd
556 1883 720 1950 explicanda
729 1901 788 1962 upr-

245 1961 280 2008 ha
294 1955 503 2008 antecedentia:
530 1950 613 2002 ῒιτπαι
630 1966 659 2002 τε
676 1947 788 2001 κα1αν-

245 2023 311 2090 δρες
325 2020 451 2074 διεστᾶσι
470 2021 498 2084 (i.
513 2036 537 2070 e.
551 2024 591 2069 tot
609 2020 671 2083 equi
691 2024 718 2067 et
734 2020 787 2069 viri

244 2097 320 2144 stant
332 2090 456 2155 separati
474 2103 490 2137 a
506 2087 680 2148 seinvicem,
701 2087 788 2136 diver-

244 2161 282 2210 sis
301 2159 380 2220 locis)
400 2156 516 2220 indeque
536 2169 595 2204 cum
609 2169 690 2204 amun
705 2153 788 2204 idem-

244 2243 295 2292 que
314 2227 350 2274 sit
367 2224 533 2282 subiectum,
554 2223 648 2272 eodem
666 2222 788 2270 nomine-

244 2295 295 2342 tivi
309 2307 374 2342 casu
387 2291 574 2356 proferentum
588 2289 621 2338 de
635 2304 688 2354 qua
700 2290 786 2353 parti-

244 2361 377 2424 cipiorum
402 2360 430 2407 in
451 2358 621 2408 nominativo
637 2357 787 2422 positorum

243 2433 381 2478 structura
394 2425 467 2476 conf.
480 2429 549 2474 nott.
562 2425 596 2473 ad
606 2425 680 2486 vlu,
690 2422 732 2474 83.
744 2422 786 2474 86.

244 2495 289 2544 lta
301 2495 381 2552 enirn,
395 2494 464 2542 haec
478 2499 519 2542 est
530 2492 623 2541 Nostri
636 2493 785 2552 sententia,

244 2567 307 2611 aunt
318 2561 459 2624 dispositi,
478 2564 509 2608 ut
526 2560 555 2608 in
572 2575 677 2623 quoque
691 2560 787 2608 diurno

244 2630 343 2678 itinere
356 2643 425 2676 unus
438 2642 522 2691 equus
535 2641 568 2675 ae
579 2627 622 2676 vir
634 2625 787 2676 collocatus

244 2699 288 2747 sit.
314 2697 376 2745 Mox
389 2695 498 2744 restitui
510 2682 590 2743 οάτε
602 2687 726 2758 νιφετὸς,
739 2693 787 2742 nbi

244 2763 411 2813 Sciraeferns
424 2762 538 2810 dederat
554 2751 625 2810 οὔτι.
662 2761 786 2809 Particu-

244 2832 286 2880 las
310 2831 456 2895 negativas
479 2829 519 2877 sie
544 2829 653 2878 iunctas
676 2820 741 2877 οὔτε
755 2855 786 2862 -

243 2890 296 2948 οὖν
321 2897 415 2961 attigit
437 2895 536 2945 Matth.
563 2895 609 2945 Gr.
628 2895 674 2946 Gr.
695 2896 718 2957 5.
737 2893 787 2944 609

243 2967 363 3030 itemque
377 2964 507 3014 Kuehner
516 2963 562 3013 Gr.
572 2961 710 3024 Gr.§.743‚
724 2963 749 3020 2,
761 2977 784 3010 c.

243 3033 310 3083 Add.
326 3033 465 3096 Hartung:
484 3031 574 3080 Lebre
593 3046 618 3080 v.
634 3030 660 3082 d.
676 3029 786 3080 Grieeh.

243 3102 330 3150 Parit.
344 3100 365 3149 1.
378 3114 442 3164 pag.
460 3097 520 3158 11111,
535 3099 581 3163 qui
593 3099 677 3147 etiam
690 3097 787 3148 laudat

243 3167 345 3217 Herod.
359 3167 384 3225 1,
399 3165 455 3216 138.
491 3166 533 3214 'In
547 3165 599 3216 vid.
614 3180 696 3230 supra
708 3165 784 3226 VIII,

243 3233 285 3287 83.
310 3233 388 3296 Quod
402 3233 543 3284 antecedit
559 3225 634 3292 τούς,
648 3233 676 3281 in
689 3223 739 3282 τὸν
751 3232 785 3280 ob

243 3317 361 3366 sequens
385 3292 478 3368 ἓωατῷ
505 3305 638 3350 mutatum
661 3299 787 3350 voluerat

243 3370 383 3420 Reiskius.
414 3369 468 3418 Sed
480 3369 577 3418 merito
592 3368 696 3431 respuit
710 3367 786 3416 Wes-

244 3437 342 3504 seling.
378 3439 441 3486 Mox
459 3451 519 3486 cunr
536 3439 651 3486 recentt.
671 3433 731 3484 edd.
745 3449 786 3483 re·

243 3507 323 3571 posui
348 3499 437 3570 ἔργει,
461 3504 530 3570 quod
552 3502 692 3553 Sencrot'ti
715 3501 788 3550 liber

244 3590 304 3623 cum
318 3573 373 3624 alio
390 3573 461 3622 libro
479 3574 581 3638 scripte
599 3570 691 3632 offert,
714 3584 785 3632 cunr,

244 3642 314 3705 qnod
324 3640 599 3706 Schweighaeuserns
611 3644 638 3688 et
647 3637 786 3686 Gaisiord.

243 3723 376 3757 unacum
394 3709 455 3758 edd.
473 3712 571 3758 veterr.
590 3709 699 3766 tenent,
719 3695 786 3766 ἐέρ-

243 3789 287 3839 γει
311 3789 397 3838 aeque
420 3775 601 3840 respuendum
618 3775 655 3822 sit
676 3773 786 3833 (Home-

243 3843 303 3892 rica
314 3843 386 3890 enim
397 3846 439 3892 est
452 3842 553 3902 sermm
567 3840 603 3890 ei.
615 3839 657 3889 Ili.
669 3840 704 3900 11,
715 3837 785 3902 1117),

245 3915 326 3973 atque
340 3906 441 3974 εἴργει,
461 3909 531 3974 quod
543 3923 612 3958 unns
625 3907 696 3956 liber
707 3922 786 3974 pree-

244 3979 304 4026 bet:
324 3993 372 4042 pro
390 3974 475 4094 rippa
493 3977 564 4026 enim
577 3975 704 4024 Nostrum
716 3989 786 4023 sem-

243 4061 293 4112 per
309 4045 411 4094 dixisse
445 4059 515 4108 ργω,
534 4041 654 4092 ostendit
669 4041 785 4091 Bredov.

244 4109 464 4228 1211153111.
489 4108 786 4239 illidii-litii}

244 4247 340 4296 eadem
351 4247 377 4294 in
388 4261 416 4294 re
428 4243 574 4294 adhibetur
584 4258 600 4290 a
608 4242 787 4308 Xenophonte

245 4315 342 4379 Cyrop.
357 4315 431 4375 VIII,
444 4311 468 4374 6,
486 4312 525 4362 17.

278 4374 350 4432 eard
363 4372 451 4431 (ittae
464 4373 650 4444 διεξέρχεται]
666 4377 715 4426 ie.
727 4379 787 4426 inde

243 4465 303 4504 cero
321 4451 458 4508 edulium,
475 4451 515 4498 cui
531 4448 682 4506 traduntur,
704 4451 787 4496 trans·

840 1487 898 1530 eant
911 1483 1047 1537 arandam
1065 1497 1182 1548 uanique
1196 1482 1231 1532 ad
1244 1475 1383 1546 διεξέργε·

840 1563 886 1597 ται
906 1565 939 1597 ex
957 1549 1188 1598 antecedentibus
1206 1551 1383 1614 repetendam

840 1611 874 1664 τά
889 1606 1123 1682 ἐντεταλμένα.-
1137 1607 1204 1666 κατ’
1215 1607 1303 1667 ἄλλον
1318 1616 1382 1666 reli-

841 1683 887 1746 qui
911 1683 1058 1746 intnetnm,
1085 1684 1155 1748 quod
1179 1684 1214 1734 ab
1232 1685 1384 1734 Schaeiero

840 1755 937 1814 sponte
951 1755 1083 1800 mutatum
1096 1756 1156 1802 erat
1168 1753 1196 1802 in
1206 1743 1270 1801 κατ’
1280 1741 1382 1802 ἄλλων.

840 1817 928 1881 Vulgo
952 1811 1028 1868 κατά
1052 1807 1147 1868 ἄλλον.
1195 1819 1236 1868 Ad
1260 1819 1383 1870 dativum

832 1871 947 1964 Ἕιιησι
965 1886 1038 1935 cons.
1055 1885 1153 1934 ualet.
1168 1885 1213 1936 er.
1228 1886 1274 1935 or.
1287 1889 1310 1948 e.
1324 1885 1383 1936 asa.

840 1951 880 2000 Ad
897 1969 914 2017 η
933 1950 1159 2018 λαμπαδηφορίη
1183 1959 1274 2019 potest
1291 1959 1383 2005 mente

840 2019 903 2068 addi
918 2035 951 2070 ex
965 2021 1193 2070 antecedentibus
1206 2017 1382 2084 διεξέρχεται

839 2077 905 2136 κατ’
922 2080 1010 2138 ἄλλον
1028 2081 1257 2156 παραδιδομένη.
1293 2089 1383 2138 Faces

839 2155 868 2203 in
885 2154 1063 2204 sollemnibus
1086 2155 1196 2206 deorum
1214 2155 1382 2220 quorundam

839 2237 920 2272 cursu
943 2224 1047 2288 gestari
1075 2223 1171 2272 solitas
1200 2239 1217 2274 a
1237 2224 1383 2276 iuvenibus

838 2305 929 2339 secum
943 2291 983 2338 its
996 2291 1175 2352 certantibus,
1188 2297 1218 2340 ut
1230 2307 1283 2340 non
1295 2290 1382 2340 solnm

838 2357 928 2406 lacem
946 2357 1082 2407 lucentem
1096 2363 1236 2408 currentes
1253 2357 1383 2408 adfinem

837 2425 1004 2490 perferrent,
1023 2426 1071 2474 sed
1084 2427 1169 2474 etiam
1181 2424 1319 2475 lucentem
1330 2441 1382 2476 nec

839 2493 1002 2542 exstinetam
1020 2494 1147 2557 sequenti
1164 2493 1267 2542 cursori
1290 2493 1382 2542 trade-

838 2565 907 2620 rent,
921 2561 975 2608 iam
990 2561 1260 2610 commemoravimus
1273 2561 1300 2609 in
1314 2565 1381 2611 nott.

839 2627 873 2676 ad
888 2627 938 2690 Vl,
960 2624 1019 2689 105,
1040 2628 1187 2692 attigitque
1206 2629 1290 2677 etism
1302 2629 1382 2694 plura

839 2695 872 2743 de
897 2695 948 2744 hoe
972 2709 1023 2744 usu
1049 2697 1174 2745 excitans
1199 2695 1230 2744 C.
1249 2695 1293 2744 Fr.
1313 2697 1382 2744 Her·

839 2777 933 2811 rnann:
954 2761 1162 2814 Gottesdienstl.
1176 2762 1337 2812 Alterthiim.
1354 2763 1380 2812 d.
1449 2778 1452 2792 ·

839 2829 949 2878 Griech.
972 2833 995 2889 ξ.
1015 2829 1056 2878 311.
1075 2835 1130 2880 not.
1149 2828 1191 2880 31.
1210 2829 1242 2880 32
1262 2831 1304 2880 ed.
1324 2846 1380 2880 aec.

838 2896 954 2958 Qualem
979 2912 1086 2946 cursum
1104 2897 1133 2948 in
1150 2897 1268 2948 Vulcani
1291 2898 1381 2960 iestis,

838 2967 884 3028 qui
897 2965 964 3014 deus
982 2966 1054 3030 ignis
1067 2966 1125 3014 sive
1141 2964 1211 3014 lueis
1224 2969 1320 3014 auctor
1332 2965 1382 3014 ha-

837 3032 966 3093 bebatur,
997 3032 1111 3082 Athenis
1135 3033 1243 3082 institui
1272 3032 1382 3082 solitum

837 3101 924 3149 fuisse
937 3105 1074 3150 testantur
1086 3099 1177 3150 Sobel.
1196 3100 1231 3150 ad
1243 3099 1381 3164 Aristoph.

837 3168 907 3217 Itan.
921 3165 1229 3232 1311026301111119)
1242 3167 1381 3217 collidar-

837 3238 970 3300 poetata.
978 3251 1003 3285 v.
1012 3228 1127 3298 λαμπάς
1139 3241 1167 3285 et
1177 3236 1242 3286 Istri
1255 3237 1382 3300 fragmm.

838 3299 1382 3434 laetale*stimulantur

838 3437 893 3502 log.
918 3437 944 3486 d.
966 3437 1095 3500 Aescbyl.
1120 3455 1145 3502 p.
1167 3437 1223 3487 121.
1247 3442 1303 3488 not.
1324 3435 1380 3488 150.

838 3504 1182 3570 wesseling.exeitaverat
1194 3504 1380 3556 ThemistOr.

838 3573 910 3622 xlx.
929 3588 992 3637 pag.
1010 3571 1097 3622 23⁰0.
1118 3578 1145 3622 et
1162 3573 1289 3636 Aeschyl.
1308 3574 1381 3637 Aga·

838 3655 935 3690 memn.
953 3637 1011 3691 320.
1033 3641 1140 3692 Erasm.
1162 3639 1269 3706 Adagg.
1287 3658 1314 3706 p.
1331 3640 1382 3690 574

840 3707 882 3756 ed.
897 3707 1027 3758 Francos.

874 3773 966 3824 Τοῦτο
990 3769 1022 3826 τὸ
1046 3769 1184 3854 δράμημα
1207 3773 1263 3825 τῶν
1286 3773 1382 3826 ianoe

838 3835 971 3892 καλέουσι
995 3841 1105 3906 Πέρσαι
1128 3837 1300 3909 αγγαρήϊσν]
1329 3845 1382 3893 Pro

839 3905 976 3976 δράμημα
988 3909 1130 3960 Blomfield
1144 3912 1172 3960 in
1185 3911 1211 3960 h.
1223 3911 1241 3960 1.
1255 3916 1282 3960 et
1294 3911 1321 3960 ia
1331 3911 1382 3962 Aa·

838 3977 927 4041 schyli
945 3979 1020 4028 Pers.
1039 3978 1089 4028 252
1107 3979 1222 4028 rescribi
1240 3978 1300 4030 vult
1318 3971 1383 4042 δρά-

837 4046 1383 4179 111ἕ.1213111333.ξῧῗιωιῗῖ·

838 4181 880 4230 1)ιί
893 4181 989 4245 scripti
1006 4197 1060 4230 non
1072 4181 1267 4246 suffragantur.
1303 4180 1383 4242 Quod

839 4248 873 4297 ad
893 4255 1082 4311 argumentum
1103 4249 1158 4299 loci
1177 4251 1289 4310 attinet,
1315 4261 1382 4296 non-

838 4315 914 4364 nulla
928 4317 981 4364 iam
995 4331 1077 4381 supra
1094 4318 1122 4366 in
1135 4321 1202 4366 nott.
1216 4316 1251 4365 ad
1264 4316 1318 4376 111,
1335 4313 1383 4366 126

839 4384 1005 4445 monuimus,
1026 4384 1074 4432 ubi
1092 4384 1245 4434 huiusmodi
1264 4383 1382 4432 tabella·

839 4451 895 4498 rius
908 4441 1085 4517 (α’γγαρηϊος)
1097 4453 1177 4501 Darii
1190 4467 1383 4502 commemora-
