<?xml version="1.0" encoding="UTF-8"?>
<!DOCTYPE html PUBLIC "-//W3C//DTD XHTML 1.0 Transitional//EN"
    "http://www.w3.org/TR/xhtml1/DTD/xhtml1-transitional.dtd">
<html xmlns="http://www.w3.org/1999/xhtml" xml:lang="en" lang="en">
 <head>
  <title>
</title>
<meta http-equiv="Content-Type" content="text/html;charset=utf-8" />
  <meta name='ocr-system' content='tesseract 3.04.00' />
  <meta name='ocr-capabilities' content='ocr_page ocr_carea ocr_par ocr_line ocrx_word'/>
</head>
<body>
  <div class='ocr_page' id='page_1' title='image "./herodotihalicar02bhgoog/herodotihalicar02bhgoog_0299.png"; bbox 0 0 3026 4970; ppageno 0'>
   <div class='ocr_carea' id='block_1_1' title="bbox 237 375 938 448">
    <p class='ocr_par' dir='ltr' id='par_1_1' title="bbox 237 375 938 448">
     <span class='ocr_line' id='line_1_1' title="bbox 237 375 938 448; baseline -0.011 -3"><span class='ocrx_word' id='word_1_1' title='bbox 237 385 301 448; x_wconf 81' lang='lat'><strong>280</strong></span> <span class='ocrx_word' id='word_1_2' title='bbox 674 375 938 438; x_wconf 78' lang='lat' dir='ltr'><strong>HERODOTI</strong></span> 
     </span>
    </p>
   </div>
   <div class='ocr_carea' id='block_1_2' title="bbox 238 543 1472 653">
    <p class='ocr_par' dir='ltr' id='par_1_2' title="bbox 238 543 1472 653">
     <span class='ocr_line' id='line_1_2' title="bbox 238 543 1472 653; baseline -0.003 -29"><span class='ocrx_word' id='word_1_3' title='bbox 238 551 522 642; x_wconf 82' lang='grc' dir='ltr'><strong><em>Λακεδαιμονίους</em></strong></span> <span class='ocrx_word' id='word_1_4' title='bbox 549 551 848 639; x_wconf 82' lang='grc' dir='ltr'><strong><em>συγκεκυρημένον.</em></strong></span> <span class='ocrx_word' id='word_1_5' title='bbox 885 543 953 635; x_wconf 77' lang='grc' dir='ltr'><strong>ἥλω</strong></span> <span class='ocrx_word' id='word_1_6' title='bbox 984 545 1048 636; x_wconf 75' lang='grc' dir='ltr'><strong>γὰρ</strong></span> <span class='ocrx_word' id='word_1_7' title='bbox 1073 545 1335 638; x_wconf 76' lang='grc' dir='ltr'><strong><em>μαντευόμενος</em></strong></span> <span class='ocrx_word' id='word_1_8' title='bbox 1365 555 1405 621; x_wconf 82' lang='grc' dir='ltr'><strong><em>ἐν</em></strong></span> <span class='ocrx_word' id='word_1_9' title='bbox 1471 612 1472 653; x_wconf 42' lang='grc' dir='ltr'><strong><em>χ</em></strong></span> 
     </span>
    </p>
   </div>
   <div class='ocr_carea' id='block_1_3' title="bbox 237 644 1472 1152">
    <p class='ocr_par' dir='ltr' id='par_1_3' title="bbox 237 644 1472 1152">
     <span class='ocr_line' id='line_1_3' title="bbox 240 644 1472 746; baseline -0.002 -22"><span class='ocrx_word' id='word_1_10' title='bbox 240 652 407 746; x_wconf 76' lang='grc' dir='ltr'><strong><em>Ζακύνθῳ</em></strong></span> <span class='ocrx_word' id='word_1_11' title='bbox 425 647 479 722; x_wconf 80' lang='grc' dir='ltr'><strong>ὑπ’</strong></span> <span class='ocrx_word' id='word_1_12' title='bbox 499 647 611 722; x_wconf 70' lang='grc' dir='ltr'><strong><em>αὐτῶν</em></strong></span> <span class='ocrx_word' id='word_1_13' title='bbox 629 654 683 722; x_wconf 73' lang='grc' dir='ltr'><strong>καὶ</strong></span> <span class='ocrx_word' id='word_1_14' title='bbox 701 647 858 720; x_wconf 74' lang='grc' dir='ltr'><strong><em>ἀπέθανε.</em></strong></span> <span class='ocrx_word' id='word_1_15' title='bbox 874 644 909 720; x_wconf 88' lang='lat'><strong>‘0</strong></span> <span class='ocrx_word' id='word_1_16' title='bbox 926 651 988 739; x_wconf 79' lang='grc' dir='ltr'><strong>μέν</strong></span> <span class='ocrx_word' id='word_1_17' title='bbox 1005 678 1070 720; x_wconf 90' lang='grc' dir='ltr'><strong>νυν</strong></span> <span class='ocrx_word' id='word_1_18' title='bbox 1087 646 1237 731; x_wconf 75' lang='grc' dir='ltr'><strong><em>θάνατος</em></strong></span> <span class='ocrx_word' id='word_1_19' title='bbox 1255 644 1275 720; x_wconf 86' lang='grc' dir='ltr'><strong><em>δ</em></strong></span> <span class='ocrx_word' id='word_1_20' title='bbox 1291 646 1404 740; x_wconf 64' lang='grc' dir='ltr'><strong><em>Ἡρη·</em></strong></span> <span class='ocrx_word' id='word_1_21' title='bbox 1470 693 1472 741; x_wconf 59' lang='grc' dir='ltr'><strong><em>χ</em></strong></span> 
     </span>
     <span class='ocr_line' id='line_1_4' title="bbox 239 747 1405 846; baseline -0.003 -19"><span class='ocrx_word' id='word_1_22' title='bbox 239 753 416 845; x_wconf 78' lang='grc' dir='ltr'><strong><em>σιστράτου</em></strong></span> <span class='ocrx_word' id='word_1_23' title='bbox 438 750 579 842; x_wconf 80' lang='grc' dir='ltr'><strong><em>ὕστερον</em></strong></span> <span class='ocrx_word' id='word_1_24' title='bbox 604 754 731 842; x_wconf 77' lang='grc' dir='ltr'><strong><em>ἐγένετο</em></strong></span> <span class='ocrx_word' id='word_1_25' title='bbox 754 755 821 824; x_wconf 71' lang='grc' dir='ltr'><strong><em>τοῖν</em></strong></span> <span class='ocrx_word' id='word_1_26' title='bbox 844 754 1072 821; x_wconf 73' lang='grc' dir='ltr'><strong><em>Πλαταιικῶν·</em></strong></span> <span class='ocrx_word' id='word_1_27' title='bbox 1100 749 1174 821; x_wconf 80' lang='grc' dir='ltr'><strong><em>τότε</em></strong></span> <span class='ocrx_word' id='word_1_28' title='bbox 1200 747 1234 822; x_wconf 90' lang='grc' dir='ltr'><strong>δ’</strong></span> <span class='ocrx_word' id='word_1_29' title='bbox 1263 756 1328 823; x_wconf 77' lang='grc' dir='ltr'><strong>ἐπὶ</strong></span> <span class='ocrx_word' id='word_1_30' title='bbox 1352 759 1405 846; x_wconf 75' lang='grc' dir='ltr'><strong>τῷ</strong></span> 
     </span>
     <span class='ocr_line' id='line_1_5' title="bbox 237 847 1401 950; baseline -0.004 -21"><span class='ocrx_word' id='word_1_31' title='bbox 237 855 375 950; x_wconf 73' lang='grc' dir='ltr'><strong><em>Ἀσωπρῐ</em></strong></span> <span class='ocrx_word' id='word_1_32' title='bbox 397 861 582 947; x_wconf 76' lang='grc' dir='ltr'><strong><em>Μαρδονίῳ</em></strong></span> <span class='ocrx_word' id='word_1_33' title='bbox 605 855 856 944; x_wconf 78' lang='grc' dir='ltr'><strong><em>μεμισθωμένος</em></strong></span> <span class='ocrx_word' id='word_1_34' title='bbox 880 848 942 922; x_wconf 75' lang='grc' dir='ltr'><strong>οὐκ</strong></span> <span class='ocrx_word' id='word_1_35' title='bbox 966 847 1082 940; x_wconf 77' lang='grc' dir='ltr'><strong><em>ὀλίγον</em></strong></span> <span class='ocrx_word' id='word_1_36' title='bbox 1113 851 1234 924; x_wconf 74' lang='grc' dir='ltr'><strong><em>ἐθύετό</em></strong></span> <span class='ocrx_word' id='word_1_37' title='bbox 1265 881 1309 924; x_wconf 78' lang='grc' dir='ltr'><strong>τε</strong></span> <span class='ocrx_word' id='word_1_38' title='bbox 1343 859 1401 924; x_wconf 81' lang='grc' dir='ltr'>καί</span> 
     </span>
     <span class='ocr_line' id='line_1_6' title="bbox 239 951 1401 1048; baseline -0.003 -18"><span class='ocrx_word' id='word_1_39' title='bbox 239 959 465 1048; x_wconf 80' lang='grc' dir='ltr'><strong><em>προεθυμέετο</em></strong></span> <span class='ocrx_word' id='word_1_40' title='bbox 484 954 565 1026; x_wconf 78' lang='grc' dir='ltr'><strong><em>κακοί</em></strong></span> <span class='ocrx_word' id='word_1_41' title='bbox 583 984 618 1028; x_wconf 84' lang='lat' dir='ltr'><strong>re</strong></span> <span class='ocrx_word' id='word_1_42' title='bbox 634 953 672 1026; x_wconf 76' lang='grc' dir='ltr'><strong>κδ</strong></span> <span class='ocrx_word' id='word_1_43' title='bbox 691 962 788 1045; x_wconf 81' lang='grc' dir='ltr'><strong><em>ἔχθος</em></strong></span> <span class='ocrx_word' id='word_1_44' title='bbox 805 951 841 1024; x_wconf 86' lang='grc' dir='ltr'><strong>τό</strong></span> <span class='ocrx_word' id='word_1_45' title='bbox 860 959 1135 1043; x_wconf 85' lang='grc' dir='ltr'><strong><em>Λακεδαιμονίων</em></strong></span> <span class='ocrx_word' id='word_1_46' title='bbox 1158 957 1214 1024; x_wconf 79' lang='grc' dir='ltr'><strong>καὶ</strong></span> <span class='ocrx_word' id='word_1_47' title='bbox 1240 953 1338 1026; x_wconf 74' lang='grc' dir='ltr'><strong><em>κατὰ</em></strong></span> <span class='ocrx_word' id='word_1_48' title='bbox 1361 955 1401 1026; x_wconf 78' lang='grc' dir='ltr'><strong>κδ</strong></span> 
     </span>
     <span class='ocr_line' id='line_1_7' title="bbox 240 1063 364 1152; baseline -0.024 -21"><span class='ocrx_word' id='word_1_49' title='bbox 240 1063 364 1152; x_wconf 81' lang='grc' dir='ltr'><strong><em>κέρδος.</em></strong></span> 
     </span>
    </p>
   </div>
   <div class='ocr_carea' id='block_1_4' title="bbox 240 1284 1472 2031">
    <p class='ocr_par' dir='ltr' id='par_1_4' title="bbox 240 1284 1472 1426">
     <span class='ocr_line' id='line_1_8' title="bbox 240 1284 1472 1358; baseline -0.003 -14"><span class='ocrx_word' id='word_1_50' title='bbox 240 1284 497 1358; x_wconf 73' lang='grc' dir='ltr'><strong><em>συγκεκυρημένον]</em></strong></span> <span class='ocrx_word' id='word_1_51' title='bbox 528 1292 655 1341; x_wconf 86' lang='lat' dir='ltr'><strong>Vuriavit</strong></span> <span class='ocrx_word' id='word_1_52' title='bbox 683 1291 783 1341; x_wconf 85' lang='lat' dir='ltr'><strong>oratio·</strong></span> <span class='ocrx_word' id='word_1_53' title='bbox 834 1293 960 1341; x_wconf 81' lang='lat' dir='ltr'><strong>inciderat</strong></span> <span class='ocrx_word' id='word_1_54' title='bbox 982 1307 1036 1340; x_wconf 72' lang='lat' dir='ltr'><strong>orem</strong></span> <span class='ocrx_word' id='word_1_55' title='bbox 1059 1289 1281 1340; x_wconf 70' lang='lat' dir='ltr'><em>Lacedaemoniis.</em></span> <span class='ocrx_word' id='word_1_56' title='bbox 1326 1292 1398 1340; x_wconf 83' lang='lat' dir='ltr'><strong>Ver·</strong></span> <span class='ocrx_word' id='word_1_57' title='bbox 1471 1320 1472 1333; x_wconf 54' lang='lat' dir='ltr'><strong>r</strong></span> 
     </span>
     <span class='ocr_line' id='line_1_9' title="bbox 241 1349 1397 1426; baseline -0.003 -15"><span class='ocrx_word' id='word_1_58' title='bbox 241 1379 302 1412; x_wconf 85' lang='lat' dir='ltr'><strong>nem</strong></span> <span class='ocrx_word' id='word_1_59' title='bbox 314 1359 401 1422; x_wconf 54' lang='lat' dir='ltr'><strong>imas</strong></span> <span class='ocrx_word' id='word_1_60' title='bbox 412 1361 537 1410; x_wconf 85' lang='lat' dir='ltr'><strong>scribens</strong></span> <span class='ocrx_word' id='word_1_61' title='bbox 549 1351 579 1409; x_wconf 81' lang='grc' dir='ltr'><strong>τὸ</strong></span> <span class='ocrx_word' id='word_1_62' title='bbox 592 1353 677 1426; x_wconf 71' lang='grc' dir='ltr'><strong><em>ἔχθος</em></strong></span> <span class='ocrx_word' id='word_1_63' title='bbox 688 1354 718 1408; x_wconf 86' lang='grc' dir='ltr'><strong>τδ</strong></span> <span class='ocrx_word' id='word_1_64' title='bbox 728 1359 783 1408; x_wconf 84' lang='grc' dir='ltr'><strong>Λα·</strong></span> <span class='ocrx_word' id='word_1_65' title='bbox 835 1359 898 1408; x_wconf 86' lang='lat' dir='ltr'><strong>bum</strong></span> <span class='ocrx_word' id='word_1_66' title='bbox 917 1349 1066 1422; x_wconf 63' lang='lat' dir='ltr'><strong>corrivatus</strong></span> <span class='ocrx_word' id='word_1_67' title='bbox 1085 1371 1139 1407; x_wconf 89' lang='lat' dir='ltr'><strong>non</strong></span> <span class='ocrx_word' id='word_1_68' title='bbox 1159 1355 1243 1406; x_wconf 81' lang='lat' dir='ltr'><strong>aliter</strong></span> <span class='ocrx_word' id='word_1_69' title='bbox 1262 1359 1330 1408; x_wconf 79' lang='lat' dir='ltr'><strong>fere</strong></span> <span class='ocrx_word' id='word_1_70' title='bbox 1347 1360 1397 1408; x_wconf 81' lang='lat' dir='ltr'><strong>ad·</strong></span> 
     </span>
    </p>

    <p class='ocr_par' dir='ltr' id='par_1_5' title="bbox 241 1423 1472 1622">
     <span class='ocr_line' id='line_1_10' title="bbox 241 1423 1472 1492; baseline -0.006 -14"><span class='ocrx_word' id='word_1_71' title='bbox 241 1425 441 1492; x_wconf 80' lang='grc' dir='ltr'><strong><em>κεδαιμονίων.</em></strong></span> <span class='ocrx_word' id='word_1_72' title='bbox 477 1427 706 1478; x_wconf 83' lang='lat' dir='ltr'><strong>Nostrumlocum</strong></span> <span class='ocrx_word' id='word_1_73' title='bbox 718 1427 783 1476; x_wconf 89' lang='lat' dir='ltr'><strong>Por·</strong></span> <span class='ocrx_word' id='word_1_74' title='bbox 834 1426 944 1476; x_wconf 88' lang='lat' dir='ltr'><strong>hibetur</strong></span> <span class='ocrx_word' id='word_1_75' title='bbox 955 1423 1090 1486; x_wconf 79' lang='lat' dir='ltr'>v111‚8·1.</span> <span class='ocrx_word' id='word_1_76' title='bbox 1471 1483 1472 1488; x_wconf 12' lang='lat'>¹</span> 
     </span>
     <span class='ocr_line' id='line_1_11' title="bbox 242 1482 1399 1622; baseline -0.001 -77"><span class='ocrx_word' id='word_1_77' title='bbox 242 1503 285 1546; x_wconf 87' lang='lat' dir='ltr'><strong>tus</strong></span> <span class='ocrx_word' id='word_1_78' title='bbox 297 1496 398 1545; x_wconf 80' lang='lat' dir='ltr'>Latine</span> <span class='ocrx_word' id='word_1_79' title='bbox 412 1494 542 1544; x_wconf 76' lang='lat' dir='ltr'><strong>reddidit:</strong></span> <span class='ocrx_word' id='word_1_80' title='bbox 561 1495 643 1545; x_wconf 83' lang='lat' dir='ltr'><strong>odiam</strong></span> <span class='ocrx_word' id='word_1_81' title='bbox 655 1511 715 1544; x_wconf 75' lang='lat' dir='ltr'><strong>cocu</strong></span> <span class='ocrx_word' id='word_1_82' title='bbox 725 1495 781 1555; x_wconf 78' lang='lat' dir='ltr'><strong>sor·</strong></span> <span class='ocrx_word' id='word_1_83' title='bbox 868 1482 926 1558; x_wconf 78' lang='grc' dir='ltr'><strong>ἦίω</strong></span> <span class='ocrx_word' id='word_1_84' title='bbox 938 1486 992 1558; x_wconf 77' lang='grc' dir='ltr'><strong><em>γὰρ</em></strong></span> <span class='ocrx_word' id='word_1_85' title='bbox 1004 1518 1038 1528; x_wconf 95' lang='grc'><strong>-</strong></span> <span class='ocrx_word' id='word_1_86' title='bbox 1052 1483 1083 1542; x_wconf 71' lang='grc' dir='ltr'><strong><em>ἐν</em></strong></span> <span class='ocrx_word' id='word_1_87' title='bbox 1097 1487 1255 1622; x_wconf 57' lang='grc' dir='ltr'><strong><em>Ζακύνθῳχ</em></strong></span> <span class='ocrx_word' id='word_1_88' title='bbox 1269 1493 1339 1543; x_wconf 82' lang='lat' dir='ltr'><strong>Hoc</strong></span> <span class='ocrx_word' id='word_1_89' title='bbox 1354 1495 1399 1544; x_wconf 80' lang='lat' dir='ltr'><strong>fa-</strong></span> 
     </span>
    </p>

    <p class='ocr_par' dir='ltr' id='par_1_6' title="bbox 241 1554 1472 1961">
     <span class='ocr_line' id='line_1_12' title="bbox 241 1554 1472 1627; baseline 0.001 -16"><span class='ocrx_word' id='word_1_90' title='bbox 241 1567 302 1612; x_wconf 81' lang='lat' dir='ltr'><strong>tuito</strong></span> <span class='ocrx_word' id='word_1_91' title='bbox 314 1568 467 1624; x_wconf 73' lang='lat' dir='ltr'><strong>erraeeptum,</strong></span> <span class='ocrx_word' id='word_1_92' title='bbox 482 1563 553 1626; x_wconf 89' lang='lat' dir='ltr'><strong>quod</strong></span> <span class='ocrx_word' id='word_1_93' title='bbox 566 1563 693 1627; x_wconf 88' lang='lat' dir='ltr'><strong>probavit</strong></span> <span class='ocrx_word' id='word_1_94' title='bbox 705 1563 782 1611; x_wconf 83' lang='lat' dir='ltr'><strong>Wes-</strong></span> <span class='ocrx_word' id='word_1_95' title='bbox 835 1566 907 1610; x_wconf 88' lang='lat' dir='ltr'><strong>ctum</strong></span> <span class='ocrx_word' id='word_1_96' title='bbox 920 1576 980 1611; x_wconf 87' lang='lat' dir='ltr'><strong>esse</strong></span> <span class='ocrx_word' id='word_1_97' title='bbox 991 1559 1104 1610; x_wconf 85' lang='lat' dir='ltr'><strong>coniicit</strong></span> <span class='ocrx_word' id='word_1_98' title='bbox 1114 1559 1225 1610; x_wconf 87' lang='lat' dir='ltr'><strong>Schoell</strong></span> <span class='ocrx_word' id='word_1_99' title='bbox 1251 1561 1288 1610; x_wconf 83' lang='lat' dir='ltr'><strong>cf.</strong></span> <span class='ocrx_word' id='word_1_100' title='bbox 1301 1565 1397 1612; x_wconf 84' lang='lat' dir='ltr'><strong>etiam</strong></span> <span class='ocrx_word' id='word_1_101' title='bbox 1471 1554 1472 1573; x_wconf 59' lang='lat'>¹</span> 
     </span>
     <span class='ocr_line' id='line_1_13' title="bbox 241 1625 1472 1694; baseline 0 -15"><span class='ocrx_word' id='word_1_102' title='bbox 241 1629 389 1692; x_wconf 70' lang='grc' dir='ltr'><strong><em>καθαρίσας</em></strong></span> <span class='ocrx_word' id='word_1_103' title='bbox 413 1644 502 1694; x_wconf 88' lang='lat' dir='ltr'><strong>neque</strong></span> <span class='ocrx_word' id='word_1_104' title='bbox 526 1629 607 1679; x_wconf 85' lang='lat' dir='ltr'><strong>aliter</strong></span> <span class='ocrx_word' id='word_1_105' title='bbox 630 1630 689 1678; x_wconf 85' lang='lat' dir='ltr'><strong>fere</strong></span> <span class='ocrx_word' id='word_1_106' title='bbox 707 1627 783 1678; x_wconf 83' lang='lat' dir='ltr'><strong>reddi</strong></span> <span class='ocrx_word' id='word_1_107' title='bbox 835 1628 970 1693; x_wconf 85' lang='lat' dir='ltr'><strong>Philolog.</strong></span> <span class='ocrx_word' id='word_1_108' title='bbox 979 1629 1026 1678; x_wconf 90' lang='lat' dir='ltr'><strong>IX.</strong></span> <span class='ocrx_word' id='word_1_109' title='bbox 1040 1645 1066 1692; x_wconf 84' lang='lat' dir='ltr'><strong>p.</strong></span> <span class='ocrx_word' id='word_1_110' title='bbox 1081 1625 1147 1688; x_wconf 81' lang='grc'><strong>198),</strong></span> <span class='ocrx_word' id='word_1_111' title='bbox 1161 1627 1338 1678; x_wconf 84' lang='lat' dir='ltr'><strong>vernaculus</strong></span> <span class='ocrx_word' id='word_1_112' title='bbox 1352 1631 1396 1679; x_wconf 92' lang='lat' dir='ltr'><strong>in·</strong></span> <span class='ocrx_word' id='word_1_113' title='bbox 1471 1638 1472 1642; x_wconf 76' lang='grc'>’</span> 
     </span>
     <span class='ocr_line' id='line_1_14' title="bbox 242 1694 1472 1762; baseline 0.002 -18"><span class='ocrx_word' id='word_1_114' title='bbox 242 1695 481 1746; x_wconf 78' lang='lat' dir='ltr'><strong>voluitlteiskius:</strong></span> <span class='ocrx_word' id='word_1_115' title='bbox 495 1697 784 1762; x_wconf 81' lang='lat' dir='ltr'><strong>odiumquocanqacde-</strong></span> <span class='ocrx_word' id='word_1_116' title='bbox 836 1702 955 1760; x_wconf 84' lang='lat' dir='ltr'><strong>terpres,</strong></span> <span class='ocrx_word' id='word_1_117' title='bbox 981 1695 1102 1745; x_wconf 84' lang='lat' dir='ltr'><strong>secunda</strong></span> <span class='ocrx_word' id='word_1_118' title='bbox 1124 1694 1192 1744; x_wconf 87' lang='lat' dir='ltr'><strong>belli</strong></span> <span class='ocrx_word' id='word_1_119' title='bbox 1210 1695 1396 1760; x_wconf 82' lang='lat' dir='ltr'><strong>Peloponne·</strong></span> <span class='ocrx_word' id='word_1_120' title='bbox 1471 1720 1472 1727; x_wconf 25' lang='grc' dir='ltr'><strong><em>υ</em></strong></span> 
     </span>
     <span class='ocr_line' id='line_1_15' title="bbox 241 1762 1472 1828; baseline 0.002 -16"><span class='ocrx_word' id='word_1_121' title='bbox 241 1779 302 1812; x_wconf 71' lang='lat' dir='ltr'><strong>murm</strong></span> <span class='ocrx_word' id='word_1_122' title='bbox 319 1778 379 1812; x_wconf 79' lang='lat' dir='ltr'><strong>coru</strong></span> <span class='ocrx_word' id='word_1_123' title='bbox 397 1766 475 1828; x_wconf 77' lang='lat' dir='ltr'><strong>ipsura</strong></span> <span class='ocrx_word' id='word_1_124' title='bbox 490 1766 557 1813; x_wconf 83' lang='lat' dir='ltr'><strong>inter</strong></span> <span class='ocrx_word' id='word_1_125' title='bbox 573 1770 598 1812; x_wconf 85' lang='lat' dir='ltr'><strong>et</strong></span> <span class='ocrx_word' id='word_1_126' title='bbox 613 1765 784 1814; x_wconf 83' lang='lat' dir='ltr'><strong>Lacedaemo·</strong></span> <span class='ocrx_word' id='word_1_127' title='bbox 837 1765 906 1813; x_wconf 84' lang='lat' dir='ltr'><strong>eieci</strong></span> <span class='ocrx_word' id='word_1_128' title='bbox 919 1767 1027 1812; x_wconf 76' lang='lat' dir='ltr'><strong>aestate</strong></span> <span class='ocrx_word' id='word_1_129' title='bbox 1045 1762 1076 1821; x_wconf 81' lang='lat' dir='ltr'><strong>(s.</strong></span> <span class='ocrx_word' id='word_1_130' title='bbox 1090 1762 1132 1812; x_wconf 90' lang='grc'><strong>01.</strong></span> <span class='ocrx_word' id='word_1_131' title='bbox 1145 1762 1311 1824; x_wconf 81' lang='lat' dir='ltr'>LXXXVII,</span> <span class='ocrx_word' id='word_1_132' title='bbox 1325 1763 1353 1815; x_wconf 88' lang='grc'><strong>3.</strong></span> <span class='ocrx_word' id='word_1_133' title='bbox 1367 1781 1395 1813; x_wconf 86' lang='lat' dir='ltr'><strong>a.</strong></span> <span class='ocrx_word' id='word_1_134' title='bbox 1471 1790 1472 1815; x_wconf 70' lang='lat' dir='ltr'><strong>r</strong></span> 
     </span>
     <span class='ocr_line' id='line_1_16' title="bbox 242 1829 1472 1894; baseline 0.002 -16"><span class='ocrx_word' id='word_1_135' title='bbox 242 1831 298 1880; x_wconf 81' lang='lat' dir='ltr'><strong>rios</strong></span> <span class='ocrx_word' id='word_1_136' title='bbox 327 1830 473 1892; x_wconf 65' lang='lat' dir='ltr'><strong>coaptatum:</strong></span> <span class='ocrx_word' id='word_1_137' title='bbox 509 1830 785 1894; x_wconf 72' lang='lat' dir='ltr'><strong>Schweighaeuserus</strong></span> <span class='ocrx_word' id='word_1_138' title='bbox 837 1829 1333 1894; x_wconf 79' lang='lat' dir='ltr'><strong>Chr.n.430),quaLacedeemonii</strong></span> <span class='ocrx_word' id='word_1_139' title='bbox 1352 1833 1395 1880; x_wconf 85' lang='lat' dir='ltr'><strong>irr-</strong></span> <span class='ocrx_word' id='word_1_140' title='bbox 1471 1874 1472 1885; x_wconf 69' lang='grc'>,</span> 
     </span>
     <span class='ocr_line' id='line_1_17' title="bbox 243 1897 1393 1961; baseline 0.003 -16"><span class='ocrx_word' id='word_1_141' title='bbox 243 1897 300 1961; x_wconf 91' lang='lat' dir='ltr'><strong>(qui</strong></span> <span class='ocrx_word' id='word_1_142' title='bbox 325 1897 392 1946; x_wconf 91' lang='lat' dir='ltr'><strong>illud</strong></span> <span class='ocrx_word' id='word_1_143' title='bbox 412 1899 544 1960; x_wconf 83' lang='lat' dir='ltr'><strong>fortuitum</strong></span> <span class='ocrx_word' id='word_1_144' title='bbox 568 1898 660 1960; x_wconf 77' lang='lat' dir='ltr'><strong>urgeri</strong></span> <span class='ocrx_word' id='word_1_145' title='bbox 683 1897 784 1958; x_wconf 86' lang='lat' dir='ltr'><strong>vetat):</strong></span> <span class='ocrx_word' id='word_1_146' title='bbox 838 1898 990 1948; x_wconf 84' lang='lat' dir='ltr'><strong>cursionem</strong></span> <span class='ocrx_word' id='word_1_147' title='bbox 1009 1897 1176 1948; x_wconf 84' lang='lat' dir='ltr'><strong>feceruntin</strong></span> <span class='ocrx_word' id='word_1_148' title='bbox 1187 1897 1331 1960; x_wconf 73' lang='lat' dir='ltr'><strong>Zacynthi</strong></span> <span class='ocrx_word' id='word_1_149' title='bbox 1350 1901 1393 1948; x_wconf 88' lang='lat' dir='ltr'><strong>in·</strong></span> 
     </span>
    </p>

    <p class='ocr_par' dir='ltr' id='par_1_7' title="bbox 244 1956 1472 2031">
     <span class='ocr_line' id='line_1_18' title="bbox 244 1956 1472 2031; baseline 0.002 -17"><span class='ocrx_word' id='word_1_150' title='bbox 244 1965 366 2025; x_wconf 85' lang='lat' dir='ltr'><strong>‚,0dium,</strong></span> <span class='ocrx_word' id='word_1_151' title='bbox 387 1965 457 2028; x_wconf 91' lang='lat' dir='ltr'><strong>quod</strong></span> <span class='ocrx_word' id='word_1_152' title='bbox 473 1964 513 2014; x_wconf 89' lang='lat' dir='ltr'><strong>illi</strong></span> <span class='ocrx_word' id='word_1_153' title='bbox 527 1964 668 2014; x_wconf 84' lang='lat' dir='ltr'><strong>acciderat</strong></span> <span class='ocrx_word' id='word_1_154' title='bbox 680 1979 701 2014; x_wconf 87' lang='lat' dir='ltr'><strong>s.</strong></span> <span class='ocrx_word' id='word_1_155' title='bbox 716 1965 787 2028; x_wconf 89' lang='lat' dir='ltr'><strong>quod</strong></span> <span class='ocrx_word' id='word_1_156' title='bbox 837 1967 934 2024; x_wconf 80' lang='lat' dir='ltr'><strong>sulam,</strong></span> <span class='ocrx_word' id='word_1_157' title='bbox 948 1966 1003 2014; x_wconf 88' lang='lat' dir='ltr'><strong>iam</strong></span> <span class='ocrx_word' id='word_1_158' title='bbox 1017 1969 1109 2027; x_wconf 85' lang='lat' dir='ltr'><strong>antea,</strong></span> <span class='ocrx_word' id='word_1_159' title='bbox 1122 1968 1152 2014; x_wconf 86' lang='lat' dir='ltr'><strong>ut</strong></span> <span class='ocrx_word' id='word_1_160' title='bbox 1163 1964 1288 2025; x_wconf 80' lang='lat' dir='ltr'><strong>videtur,</strong></span> <span class='ocrx_word' id='word_1_161' title='bbox 1304 1965 1394 2031; x_wconf 82' lang='lat' dir='ltr'><strong>Spar·</strong></span> <span class='ocrx_word' id='word_1_162' title='bbox 1471 1956 1472 1973; x_wconf 53' lang='lat'>¹</span> 
     </span>
    </p>
   </div>
   <div class='ocr_carea' id='block_1_5' title="bbox 274 1165 1472 1432">
    <p class='ocr_par' dir='ltr' id='par_1_8' title="bbox 274 1165 1472 1432">
     <span class='ocr_line' id='line_1_19' title="bbox 274 1165 1472 1432; baseline -0.003 -157"><span class='ocrx_word' id='word_1_163' title='bbox 274 1217 306 1275; x_wconf 83' lang='grc' dir='ltr'><strong>τὸ</strong></span> <span class='ocrx_word' id='word_1_164' title='bbox 328 1218 415 1288; x_wconf 67' lang='grc' dir='ltr'><strong><em>ἔχθος</em></strong></span> <span class='ocrx_word' id='word_1_165' title='bbox 437 1217 468 1272; x_wconf 84' lang='grc' dir='ltr'><strong>τὸ</strong></span> <span class='ocrx_word' id='word_1_166' title='bbox 490 1215 519 1282; x_wconf 73' lang='grc' dir='ltr'><strong><em>ἐς</em></strong></span> <span class='ocrx_word' id='word_1_167' title='bbox 536 1220 783 1288; x_wconf 78' lang='grc' dir='ltr'><strong><em>Λακεδαιμονίους</em></strong></span> <span class='ocrx_word' id='word_1_168' title='bbox 835 1221 1258 1288; x_wconf 49' lang='lat' dir='ltr'><strong>aequaberis)ceerrttnimostsa,</strong></span> <span class='ocrx_word' id='word_1_169' title='bbox 1273 1225 1303 1272; x_wconf 85' lang='lat' dir='ltr'><strong>in</strong></span> <span class='ocrx_word' id='word_1_170' title='bbox 1320 1241 1400 1289; x_wconf 76' lang='lat' dir='ltr'><strong>quera</strong></span> <span class='ocrx_word' id='word_1_171' title='bbox 1457 1165 1472 1432; x_wconf 46' lang='lat' dir='ltr'><strong>qd</strong></span> 
     </span>
    </p>
   </div>
   <div class='ocr_carea' id='block_1_6' title="bbox 228 2028 1472 4393">
    <p class='ocr_par' dir='ltr' id='par_1_9' title="bbox 238 2028 1472 2976">
     <span class='ocr_line' id='line_1_20' title="bbox 242 2028 1472 2097; baseline 0.002 -15"><span class='ocrx_word' id='word_1_172' title='bbox 242 2047 309 2082; x_wconf 84' lang='lat' dir='ltr'><strong>acce</strong></span> <span class='ocrx_word' id='word_1_173' title='bbox 331 2033 419 2082; x_wconf 82' lang='lat' dir='ltr'><strong>erat“</strong></span> <span class='ocrx_word' id='word_1_174' title='bbox 430 2033 462 2082; x_wconf 90' lang='lat' dir='ltr'><strong>In</strong></span> <span class='ocrx_word' id='word_1_175' title='bbox 470 2032 573 2082; x_wconf 86' lang='lat' dir='ltr'><strong>Lexico</strong></span> <span class='ocrx_word' id='word_1_176' title='bbox 583 2033 740 2083; x_wconf 89' lang='lat' dir='ltr'><strong>Herodoteo</strong></span> <span class='ocrx_word' id='word_1_177' title='bbox 749 2032 785 2084; x_wconf 86' lang='lat'><strong>11.</strong></span> <span class='ocrx_word' id='word_1_178' title='bbox 837 2039 885 2084; x_wconf 89' lang='lat' dir='ltr'><strong>tae</strong></span> <span class='ocrx_word' id='word_1_179' title='bbox 897 2033 1042 2095; x_wconf 80' lang='lat' dir='ltr'><strong>intensam,</strong></span> <span class='ocrx_word' id='word_1_180' title='bbox 1054 2033 1078 2082; x_wconf 85' lang='lat' dir='ltr'><strong>si</strong></span> <span class='ocrx_word' id='word_1_181' title='bbox 1088 2032 1196 2097; x_wconf 87' lang='lat' dir='ltr'><strong>quidem</strong></span> <span class='ocrx_word' id='word_1_182' title='bbox 1205 2033 1391 2096; x_wconf 71' lang='lat' dir='ltr'><strong>Demaratus,</strong></span> <span class='ocrx_word' id='word_1_183' title='bbox 1471 2028 1472 2045; x_wconf 62' lang='lat'>¹</span> 
     </span>
     <span class='ocr_line' id='line_1_21' title="bbox 241 2048 1472 2167; baseline 0.003 -19"><span class='ocrx_word' id='word_1_184' title='bbox 241 2118 267 2166; x_wconf 90' lang='lat' dir='ltr'><strong>p.</strong></span> <span class='ocrx_word' id='word_1_185' title='bbox 277 2048 329 2150; x_wconf 72' lang='grc' dir='ltr'><strong><em>θθδ</em></strong></span> <span class='ocrx_word' id='word_1_186' title='bbox 339 2099 410 2149; x_wconf 88' lang='lat' dir='ltr'><strong>idem</strong></span> <span class='ocrx_word' id='word_1_187' title='bbox 423 2100 631 2164; x_wconf 84' lang='lat' dir='ltr'><strong>iuterpretatur:</strong></span> <span class='ocrx_word' id='word_1_188' title='bbox 650 2102 786 2162; x_wconf 82' lang='lat' dir='ltr'><strong>„odiomia</strong></span> <span class='ocrx_word' id='word_1_189' title='bbox 838 2101 1034 2167; x_wconf 72' lang='lat' dir='ltr'><strong>Spartanorum</strong></span> <span class='ocrx_word' id='word_1_190' title='bbox 1052 2099 1142 2160; x_wconf 83' lang='lat' dir='ltr'><strong>exsul,</strong></span> <span class='ocrx_word' id='word_1_191' title='bbox 1166 2115 1199 2150; x_wconf 88' lang='lat' dir='ltr'><strong>eo</strong></span> <span class='ocrx_word' id='word_1_192' title='bbox 1220 2101 1341 2166; x_wconf 88' lang='lat' dir='ltr'><strong>primurn</strong></span> <span class='ocrx_word' id='word_1_193' title='bbox 1357 2117 1391 2152; x_wconf 83' lang='lat' dir='ltr'><strong>se</strong></span> <span class='ocrx_word' id='word_1_194' title='bbox 1471 2110 1472 2133; x_wconf 64' lang='lat'>¹</span> 
     </span>
     <span class='ocr_line' id='line_1_22' title="bbox 241 2167 1472 2232; baseline 0 -14"><span class='ocrx_word' id='word_1_195' title='bbox 241 2169 458 2220; x_wconf 82' lang='lat' dir='ltr'><strong>Lacedaemonios</strong></span> <span class='ocrx_word' id='word_1_196' title='bbox 473 2168 652 2232; x_wconf 81' lang='lat' dir='ltr'><strong>conceptum‚⁴‘</strong></span> <span class='ocrx_word' id='word_1_197' title='bbox 673 2167 784 2229; x_wconf 82' lang='lat' dir='ltr'><strong>addens,</strong></span> <span class='ocrx_word' id='word_1_198' title='bbox 839 2168 967 2228; x_wconf 83' lang='lat' dir='ltr'><strong>contulit,</strong></span> <span class='ocrx_word' id='word_1_199' title='bbox 980 2171 1051 2216; x_wconf 89' lang='lat' dir='ltr'><strong>teste</strong></span> <span class='ocrx_word' id='word_1_200' title='bbox 1063 2167 1203 2217; x_wconf 81' lang='lat' dir='ltr'><strong>Herodoto</strong></span> <span class='ocrx_word' id='word_1_201' title='bbox 1214 2167 1268 2228; x_wconf 78' lang='lat' dir='ltr'><strong>VI,</strong></span> <span class='ocrx_word' id='word_1_202' title='bbox 1283 2167 1328 2218; x_wconf 81' lang='lat'><strong>70.</strong></span> <span class='ocrx_word' id='word_1_203' title='bbox 1352 2171 1391 2218; x_wconf 84' lang='lat' dir='ltr'><strong>At</strong></span> <span class='ocrx_word' id='word_1_204' title='bbox 1471 2192 1472 2217; x_wconf 70' lang='lat' dir='ltr'><strong>r</strong></span> 
     </span>
     <span class='ocr_line' id='line_1_23' title="bbox 241 2235 1472 2303; baseline 0.002 -17"><span class='ocrx_word' id='word_1_205' title='bbox 241 2237 354 2303; x_wconf 77' lang='lat' dir='ltr'><strong>passivi</strong></span> <span class='ocrx_word' id='word_1_206' title='bbox 376 2235 455 2286; x_wconf 82' lang='lat' dir='ltr'><strong>verbi</strong></span> <span class='ocrx_word' id='word_1_207' title='bbox 481 2236 568 2287; x_wconf 76' lang='lat' dir='ltr'><strong>torma</strong></span> <span class='ocrx_word' id='word_1_208' title='bbox 589 2235 707 2286; x_wconf 87' lang='lat' dir='ltr'><strong>indicari</strong></span> <span class='ocrx_word' id='word_1_209' title='bbox 732 2235 787 2285; x_wconf 84' lang='lat' dir='ltr'><strong>for·</strong></span> <span class='ocrx_word' id='word_1_210' title='bbox 838 2241 895 2286; x_wconf 92' lang='lat' dir='ltr'><strong>turn</strong></span> <span class='ocrx_word' id='word_1_211' title='bbox 924 2235 1144 2301; x_wconf 82' lang='lat' dir='ltr'><strong>Hegesistratum</strong></span> <span class='ocrx_word' id='word_1_212' title='bbox 1174 2237 1390 2298; x_wconf 81' lang='lat' dir='ltr'><strong>octogenarium</strong></span> <span class='ocrx_word' id='word_1_213' title='bbox 1471 2264 1472 2288; x_wconf 56' lang='lat' dir='ltr'><strong>r</strong></span> 
     </span>
     <span class='ocr_line' id='line_1_24' title="bbox 241 2303 1472 2364; baseline -0.002 -10"><span class='ocrx_word' id='word_1_214' title='bbox 241 2311 316 2356; x_wconf 82' lang='lat' dir='ltr'><strong>tasse</strong></span> <span class='ocrx_word' id='word_1_215' title='bbox 328 2311 433 2354; x_wconf 78' lang='lat' dir='ltr'><strong>mutuum</strong></span> <span class='ocrx_word' id='word_1_216' title='bbox 443 2306 537 2364; x_wconf 83' lang='lat' dir='ltr'><strong>odium,</strong></span> <span class='ocrx_word' id='word_1_217' title='bbox 551 2306 633 2354; x_wconf 79' lang='lat' dir='ltr'><strong>odium</strong></span> <span class='ocrx_word' id='word_1_218' title='bbox 643 2306 710 2354; x_wconf 83' lang='lat' dir='ltr'><strong>inter</strong></span> <span class='ocrx_word' id='word_1_219' title='bbox 722 2305 787 2352; x_wconf 79' lang='lat' dir='ltr'><strong>illum</strong></span> <span class='ocrx_word' id='word_1_220' title='bbox 839 2307 914 2354; x_wconf 87' lang='lat' dir='ltr'><strong>certe</strong></span> <span class='ocrx_word' id='word_1_221' title='bbox 933 2318 1026 2352; x_wconf 88' lang='lat' dir='ltr'><strong>senem</strong></span> <span class='ocrx_word' id='word_1_222' title='bbox 1045 2303 1130 2352; x_wconf 82' lang='lat' dir='ltr'><strong>fuisse</strong></span> <span class='ocrx_word' id='word_1_223' title='bbox 1145 2307 1254 2352; x_wconf 81' lang='lat' dir='ltr'><strong>statuas</strong></span> <span class='ocrx_word' id='word_1_224' title='bbox 1268 2318 1389 2354; x_wconf 84' lang='lat' dir='ltr'><strong>necesse</strong></span> <span class='ocrx_word' id='word_1_225' title='bbox 1471 2346 1472 2362; x_wconf 24' lang='grc' dir='ltr'><strong><em>χ</em></strong></span> 
     </span>
     <span class='ocr_line' id='line_1_25' title="bbox 242 2369 1472 2451; baseline -0.002 -28"><span class='ocrx_word' id='word_1_226' title='bbox 242 2373 645 2438; x_wconf 79' lang='lat' dir='ltr'><strong>etLaeedcemooiosoonflotum.</strong></span> <span class='ocrx_word' id='word_1_227' title='bbox 674 2371 787 2421; x_wconf 86' lang='lat' dir='ltr'><strong>Elibris</strong></span> <span class='ocrx_word' id='word_1_228' title='bbox 840 2372 901 2421; x_wconf 87' lang='lat' dir='ltr'><strong>erit.</strong></span> <span class='ocrx_word' id='word_1_229' title='bbox 932 2371 1030 2434; x_wconf 87' lang='lat' dir='ltr'><strong>ltaque</strong></span> <span class='ocrx_word' id='word_1_230' title='bbox 1044 2371 1103 2436; x_wconf 87' lang='lat' dir='ltr'><strong>ipse</strong></span> <span class='ocrx_word' id='word_1_231' title='bbox 1117 2369 1237 2451; x_wconf 74' lang='lat' dir='ltr'><strong>Schoell.</strong></span> <span class='ocrx_word' id='word_1_232' title='bbox 1251 2370 1286 2420; x_wconf 90' lang='lat' dir='ltr'><strong>de</strong></span> <span class='ocrx_word' id='word_1_233' title='bbox 1298 2373 1388 2436; x_wconf 82' lang='lat' dir='ltr'><strong>priori</strong></span> <span class='ocrx_word' id='word_1_234' title='bbox 1471 2369 1472 2379; x_wconf 56' lang='lat'>¹</span> 
     </span>
     <span class='ocr_line' id='line_1_26' title="bbox 238 2437 1389 2574; baseline -0.003 -16"><span class='ocrx_word' id='word_1_235' title='bbox 238 2439 786 2574; x_wconf 64' lang='lat' dir='ltr'><strong>tzat¹att:¹rttt‘ttttttttttt</strong></span> <span class='ocrx_word' id='word_1_236' title='bbox 838 2438 956 2556; x_wconf 65' lang='lat' dir='ltr'><strong>etit</strong></span> <span class='ocrx_word' id='word_1_237' title='bbox 973 2437 1389 2571; x_wconf 56' lang='lat' dir='ltr'><strong>tt¹t⁰0gtt¹ttt⁰tt⁰a¹tt</strong></span> 
     </span>
     <span class='ocr_line' id='line_1_27' title="bbox 243 2561 1384 2640; baseline -0.001 -16"><span class='ocrx_word' id='word_1_238' title='bbox 243 2575 314 2640; x_wconf 90' lang='lat' dir='ltr'><strong>quod</strong></span> <span class='ocrx_word' id='word_1_239' title='bbox 337 2590 420 2625; x_wconf 85' lang='lat' dir='ltr'><strong>verae</strong></span> <span class='ocrx_word' id='word_1_240' title='bbox 445 2578 599 2640; x_wconf 78' lang='lat' dir='ltr'><strong>scripturae</strong></span> <span class='ocrx_word' id='word_1_241' title='bbox 621 2577 785 2639; x_wconf 86' lang='lat' dir='ltr'><strong>interpreta-</strong></span> <span class='ocrx_word' id='word_1_242' title='bbox 838 2574 917 2636; x_wconf 85' lang='lat' dir='ltr'><strong>Quod</strong></span> <span class='ocrx_word' id='word_1_243' title='bbox 935 2572 1055 2632; x_wconf 84' lang='lat' dir='ltr'><strong>additur,</strong></span> <span class='ocrx_word' id='word_1_244' title='bbox 1079 2568 1127 2622; x_wconf 78' lang='lat' dir='ltr'><strong>arri</strong></span> <span class='ocrx_word' id='word_1_245' title='bbox 1149 2561 1300 2634; x_wconf 80' lang='grc' dir='ltr'><strong><em>α’κέθανε,</em></strong></span> <span class='ocrx_word' id='word_1_246' title='bbox 1325 2589 1384 2623; x_wconf 89' lang='lat' dir='ltr'><strong>cum</strong></span> 
     </span>
     <span class='ocr_line' id='line_1_28' title="bbox 242 2640 1386 2707; baseline -0.002 -15"><span class='ocrx_word' id='word_1_247' title='bbox 242 2647 361 2692; x_wconf 88' lang='lat' dir='ltr'><strong>mentum</strong></span> <span class='ocrx_word' id='word_1_248' title='bbox 381 2657 441 2691; x_wconf 86' lang='lat' dir='ltr'><strong>esse</strong></span> <span class='ocrx_word' id='word_1_249' title='bbox 459 2647 534 2692; x_wconf 89' lang='lat' dir='ltr'><strong>retus</strong></span> <span class='ocrx_word' id='word_1_250' title='bbox 546 2643 608 2692; x_wconf 79' lang='lat' dir='ltr'><strong>Eltz</strong></span> <span class='ocrx_word' id='word_1_251' title='bbox 625 2641 751 2706; x_wconf 84' lang='lat' dir='ltr'><strong>(Jahrbh.</strong></span> <span class='ocrx_word' id='word_1_252' title='bbox 765 2641 786 2690; x_wconf 84' lang='grc'><strong>1.</strong></span> <span class='ocrx_word' id='word_1_253' title='bbox 838 2640 1101 2706; x_wconf 84' lang='lat' dir='ltr'><strong>Schweighaeusero</strong></span> <span class='ocrx_word' id='word_1_254' title='bbox 1115 2640 1294 2690; x_wconf 86' lang='lat' dir='ltr'><strong>reddiderim:</strong></span> <span class='ocrx_word' id='word_1_255' title='bbox 1308 2648 1386 2707; x_wconf 77' lang='lat' dir='ltr'><strong>otqroe</strong></span> 
     </span>
     <span class='ocr_line' id='line_1_29' title="bbox 243 2707 1385 2775; baseline 0.002 -18"><span class='ocrx_word' id='word_1_256' title='bbox 243 2708 342 2758; x_wconf 89' lang='lat' dir='ltr'><strong>Philol.</strong></span> <span class='ocrx_word' id='word_1_257' title='bbox 361 2708 454 2773; x_wconf 86' lang='lat' dir='ltr'><strong>Suppl.</strong></span> <span class='ocrx_word' id='word_1_258' title='bbox 472 2709 532 2759; x_wconf 89' lang='lat' dir='ltr'><strong>Vol.</strong></span> <span class='ocrx_word' id='word_1_259' title='bbox 546 2709 592 2760; x_wconf 88' lang='lat' dir='ltr'><strong>IX.</strong></span> <span class='ocrx_word' id='word_1_260' title='bbox 610 2727 636 2775; x_wconf 89' lang='lat' dir='ltr'><strong>p.</strong></span> <span class='ocrx_word' id='word_1_261' title='bbox 651 2707 710 2771; x_wconf 74' lang='lat'>343)</span> <span class='ocrx_word' id='word_1_262' title='bbox 729 2707 787 2772; x_wconf 80' lang='lat' dir='ltr'><strong>legi</strong></span> <span class='ocrx_word' id='word_1_263' title='bbox 839 2709 866 2769; x_wconf 86' lang='lat' dir='ltr'><strong>(a</strong></span> <span class='ocrx_word' id='word_1_264' title='bbox 879 2707 1035 2774; x_wconf 84' lang='lat' dir='ltr'><strong>Spartanis)</strong></span> <span class='ocrx_word' id='word_1_265' title='bbox 1046 2709 1196 2770; x_wconf 80' lang='lat' dir='ltr'><strong>interfectus</strong></span> <span class='ocrx_word' id='word_1_266' title='bbox 1208 2715 1256 2758; x_wconf 79' lang='lat' dir='ltr'><strong>est.</strong></span> <span class='ocrx_word' id='word_1_267' title='bbox 1279 2709 1385 2759; x_wconf 83' lang='lat' dir='ltr'><strong>Eodem</strong></span> 
     </span>
     <span class='ocr_line' id='line_1_30' title="bbox 242 2765 1385 2841; baseline 0.003 -18"><span class='ocrx_word' id='word_1_268' title='bbox 242 2769 787 2841; x_wconf 71' lang='lat' dir='ltr'><strong>vultooynereque&#39;ocv‚utintelligantur</strong></span> <span class='ocrx_word' id='word_1_269' title='bbox 838 2792 921 2827; x_wconf 85' lang='lat' dir='ltr'><strong>sensu</strong></span> <span class='ocrx_word' id='word_1_270' title='bbox 944 2765 1077 2826; x_wconf 75' lang='grc' dir='ltr'><strong><em>α’πίθανο</em></strong></span> <span class='ocrx_word' id='word_1_271' title='bbox 1104 2775 1207 2838; x_wconf 71' lang='lat' dir='ltr'><strong>legitur</strong></span> <span class='ocrx_word' id='word_1_272' title='bbox 1235 2775 1308 2840; x_wconf 85' lang='lat' dir='ltr'><strong>apud</strong></span> <span class='ocrx_word' id='word_1_273' title='bbox 1333 2777 1385 2826; x_wconf 85' lang='lat' dir='ltr'><strong>No·</strong></span> 
     </span>
     <span class='ocr_line' id='line_1_31' title="bbox 242 2842 1383 2908; baseline 0.003 -18"><span class='ocrx_word' id='word_1_274' title='bbox 242 2843 395 2903; x_wconf 79' lang='lat' dir='ltr'><strong>inimicitiae,</strong></span> <span class='ocrx_word' id='word_1_275' title='bbox 410 2857 474 2906; x_wconf 81' lang='lat' dir='ltr'><strong>quoe</strong></span> <span class='ocrx_word' id='word_1_276' title='bbox 485 2845 569 2892; x_wconf 77' lang='lat' dir='ltr'><strong>sicma</strong></span> <span class='ocrx_word' id='word_1_277' title='bbox 578 2844 788 2893; x_wconf 77' lang='lat' dir='ltr'><strong>Lacedaemoniis</strong></span> <span class='ocrx_word' id='word_1_278' title='bbox 838 2848 924 2894; x_wconf 87' lang='lat' dir='ltr'><strong>strum</strong></span> <span class='ocrx_word' id='word_1_279' title='bbox 935 2844 995 2904; x_wconf 88' lang='lat' dir='ltr'>VII,</span> <span class='ocrx_word' id='word_1_280' title='bbox 1011 2843 1067 2894; x_wconf 80' lang='lat'>154.</span> <span class='ocrx_word' id='word_1_281' title='bbox 1080 2843 1127 2904; x_wconf 80' lang='lat' dir='ltr'><strong>IX,</strong></span> <span class='ocrx_word' id='word_1_282' title='bbox 1142 2843 1186 2902; x_wconf 81' lang='lat'><strong>75,</strong></span> <span class='ocrx_word' id='word_1_283' title='bbox 1208 2847 1236 2893; x_wconf 91' lang='lat' dir='ltr'><strong>et</strong></span> <span class='ocrx_word' id='word_1_284' title='bbox 1248 2842 1304 2894; x_wconf 85' lang='lat' dir='ltr'><strong>rid.</strong></span> <span class='ocrx_word' id='word_1_285' title='bbox 1318 2859 1383 2908; x_wconf 82' lang='lat' dir='ltr'><strong>quo-</strong></span> 
     </span>
     <span class='ocr_line' id='line_1_32' title="bbox 242 2908 1383 2976; baseline 0.004 -20"><span class='ocrx_word' id='word_1_286' title='bbox 242 2909 449 2965; x_wconf 77' lang='lat' dir='ltr'><strong>intercedebant:</strong></span> <span class='ocrx_word' id='word_1_287' title='bbox 474 2909 550 2958; x_wconf 84' lang='lat' dir='ltr'><strong>addit</strong></span> <span class='ocrx_word' id='word_1_288' title='bbox 570 2909 642 2958; x_wconf 89' lang='lat' dir='ltr'><strong>idern</strong></span> <span class='ocrx_word' id='word_1_289' title='bbox 665 2910 786 2960; x_wconf 83' lang='lat' dir='ltr'><strong>Herodo-</strong></span> <span class='ocrx_word' id='word_1_290' title='bbox 839 2927 890 2976; x_wconf 89' lang='lat' dir='ltr'><strong>que</strong></span> <span class='ocrx_word' id='word_1_291' title='bbox 903 2913 925 2972; x_wconf 86' lang='lat'><strong>1,</strong></span> <span class='ocrx_word' id='word_1_292' title='bbox 941 2909 996 2960; x_wconf 88' lang='grc'><strong>137.</strong></span> <span class='ocrx_word' id='word_1_293' title='bbox 1010 2911 1057 2973; x_wconf 81' lang='lat' dir='ltr'><strong>lx,</strong></span> <span class='ocrx_word' id='word_1_294' title='bbox 1068 2910 1110 2960; x_wconf 85' lang='grc'><strong>61.</strong></span> <span class='ocrx_word' id='word_1_295' title='bbox 1129 2911 1224 2974; x_wconf 88' lang='lat' dir='ltr'><strong>Neque</strong></span> <span class='ocrx_word' id='word_1_296' title='bbox 1238 2908 1322 2960; x_wconf 85' lang='lat' dir='ltr'><strong>aliter</strong></span> <span class='ocrx_word' id='word_1_297' title='bbox 1334 2911 1383 2974; x_wconf 83' lang='lat' dir='ltr'><strong>IX,</strong></span> 
     </span>
    </p>

    <p class='ocr_par' dir='ltr' id='par_1_10' title="bbox 244 2968 1381 3041">
     <span class='ocr_line' id='line_1_33' title="bbox 244 2968 1381 3041; baseline 0.004 -18"><span class='ocrx_word' id='word_1_298' title='bbox 244 2980 300 3024; x_wconf 89' lang='lat' dir='ltr'><strong>tum</strong></span> <span class='ocrx_word' id='word_1_299' title='bbox 312 2974 413 3024; x_wconf 79' lang='lat' dir='ltr'><strong>dixisse</strong></span> <span class='ocrx_word' id='word_1_300' title='bbox 425 2971 675 3038; x_wconf 76' lang='grc' dir='ltr'><strong><em>συγκεράννυσθαι</em></strong></span> <span class='ocrx_word' id='word_1_301' title='bbox 689 2975 787 3040; x_wconf 76' lang='grc' dir='ltr'><strong><em>φιλίας</em></strong></span> <span class='ocrx_word' id='word_1_302' title='bbox 838 2977 884 3029; x_wconf 78' lang='lat'><strong>67:</strong></span> <span class='ocrx_word' id='word_1_303' title='bbox 899 2972 1001 3029; x_wconf 79' lang='grc' dir='ltr'><strong><em>ἔπεσον</em></strong></span> <span class='ocrx_word' id='word_1_304' title='bbox 1011 2969 1078 3028; x_wconf 77' lang='lat' dir='ltr'><strong>dud</strong></span> <span class='ocrx_word' id='word_1_305' title='bbox 1089 2968 1256 3041; x_wconf 77' lang='grc' dir='ltr'><strong><em>Ἀθηναίων,</em></strong></span> <span class='ocrx_word' id='word_1_306' title='bbox 1267 2979 1316 3029; x_wconf 88' lang='lat' dir='ltr'><strong>ubi</strong></span> <span class='ocrx_word' id='word_1_307' title='bbox 1328 2979 1381 3029; x_wconf 85' lang='lat' dir='ltr'><strong>vid.</strong></span> 
     </span>
    </p>

    <p class='ocr_par' dir='ltr' id='par_1_11' title="bbox 245 3041 1382 3246">
     <span class='ocr_line' id='line_1_34' title="bbox 245 3041 1382 3110; baseline 0.005 -19"><span class='ocrx_word' id='word_1_308' title='bbox 245 3043 292 3102; x_wconf 87' lang='lat' dir='ltr'><strong>IV,</strong></span> <span class='ocrx_word' id='word_1_309' title='bbox 308 3041 364 3091; x_wconf 76' lang='lat'>152.</span> <span class='ocrx_word' id='word_1_310' title='bbox 380 3042 440 3103; x_wconf 87' lang='lat' dir='ltr'>VII,</span> <span class='ocrx_word' id='word_1_311' title='bbox 456 3043 512 3093; x_wconf 83' lang='grc'><strong>151.</strong></span> <span class='ocrx_word' id='word_1_312' title='bbox 532 3044 613 3092; x_wconf 86' lang='lat' dir='ltr'><strong>Hanc</strong></span> <span class='ocrx_word' id='word_1_313' title='bbox 625 3044 710 3092; x_wconf 84' lang='lat' dir='ltr'><strong>Eltaii</strong></span> <span class='ocrx_word' id='word_1_314' title='bbox 724 3059 786 3094; x_wconf 88' lang='lat' dir='ltr'><strong>oon·</strong></span> <span class='ocrx_word' id='word_1_315' title='bbox 838 3051 907 3097; x_wconf 87' lang='lat' dir='ltr'><strong>nott.</strong></span> <span class='ocrx_word' id='word_1_316' title='bbox 938 3047 1035 3110; x_wconf 88' lang='lat' dir='ltr'><strong>Itaque</strong></span> <span class='ocrx_word' id='word_1_317' title='bbox 1049 3047 1133 3096; x_wconf 86' lang='lat' dir='ltr'><strong>etiam</strong></span> <span class='ocrx_word' id='word_1_318' title='bbox 1146 3045 1199 3103; x_wconf 81' lang='lat' dir='ltr'><strong>lx,</strong></span> <span class='ocrx_word' id='word_1_319' title='bbox 1214 3043 1262 3094; x_wconf 79' lang='lat'><strong>110</strong></span> <span class='ocrx_word' id='word_1_320' title='bbox 1280 3046 1309 3095; x_wconf 87' lang='lat' dir='ltr'><strong>in</strong></span> <span class='ocrx_word' id='word_1_321' title='bbox 1324 3063 1382 3097; x_wconf 85' lang='lat' dir='ltr'><strong>ver·</strong></span> 
     </span>
     <span class='ocr_line' id='line_1_35' title="bbox 245 3105 1381 3180; baseline 0.005 -22"><span class='ocrx_word' id='word_1_322' title='bbox 245 3111 387 3170; x_wconf 78' lang='lat' dir='ltr'><strong>tecturam,</strong></span> <span class='ocrx_word' id='word_1_323' title='bbox 402 3111 431 3159; x_wconf 89' lang='lat' dir='ltr'><strong>iu</strong></span> <span class='ocrx_word' id='word_1_324' title='bbox 444 3125 524 3174; x_wconf 86' lang='lat' dir='ltr'><strong>quam</strong></span> <span class='ocrx_word' id='word_1_325' title='bbox 538 3110 637 3160; x_wconf 86' lang='lat' dir='ltr'><strong>dudum</strong></span> <span class='ocrx_word' id='word_1_326' title='bbox 651 3116 734 3161; x_wconf 88' lang='lat' dir='ltr'><strong>autea</strong></span> <span class='ocrx_word' id='word_1_327' title='bbox 746 3113 787 3162; x_wconf 86' lang='lat' dir='ltr'><strong>in·</strong></span> <span class='ocrx_word' id='word_1_328' title='bbox 838 3113 882 3164; x_wconf 87' lang='lat' dir='ltr'><strong>bis</strong></span> <span class='ocrx_word' id='word_1_329' title='bbox 896 3111 979 3178; x_wconf 85' lang='grc' dir='ltr'><strong><em>δίκης</em></strong></span> <span class='ocrx_word' id='word_1_330' title='bbox 991 3105 1116 3180; x_wconf 80' lang='grc' dir='ltr'><strong><em>κυρήσας</em></strong></span> <span class='ocrx_word' id='word_1_331' title='bbox 1128 3105 1148 3162; x_wconf 82' lang='grc' dir='ltr'><strong>α’</strong></span> <span class='ocrx_word' id='word_1_332' title='bbox 1153 3105 1250 3164; x_wconf 67' lang='lat' dir='ltr'><strong>arida</strong></span> <span class='ocrx_word' id='word_1_333' title='bbox 1258 3128 1294 3163; x_wconf 85' lang='grc' dir='ltr'><strong><em>νε</em></strong></span> <span class='ocrx_word' id='word_1_334' title='bbox 1308 3115 1381 3178; x_wconf 85' lang='lat' dir='ltr'><strong>equi·</strong></span> 
     </span>
     <span class='ocr_line' id='line_1_36' title="bbox 246 3177 1382 3246; baseline 0.004 -20"><span class='ocrx_word' id='word_1_335' title='bbox 246 3177 786 3243; x_wconf 66' lang='lat' dir='ltr'><strong>cideratlteiskiueprobavitnietseh„</strong></span> <span class='ocrx_word' id='word_1_336' title='bbox 838 3181 900 3232; x_wconf 90' lang='lat' dir='ltr'><strong>dem</strong></span> <span class='ocrx_word' id='word_1_337' title='bbox 923 3181 1063 3246; x_wconf 82' lang='lat' dir='ltr'><strong>intelligo:</strong></span> <span class='ocrx_word' id='word_1_338' title='bbox 1092 3183 1203 3242; x_wconf 67' lang='lat' dir='ltr'><strong>occisura,</strong></span> <span class='ocrx_word' id='word_1_339' title='bbox 1233 3181 1382 3244; x_wconf 76' lang='lat' dir='ltr'><strong>intersectas</strong></span> 
     </span>
    </p>

    <p class='ocr_par' dir='ltr' id='par_1_12' title="bbox 243 3239 1379 3586">
     <span class='ocr_line' id='line_1_37' title="bbox 246 3239 1379 3314; baseline 0.004 -19"><span class='ocrx_word' id='word_1_340' title='bbox 246 3245 291 3311; x_wconf 88' lang='lat' dir='ltr'><strong>qui</strong></span> <span class='ocrx_word' id='word_1_341' title='bbox 308 3247 383 3311; x_wconf 87' lang='lat' dir='ltr'><strong>prius</strong></span> <span class='ocrx_word' id='word_1_342' title='bbox 399 3245 533 3296; x_wconf 87' lang='lat' dir='ltr'><strong>intactum</strong></span> <span class='ocrx_word' id='word_1_343' title='bbox 551 3245 702 3311; x_wconf 86' lang='lat' dir='ltr'><strong>reliquerat</strong></span> <span class='ocrx_word' id='word_1_344' title='bbox 722 3261 786 3312; x_wconf 80' lang='grc' dir='ltr'><strong><em>συχ-</em></strong></span> <span class='ocrx_word' id='word_1_345' title='bbox 838 3256 891 3306; x_wconf 82' lang='lat' dir='ltr'><strong>eet,·</strong></span> <span class='ocrx_word' id='word_1_346' title='bbox 909 3249 1028 3314; x_wconf 85' lang='lat' dir='ltr'><strong>itemque</strong></span> <span class='ocrx_word' id='word_1_347' title='bbox 1045 3249 1098 3310; x_wconf 86' lang='lat' dir='ltr'><strong>IX,</strong></span> <span class='ocrx_word' id='word_1_348' title='bbox 1114 3247 1175 3298; x_wconf 76' lang='lat'>110:</span> <span class='ocrx_word' id='word_1_349' title='bbox 1194 3243 1225 3298; x_wconf 78' lang='grc' dir='ltr'><strong>οἱ</strong></span> <span class='ocrx_word' id='word_1_350' title='bbox 1238 3241 1292 3308; x_wconf 61' lang='grc' dir='ltr'><strong><em>μὲν</em></strong></span> <span class='ocrx_word' id='word_1_351' title='bbox 1304 3239 1379 3299; x_wconf 70' lang='grc' dir='ltr'><strong>ἐκέ-</strong></span> 
     </span>
     <span class='ocr_line' id='line_1_38' title="bbox 245 3308 1379 3381; baseline 0.001 -16"><span class='ocrx_word' id='word_1_352' title='bbox 245 3308 439 3380; x_wconf 80' lang='grc' dir='ltr'><strong><em>κεκυρημένον</em></strong></span> <span class='ocrx_word' id='word_1_353' title='bbox 456 3315 510 3364; x_wconf 81' lang='lat' dir='ltr'><strong>uuo</strong></span> <span class='ocrx_word' id='word_1_354' title='bbox 527 3329 587 3364; x_wconf 88' lang='lat' dir='ltr'><strong>oum</strong></span> <span class='ocrx_word' id='word_1_355' title='bbox 605 3314 788 3380; x_wconf 88' lang='lat' dir='ltr'><strong>reliquisedi·</strong></span> <span class='ocrx_word' id='word_1_356' title='bbox 839 3315 967 3378; x_wconf 86' lang='grc' dir='ltr'><strong><em>θανον,</em></strong></span> <span class='ocrx_word' id='word_1_357' title='bbox 994 3311 1024 3366; x_wconf 80' lang='grc' dir='ltr'><strong>οἷ</strong></span> <span class='ocrx_word' id='word_1_358' title='bbox 1049 3309 1080 3366; x_wconf 67' lang='lat' dir='ltr'><strong>di</strong></span> <span class='ocrx_word' id='word_1_359' title='bbox 1102 3314 1202 3378; x_wconf 74' lang='grc' dir='ltr'><strong><em>ζῶντες</em></strong></span> <span class='ocrx_word' id='word_1_360' title='bbox 1229 3309 1379 3381; x_wconf 74' lang='grc' dir='ltr'><strong><em>ἐλάμφθη-</em></strong></span> 
     </span>
     <span class='ocr_line' id='line_1_39' title="bbox 245 3381 1379 3462; baseline 0 -28"><span class='ocrx_word' id='word_1_361' title='bbox 245 3384 357 3435; x_wconf 88' lang='lat' dir='ltr'><strong>toribus.</strong></span> <span class='ocrx_word' id='word_1_362' title='bbox 393 3383 451 3434; x_wconf 87' lang='lat' dir='ltr'><strong>Nec</strong></span> <span class='ocrx_word' id='word_1_363' title='bbox 476 3382 601 3448; x_wconf 87' lang='lat' dir='ltr'><strong>equidem</strong></span> <span class='ocrx_word' id='word_1_364' title='bbox 627 3381 787 3433; x_wconf 81' lang='lat' dir='ltr'><strong>electione</strong></span> <span class='ocrx_word' id='word_1_365' title='bbox 839 3398 901 3434; x_wconf 90' lang='grc' dir='ltr'><strong><em>σαν.</em></strong></span> <span class='ocrx_word' id='word_1_366' title='bbox 937 3384 1021 3434; x_wconf 87' lang='lat' dir='ltr'><strong>Teste</strong></span> <span class='ocrx_word' id='word_1_367' title='bbox 1042 3383 1202 3446; x_wconf 71' lang='lat' dir='ltr'><strong>Thucydide</strong></span> <span class='ocrx_word' id='word_1_368' title='bbox 1224 3383 1251 3442; x_wconf 85' lang='lat'><strong>1,</strong></span> <span class='ocrx_word' id='word_1_369' title='bbox 1273 3383 1307 3432; x_wconf 77' lang='lat'><strong>20</strong></span> <span class='ocrx_word' id='word_1_370' title='bbox 1326 3384 1379 3462; x_wconf 78' lang='grc' dir='ltr'><strong><em>ρΙε-</em></strong></span> 
     </span>
     <span class='ocr_line' id='line_1_40' title="bbox 243 3441 1379 3517; baseline -0.001 -16"><span class='ocrx_word' id='word_1_371' title='bbox 243 3453 322 3504; x_wconf 89' lang='lat' dir='ltr'><strong>libris</strong></span> <span class='ocrx_word' id='word_1_372' title='bbox 339 3452 450 3517; x_wconf 88' lang='lat' dir='ltr'><strong>scriptis</strong></span> <span class='ocrx_word' id='word_1_373' title='bbox 468 3449 556 3501; x_wconf 89' lang='lat' dir='ltr'><strong>allata</strong></span> <span class='ocrx_word' id='word_1_374' title='bbox 578 3449 722 3500; x_wconf 86' lang='lat' dir='ltr'><strong>discedere</strong></span> <span class='ocrx_word' id='word_1_375' title='bbox 740 3465 787 3500; x_wconf 82' lang='lat' dir='ltr'><strong>au·</strong></span> <span class='ocrx_word' id='word_1_376' title='bbox 839 3452 914 3516; x_wconf 91' lang='lat' dir='ltr'><strong>rique</strong></span> <span class='ocrx_word' id='word_1_377' title='bbox 939 3455 1074 3511; x_wconf 86' lang='lat' dir='ltr'><strong>statuunt,</strong></span> <span class='ocrx_word' id='word_1_378' title='bbox 1105 3450 1295 3516; x_wconf 79' lang='lat' dir='ltr'><strong>Hipparchum</strong></span> <span class='ocrx_word' id='word_1_379' title='bbox 1322 3441 1379 3515; x_wconf 82' lang='grc' dir='ltr'><strong>σφ’</strong></span> 
     </span>
     <span class='ocr_line' id='line_1_41' title="bbox 244 3509 1378 3586; baseline -0.002 -16"><span class='ocrx_word' id='word_1_380' title='bbox 244 3537 370 3582; x_wconf 85' lang='lat' dir='ltr'><strong>sussum,</strong></span> <span class='ocrx_word' id='word_1_381' title='bbox 384 3521 546 3586; x_wconf 83' lang='lat' dir='ltr'><strong>praesertim</strong></span> <span class='ocrx_word' id='word_1_382' title='bbox 560 3534 621 3570; x_wconf 87' lang='lat' dir='ltr'><strong>cum</strong></span> <span class='ocrx_word' id='word_1_383' title='bbox 636 3521 788 3582; x_wconf 81' lang='grc' dir='ltr'><strong><em>σνχκυρεῖν</em></strong></span> <span class='ocrx_word' id='word_1_384' title='bbox 835 3510 983 3583; x_wconf 66' lang='grc' dir='ltr'><strong><em>Ἁρμοδίου</em></strong></span> <span class='ocrx_word' id='word_1_385' title='bbox 993 3515 1041 3570; x_wconf 73' lang='grc' dir='ltr'><strong>καὶ</strong></span> <span class='ocrx_word' id='word_1_386' title='bbox 1053 3509 1284 3582; x_wconf 74' lang='grc' dir='ltr'><strong><em>Ἀριστογείτονος</em></strong></span> <span class='ocrx_word' id='word_1_387' title='bbox 1296 3511 1378 3568; x_wconf 82' lang='grc' dir='ltr'><strong><em>α’κο·</em></strong></span> 
     </span>
    </p>

    <p class='ocr_par' dir='ltr' id='par_1_13' title="bbox 244 3587 977 3652">
     <span class='ocr_line' id='line_1_42' title="bbox 244 3587 977 3652; baseline 0 -15"><span class='ocrx_word' id='word_1_388' title='bbox 244 3588 283 3649; x_wconf 86' lang='lat' dir='ltr'><strong>(in</strong></span> <span class='ocrx_word' id='word_1_389' title='bbox 297 3589 399 3652; x_wconf 82' lang='lat' dir='ltr'><strong>activo)</strong></span> <span class='ocrx_word' id='word_1_390' title='bbox 413 3588 446 3638; x_wconf 90' lang='lat' dir='ltr'><strong>de</strong></span> <span class='ocrx_word' id='word_1_391' title='bbox 460 3588 507 3648; x_wconf 91' lang='lat' dir='ltr'><strong>iis,</strong></span> <span class='ocrx_word' id='word_1_392' title='bbox 527 3603 597 3652; x_wconf 86' lang='lat' dir='ltr'><strong>quae</strong></span> <span class='ocrx_word' id='word_1_393' title='bbox 610 3587 726 3637; x_wconf 77' lang='lat' dir='ltr'><strong>occidunt</strong></span> <span class='ocrx_word' id='word_1_394' title='bbox 740 3590 788 3636; x_wconf 84' lang='lat' dir='ltr'><strong>aut</strong></span> <span class='ocrx_word' id='word_1_395' title='bbox 839 3587 977 3637; x_wconf 84' lang='grc' dir='ltr'><strong><em>θανεῖν.</em></strong></span> 
     </span>
    </p>

    <p class='ocr_par' dir='ltr' id='par_1_14' title="bbox 243 3643 1377 3804">
     <span class='ocr_line' id='line_1_43' title="bbox 243 3643 1377 3719; baseline 0 -17"><span class='ocrx_word' id='word_1_396' title='bbox 243 3658 401 3718; x_wconf 65' lang='lat' dir='ltr'><strong>contingunt,</strong></span> <span class='ocrx_word' id='word_1_397' title='bbox 426 3671 442 3704; x_wconf 88' lang='lat' dir='ltr'><strong>a</strong></span> <span class='ocrx_word' id='word_1_398' title='bbox 459 3657 557 3706; x_wconf 87' lang='lat' dir='ltr'><strong>Nostro</strong></span> <span class='ocrx_word' id='word_1_399' title='bbox 575 3654 721 3718; x_wconf 79' lang='lat' dir='ltr'><strong>aliquoties</strong></span> <span class='ocrx_word' id='word_1_400' title='bbox 739 3653 785 3702; x_wconf 85' lang='lat' dir='ltr'><strong>ed·</strong></span> <span class='ocrx_word' id='word_1_401' title='bbox 870 3649 1086 3718; x_wconf 77' lang='grc' dir='ltr'><strong><em>μεμισθωμένος</em></strong></span> <span class='ocrx_word' id='word_1_402' title='bbox 1107 3647 1159 3703; x_wconf 76' lang='grc' dir='ltr'><strong>οὐκ</strong></span> <span class='ocrx_word' id='word_1_403' title='bbox 1181 3643 1292 3719; x_wconf 72' lang='grc' dir='ltr'><strong><em>ὀλίγον]</em></strong></span> <span class='ocrx_word' id='word_1_404' title='bbox 1318 3655 1336 3703; x_wconf 91' lang='lat' dir='ltr'><strong>i.</strong></span> <span class='ocrx_word' id='word_1_405' title='bbox 1355 3671 1377 3704; x_wconf 89' lang='lat' dir='ltr'><strong>e.</strong></span> 
     </span>
     <span class='ocr_line' id='line_1_44' title="bbox 243 3720 1377 3804; baseline 0.003 -36"><span class='ocrx_word' id='word_1_406' title='bbox 243 3721 332 3770; x_wconf 89' lang='lat' dir='ltr'><strong>hiberi</strong></span> <span class='ocrx_word' id='word_1_407' title='bbox 345 3722 452 3772; x_wconf 85' lang='lat' dir='ltr'><strong>videam</strong></span> <span class='ocrx_word' id='word_1_408' title='bbox 466 3723 502 3786; x_wconf 82' lang='lat'><strong>(1,</strong></span> <span class='ocrx_word' id='word_1_409' title='bbox 520 3721 575 3774; x_wconf 85' lang='lat'>119.</span> <span class='ocrx_word' id='word_1_410' title='bbox 588 3723 668 3782; x_wconf 87' lang='lat' dir='ltr'>VIII,</span> <span class='ocrx_word' id='word_1_411' title='bbox 682 3720 723 3771; x_wconf 78' lang='lat'><strong>87.</strong></span> <span class='ocrx_word' id='word_1_412' title='bbox 737 3722 784 3783; x_wconf 86' lang='lat' dir='ltr'><strong>IX,</strong></span> <span class='ocrx_word' id='word_1_413' title='bbox 836 3723 952 3772; x_wconf 83' lang='lat' dir='ltr'><strong>mercede</strong></span> <span class='ocrx_word' id='word_1_414' title='bbox 967 3721 1036 3772; x_wconf 76' lang='lat' dir='ltr'><strong>houd</strong></span> <span class='ocrx_word' id='word_1_415' title='bbox 1052 3725 1144 3804; x_wconf 68' lang='lat' dir='ltr'><strong>emique</strong></span> <span class='ocrx_word' id='word_1_416' title='bbox 1156 3721 1303 3772; x_wconf 79' lang='lat' dir='ltr'><strong>conductos.</strong></span> <span class='ocrx_word' id='word_1_417' title='bbox 1339 3722 1377 3771; x_wconf 83' lang='grc' dir='ltr'><strong>1ο·</strong></span> 
     </span>
    </p>

    <p class='ocr_par' dir='ltr' id='par_1_15' title="bbox 243 3780 1374 3854">
     <span class='ocr_line' id='line_1_45' title="bbox 243 3780 1374 3854; baseline 0.003 -19"><span class='ocrx_word' id='word_1_418' title='bbox 243 3785 289 3848; x_wconf 80' lang='grc' dir='ltr'><strong>9ος</strong></span> <span class='ocrx_word' id='word_1_419' title='bbox 309 3787 387 3851; x_wconf 84' lang='lat' dir='ltr'><strong>plura</strong></span> <span class='ocrx_word' id='word_1_420' title='bbox 401 3791 446 3853; x_wconf 91' lang='lat' dir='ltr'><strong>qui</strong></span> <span class='ocrx_word' id='word_1_421' title='bbox 459 3790 604 3850; x_wconf 81' lang='lat' dir='ltr'><strong>desideret,</strong></span> <span class='ocrx_word' id='word_1_422' title='bbox 620 3789 703 3840; x_wconf 86' lang='lat' dir='ltr'><strong>adeat</strong></span> <span class='ocrx_word' id='word_1_423' title='bbox 715 3789 786 3838; x_wconf 86' lang='lat' dir='ltr'><strong>The·</strong></span> <span class='ocrx_word' id='word_1_424' title='bbox 837 3789 950 3854; x_wconf 79' lang='lat' dir='ltr'><strong>telligas</strong></span> <span class='ocrx_word' id='word_1_425' title='bbox 959 3787 1191 3854; x_wconf 67' lang='grc' dir='ltr'><strong><em>11σοὶκιμημακος</em></strong></span> <span class='ocrx_word' id='word_1_426' title='bbox 1204 3780 1374 3852; x_wconf 83' lang='grc' dir='ltr'><strong><em>ο.οἷργυριόν,</em></strong></span> 
     </span>
    </p>

    <p class='ocr_par' dir='ltr' id='par_1_16' title="bbox 244 3855 1375 3990">
     <span class='ocr_line' id='line_1_46' title="bbox 244 3855 1375 3922; baseline 0.004 -20"><span class='ocrx_word' id='word_1_427' title='bbox 244 3869 317 3902; x_wconf 88' lang='lat' dir='ltr'><strong>saur.</strong></span> <span class='ocrx_word' id='word_1_428' title='bbox 335 3855 415 3919; x_wconf 81' lang='lat' dir='ltr'><strong>Ling.</strong></span> <span class='ocrx_word' id='word_1_429' title='bbox 435 3855 532 3908; x_wconf 84' lang='lat' dir='ltr'><strong>Graec.</strong></span> <span class='ocrx_word' id='word_1_430' title='bbox 548 3857 608 3907; x_wconf 84' lang='lat' dir='ltr'><strong>vn.</strong></span> <span class='ocrx_word' id='word_1_431' title='bbox 627 3875 652 3922; x_wconf 89' lang='lat' dir='ltr'><strong>p.</strong></span> <span class='ocrx_word' id='word_1_432' title='bbox 671 3855 721 3906; x_wconf 77' lang='lat'><strong>994</strong></span> <span class='ocrx_word' id='word_1_433' title='bbox 744 3855 785 3905; x_wconf 89' lang='lat' dir='ltr'><strong>ed.</strong></span> <span class='ocrx_word' id='word_1_434' title='bbox 838 3856 1263 3922; x_wconf 84' lang='lat' dir='ltr'><strong>dequovid.Lambert.Bos.De</strong></span> <span class='ocrx_word' id='word_1_435' title='bbox 1276 3855 1375 3921; x_wconf 81' lang='lat' dir='ltr'><strong>ellipse.</strong></span> 
     </span>
     <span class='ocr_line' id='line_1_47' title="bbox 245 3921 1374 3990; baseline 0.004 -22"><span class='ocrx_word' id='word_1_436' title='bbox 245 3921 395 3983; x_wconf 82' lang='lat' dir='ltr'><strong>Diodori.):</strong></span> <span class='ocrx_word' id='word_1_437' title='bbox 410 3921 479 3972; x_wconf 87' lang='lat' dir='ltr'><strong>adeo</strong></span> <span class='ocrx_word' id='word_1_438' title='bbox 492 3928 522 3973; x_wconf 87' lang='lat' dir='ltr'><strong>ut</strong></span> <span class='ocrx_word' id='word_1_439' title='bbox 537 3925 624 3975; x_wconf 86' lang='lat' dir='ltr'><strong>omnis</strong></span> <span class='ocrx_word' id='word_1_440' title='bbox 636 3923 787 3974; x_wconf 77' lang='lat' dir='ltr'><strong>difficultas</strong></span> <span class='ocrx_word' id='word_1_441' title='bbox 837 3923 869 3972; x_wconf 88' lang='lat' dir='ltr'><strong>L.</strong></span> <span class='ocrx_word' id='word_1_442' title='bbox 882 3923 928 3973; x_wconf 84' lang='lat' dir='ltr'><strong>Gr.</strong></span> <span class='ocrx_word' id='word_1_443' title='bbox 939 3940 964 3990; x_wconf 88' lang='lat' dir='ltr'><strong>p.</strong></span> <span class='ocrx_word' id='word_1_444' title='bbox 977 3921 1010 3973; x_wconf 77' lang='lat'><strong>39</strong></span> <span class='ocrx_word' id='word_1_445' title='bbox 1020 3939 1078 3989; x_wconf 91' lang='lat' dir='ltr'><strong>seq.</strong></span> <span class='ocrx_word' id='word_1_446' title='bbox 1091 3923 1140 3974; x_wconf 79' lang='lat'><strong>473</strong></span> <span class='ocrx_word' id='word_1_447' title='bbox 1150 3939 1206 3988; x_wconf 89' lang='lat' dir='ltr'><strong>seq.</strong></span> <span class='ocrx_word' id='word_1_448' title='bbox 1218 3923 1374 3973; x_wconf 83' lang='lat' dir='ltr'><strong>sd.Sehaei.</strong></span> 
     </span>
    </p>

    <p class='ocr_par' dir='ltr' id='par_1_17' title="bbox 245 3987 1375 4123">
     <span class='ocr_line' id='line_1_48' title="bbox 245 3987 1374 4053; baseline 0.005 -19"><span class='ocrx_word' id='word_1_449' title='bbox 245 3987 272 4035; x_wconf 87' lang='lat' dir='ltr'><strong>iu</strong></span> <span class='ocrx_word' id='word_1_450' title='bbox 285 3988 410 4052; x_wconf 81' lang='lat' dir='ltr'><strong>passivo,</strong></span> <span class='ocrx_word' id='word_1_451' title='bbox 430 3989 500 4052; x_wconf 86' lang='lat' dir='ltr'><strong>quod</strong></span> <span class='ocrx_word' id='word_1_452' title='bbox 517 3991 569 4040; x_wconf 87' lang='lat' dir='ltr'><strong>hoe</strong></span> <span class='ocrx_word' id='word_1_453' title='bbox 586 3991 648 4042; x_wconf 88' lang='lat' dir='ltr'><strong>loco</strong></span> <span class='ocrx_word' id='word_1_454' title='bbox 661 3991 788 4041; x_wconf 78' lang='lat' dir='ltr'><strong>adhibuit</strong></span> <span class='ocrx_word' id='word_1_455' title='bbox 838 4018 869 4027; x_wconf 95' lang='lat'>—</span> <span class='ocrx_word' id='word_1_456' title='bbox 892 3991 1044 4042; x_wconf 79' lang='lat' dir='ltr'><strong>Articulum</strong></span> <span class='ocrx_word' id='word_1_457' title='bbox 1065 3990 1103 4053; x_wconf 76' lang='lat' dir='ltr'><strong>roi</strong></span> <span class='ocrx_word' id='word_1_458' title='bbox 1123 3995 1189 4041; x_wconf 82' lang='lat' dir='ltr'><strong>ante</strong></span> <span class='ocrx_word' id='word_1_459' title='bbox 1210 3988 1374 4053; x_wconf 81' lang='grc' dir='ltr'><strong><em>Μαρδονίῳ,</em></strong></span> 
     </span>
     <span class='ocr_line' id='line_1_49' title="bbox 245 4055 1375 4123; baseline 0.004 -21"><span class='ocrx_word' id='word_1_460' title='bbox 245 4055 343 4104; x_wconf 89' lang='lat' dir='ltr'><strong>Noster</strong></span> <span class='ocrx_word' id='word_1_461' title='bbox 357 4055 451 4104; x_wconf 87' lang='lat' dir='ltr'><strong>eodem</strong></span> <span class='ocrx_word' id='word_1_462' title='bbox 464 4071 554 4118; x_wconf 79' lang='lat' dir='ltr'><strong>sensu,</strong></span> <span class='ocrx_word' id='word_1_463' title='bbox 568 4073 621 4123; x_wconf 88' lang='lat' dir='ltr'><strong>quo</strong></span> <span class='ocrx_word' id='word_1_464' title='bbox 634 4059 705 4109; x_wconf 84' lang='lat' dir='ltr'><strong>alias</strong></span> <span class='ocrx_word' id='word_1_465' title='bbox 719 4059 786 4108; x_wconf 86' lang='lat' dir='ltr'><strong>acti·</strong></span> <span class='ocrx_word' id='word_1_466' title='bbox 838 4074 917 4123; x_wconf 87' lang='lat' dir='ltr'><strong>quem</strong></span> <span class='ocrx_word' id='word_1_467' title='bbox 930 4063 1040 4108; x_wconf 89' lang='lat' dir='ltr'><strong>tuentur</strong></span> <span class='ocrx_word' id='word_1_468' title='bbox 1051 4059 1230 4118; x_wconf 75' lang='lat' dir='ltr'><strong>Schaeterm,</strong></span> <span class='ocrx_word' id='word_1_469' title='bbox 1244 4058 1375 4108; x_wconf 73' lang='lat' dir='ltr'><strong>Matthiae</strong></span> 
     </span>
    </p>

    <p class='ocr_par' dir='ltr' id='par_1_18' title="bbox 244 4121 1375 4192">
     <span class='ocr_line' id='line_1_50' title="bbox 244 4121 1375 4192; baseline 0.005 -24"><span class='ocrx_word' id='word_1_470' title='bbox 244 4135 320 4183; x_wconf 83' lang='lat' dir='ltr'><strong>vum,</strong></span> <span class='ocrx_word' id='word_1_471' title='bbox 345 4121 399 4172; x_wconf 85' lang='lat' dir='ltr'><strong>sita</strong></span> <span class='ocrx_word' id='word_1_472' title='bbox 419 4123 553 4173; x_wconf 86' lang='lat' dir='ltr'><strong>videatur.</strong></span> <span class='ocrx_word' id='word_1_473' title='bbox 590 4127 654 4190; x_wconf 80' lang='lat' dir='ltr'><strong>ipsa</strong></span> <span class='ocrx_word' id='word_1_474' title='bbox 676 4130 787 4176; x_wconf 85' lang='lat' dir='ltr'><strong>seuten-</strong></span> <span class='ocrx_word' id='word_1_475' title='bbox 838 4132 866 4176; x_wconf 89' lang='lat' dir='ltr'><strong>et</strong></span> <span class='ocrx_word' id='word_1_476' title='bbox 878 4126 1035 4188; x_wconf 81' lang='lat' dir='ltr'><strong>Belrkerus,</strong></span> <span class='ocrx_word' id='word_1_477' title='bbox 1055 4127 1181 4192; x_wconf 88' lang='lat' dir='ltr'><strong>equidem</strong></span> <span class='ocrx_word' id='word_1_478' title='bbox 1195 4141 1255 4175; x_wconf 88' lang='lat' dir='ltr'><strong>curn</strong></span> <span class='ocrx_word' id='word_1_479' title='bbox 1268 4125 1375 4190; x_wconf 88' lang='lat' dir='ltr'><strong>reliquis</strong></span> 
     </span>
    </p>

    <p class='ocr_par' dir='ltr' id='par_1_19' title="bbox 245 4188 1374 4257">
     <span class='ocr_line' id='line_1_51' title="bbox 245 4188 1374 4257; baseline 0.006 -20"><span class='ocrx_word' id='word_1_480' title='bbox 245 4190 285 4239; x_wconf 86' lang='lat' dir='ltr'><strong>tia</strong></span> <span class='ocrx_word' id='word_1_481' title='bbox 303 4188 348 4238; x_wconf 83' lang='lat' dir='ltr'><strong>vix</strong></span> <span class='ocrx_word' id='word_1_482' title='bbox 364 4189 460 4238; x_wconf 86' lang='lat' dir='ltr'><strong>dubia:</strong></span> <span class='ocrx_word' id='word_1_483' title='bbox 486 4190 550 4240; x_wconf 89' lang='lat' dir='ltr'><strong>inde</strong></span> <span class='ocrx_word' id='word_1_484' title='bbox 572 4193 697 4256; x_wconf 88' lang='lat' dir='ltr'><strong>equidem</strong></span> <span class='ocrx_word' id='word_1_485' title='bbox 714 4193 787 4242; x_wconf 89' lang='lat' dir='ltr'><strong>hunc</strong></span> <span class='ocrx_word' id='word_1_486' title='bbox 839 4194 940 4252; x_wconf 84' lang='lat' dir='ltr'><strong>abieci,</strong></span> <span class='ocrx_word' id='word_1_487' title='bbox 955 4193 1108 4244; x_wconf 84' lang='lat' dir='ltr'><strong>Florentini</strong></span> <span class='ocrx_word' id='word_1_488' title='bbox 1121 4193 1290 4257; x_wconf 86' lang='lat' dir='ltr'><strong>aliorumque</strong></span> <span class='ocrx_word' id='word_1_489' title='bbox 1302 4192 1374 4244; x_wconf 83' lang='lat' dir='ltr'><strong>codd.</strong></span> 
     </span>
    </p>

    <p class='ocr_par' dir='ltr' id='par_1_20' title="bbox 228 4257 1375 4393">
     <span class='ocr_line' id='line_1_52' title="bbox 246 4257 1113 4312; baseline 0.006 -6"><span class='ocrx_word' id='word_1_490' title='bbox 246 4257 304 4307; x_wconf 78' lang='lat' dir='ltr'><strong>t&#39;ere</strong></span> <span class='ocrx_word' id='word_1_491' title='bbox 321 4257 405 4307; x_wconf 85' lang='lat' dir='ltr'><strong>totius</strong></span> <span class='ocrx_word' id='word_1_492' title='bbox 422 4257 476 4307; x_wconf 84' lang='lat' dir='ltr'><strong>loci</strong></span> <span class='ocrx_word' id='word_1_493' title='bbox 493 4273 603 4308; x_wconf 85' lang='lat' dir='ltr'><strong>sensum</strong></span> <span class='ocrx_word' id='word_1_494' title='bbox 621 4275 681 4310; x_wconf 86' lang='lat' dir='ltr'><strong>esse</strong></span> <span class='ocrx_word' id='word_1_495' title='bbox 700 4261 787 4310; x_wconf 87' lang='lat' dir='ltr'><strong>credi·</strong></span> <span class='ocrx_word' id='word_1_496' title='bbox 840 4261 1006 4310; x_wconf 85' lang='lat' dir='ltr'><strong>auctoritate</strong></span> <span class='ocrx_word' id='word_1_497' title='bbox 1020 4260 1113 4312; x_wconf 86' lang='lat' dir='ltr'><strong>fretus.</strong></span> 
     </span>
     <span class='ocr_line' id='line_1_53' title="bbox 228 4319 1375 4393; baseline 0.002 -19"><span class='ocrx_word' id='word_1_498' title='bbox 228 4325 344 4376; x_wconf 88' lang='lat' dir='ltr'><strong>·derim:</strong></span> <span class='ocrx_word' id='word_1_499' title='bbox 364 4325 452 4392; x_wconf 80' lang='lat' dir='ltr'><strong>Neque</strong></span> <span class='ocrx_word' id='word_1_500' title='bbox 469 4332 552 4376; x_wconf 85' lang='lat' dir='ltr'><strong>tomen</strong></span> <span class='ocrx_word' id='word_1_501' title='bbox 568 4330 639 4378; x_wconf 83' lang='lat' dir='ltr'><strong>eiad</strong></span> <span class='ocrx_word' id='word_1_502' title='bbox 650 4335 788 4378; x_wconf 75' lang='lat' dir='ltr'><strong>extremum</strong></span> <span class='ocrx_word' id='word_1_503' title='bbox 874 4319 977 4378; x_wconf 68' lang='lat' dir='ltr'><strong>tedred</strong></span> <span class='ocrx_word' id='word_1_504' title='bbox 994 4343 1024 4378; x_wconf 82' lang='grc' dir='ltr'><strong>τε</strong></span> <span class='ocrx_word' id='word_1_505' title='bbox 1042 4325 1091 4379; x_wconf 77' lang='grc' dir='ltr'><strong>καὶ</strong></span> <span class='ocrx_word' id='word_1_506' title='bbox 1108 4321 1314 4393; x_wconf 76' lang='grc' dir='ltr'><strong><em>προεθυμέετο]</em></strong></span> <span class='ocrx_word' id='word_1_507' title='bbox 1338 4325 1375 4376; x_wconf 83' lang='lat' dir='ltr'><strong>Ad</strong></span> 
     </span>
    </p>
   </div>
   <div class='ocr_carea' id='block_1_7' title="bbox 0 0 1528 4970">
    <p class='ocr_par' dir='ltr' id='par_1_21' title="bbox 0 0 1528 4970">
     <span class='ocr_line' id='line_1_54' title="bbox 0 0 1528 4970; baseline 0 0"><span class='ocrx_word' id='word_1_508' title='bbox 0 0 1528 4970; x_wconf 95' lang='lat' dir='ltr'><strong> </strong></span> 
     </span>
    </p>
   </div>
  </div>
 </body>
</html>
