3074 4960
550 440 756 500 URANIA.
780 442 870 502 VII-I.
897 450 957 503 10⁰.¹
1256 445 1317 508 149

179 608 221 682 ού
244 609 308 700 γύρ
332 614 400 682 ἐστι
422 607 557 698 Ἕλλησι
581 605 722 698 οὐδεμία
746 617 896 698 ἔκδυσις,
932 608 977 700 μή
999 606 1040 681 ού
1065 609 1183 693 δόντας
1217 612 1318 701 λόγον

179 717 247 784 τοῖν
266 716 424 800 ἐποίησαν
440 715 506 782 νύν
529 739 565 781 τε
583 713 637 780 καὶ
655 709 819 800 πρότερον
837 712 921 782 εἶναι
939 708 1018 794 σούς
1038 710 1186 794 δούλους.
1222 712 1316 803 μα’λι-

179 835 241 884 στα
263 817 325 903 μέν
341 842 407 884 νυν
423 815 528 883 ταῦτα
544 821 645 882 ποίεε.
683 819 728 882 Εἰ
750 809 782 881 δ’
801 809 865 902 ἄρα
887 841 937 884 τοι
954 811 1189 903 βεβούλευται,
1213 811 1316 886 αὐτόν

179 911 410 986 ἀπελαύνοντα
433 909 574 1002 ύαύγειυ
596 912 657 1002 τήν
679 911 851 1004 στρατιήν,
875 910 979 1002 ἄλλην
997 921 1060 1004 ἔχω
1079 917 1133 984 καὶ
1152 919 1187 984 ἐκ
1209 919 1315 986 τῶνδε

128 1014 319 1104 θθσβυυλήν.
356 1013 399 1084 σύ
418 1017 567 1106 Πέρσας,
586 1018 741 1104 βασιλεύ,
764 1013 809 1104 μή
827 1014 966 1106 ποιήσῃς
984 1013 1244 1102 καταγελάστους
1261 1045 1314 1104 γε·

178 1119 299 1188 νέσθαι
313 1113 458 1205 Ἕλλησι.
494 1111 597 1186 ούδὲν
619 1113 682 1206 γὰρ
706 1119 742 1186 ἐν
764 1133 849 1186 τοῖσι
873 1118 1024 1206 Πέρσῃσι
1048 1115 1224 1205 δεδήληται
1247 1121 1314 1188 τοῖν

179 1215 398 1308 πρηγμάτων,
416 1213 492 1288 οὐδ’
512 1219 630 1308 ἐρέεις,
648 1213 729 1288 ὅκου
747 1215 930 1307 ἐγενόμεθα
948 1215 1069 1308 ἄνδρες
1086 1225 1191 1288 κακοί.
1228 1225 1260 1287 εἰ
1277 1219 1314 1288 δὲ

180 1321 334 1401 Φοίνικές
355 1346 391 1389 τε
409 1320 463 1390 καὶ
483 1317 676 1408 Αἰγύπτιοι,
703 1321 759 1389 καὶ
777 1317 927 1410 Κύπριοί
941 1346 977 1388 τε
995 1321 1049 1388 καὶ
1068 1326 1202 1400 Κίλικες
1220 1321 1315 1390 κακοὶ

178 1484 296 1534 Bredov.
315 1501 342 1548 p.
359 1481 422 1546 388,
447 1483 491 1533 cui
509 1483 537 1532 in
553 1481 657 1532 talibus
674 1481 721 1532 ob·
806 1471 893 1533 ούδὲν
910 1473 964 1546 γδρ
983 1473 1015 1532 ἒν
1031 1483 1103 1532 τοῖσι
1121 1475 1245 1548 Πέρσῃσι
1268 1481 1314 1534 δε-

179 1553 257 1616 seqni
274 1551 364 1614 nolui,
383 1567 444 1602 curn
462 1565 555 1600 omnes
573 1550 636 1599 libri
653 1550 720 1600 scri·
773 1542 894 1618 δήλρταιΙ
905 1543 1151 1614 τῶνπρήγμύτων]
1165 1549 1315 1616 DIsplieuit

179 1619 220 1684 pti
237 1619 425 1683 refragentun
443 1633 495 1668 nee
513 1617 660 1668 obsecutus
678 1621 721 1668 est
772 1619 844 1667 τοῖσι
861 1617 942 1682 (qnod
961 1615 1043 1682 vulgo
1059 1622 1122 1682 post
1133 1611 1258 1682 Πέρσῃσι
1275 1617 1313 1668 Ic-

179 1686 352 1747 Dietschina,
365 1686 413 1800 qui
425 1691 518 1735 tamen
529 1701 590 1734 rnox
603 1700 664 1734 oum
677 1700 721 1734 eo·
773 1685 856 1748 gitur)
866 1685 978 1734 Pnuwio
989 1683 1134 1750 refingenti
1144 1685 1226 1747 τοῖσι,
1237 1685 1314 1734 item-

180 1753 241 1802 dem
256 1753 363 1802 Dindor
383 1768 413 1813 o,
433 1753 602 1802 assentiente
620 1751 721 1802 Bredo·
773 1767 825 1816 que
836 1751 959 1812 Reisho,
973 1752 1018 1815 qui
1029 1752 1146 1801 correxit
1157 1749 1274 1813 τοιοίδε,
1286 1757 1314 1802 et

152 1841 156 1850 ¹
179 1821 224 1872 vio
235 1837 261 1886 p.
275 1819 338 1881 374,
357 1820 468 1885 scripsit
485 1811 654 1885 δυσθύμεε,
673 1819 721 1868 ubi
773 1819 1033 1884 Schweighaeusero
1051 1818 1210 1868 emendanti
1226 1821 1314 1870 τεοῖσι

181 1903 232 1952 ego
255 1888 358 1938 retinui
383 1885 524 1952 vulgatum
548 1883 719 1951 δυσθύμει,
773 1888 832 1951 (pro
849 1887 936 1944 τοῖσι,
954 1885 1214 1946 ΙοτοιδΗοιοοιίολ)
1231 1887 1313 1951 idque

179 1954 250 2020 quod
262 1969 355 2005 omnes
367 1954 465 2020 scripti
481 1953 545 2004 libri
559 1957 586 2004 et
598 1953 665 2003 editi
679 1953 721 2003 ai·
773 1954 843 2004 adeo
856 1954 962 2018 recepit
975 1953 1112 2003 Gaisford.
1138 1953 1313 2016 Abreschiua,

179 2023 278 2073 ierunt.
772 2022 819 2138 qui
835 2022 908 2070 τοῖσι
921 2019 1045 2086 reliquit,
1064 2019 1091 2068 id
1109 2034 1170 2069 curn
1187 2022 1313 2085 sequenti

792 2084 928 2154 εδήληται
937 2089 1112 2147 coniunctum¹
1123 2087 1155 2136 ad
1167 2091 1216 2137 ilde
1227 2087 1313 2153 expli-

773 2160 819 2205 eat
832 2156 946 2205 Graecis.
970 2155 1105 2218 Equidem
1118 2171 1178 2205 curu
1191 2155 1314 2217 Scheef„

771 2223 879 2286 Negris.
903 2227 931 2272 et
954 2225 1069 2271 recentt.
1095 2221 1155 2272 edd.
1179 2222 1313 2286 probante
1380 2277 1383 2282 ,

770 2289 886 2340 Bredov.
906 2304 969 2354 pag.
987 2289 1037 2336 ⁴247
1060 2304 1093 2337 ae
1111 2289 1210 2338 dudum
1229 2293 1313 2338 antea

771 2356 970 2420 Weseeliugio,
993 2356 1022 2404 iu
1040 2355 1098 2404 cod.
1117 2355 1256 2404 Sancroiti
1275 2355 1313 2405 Ie·

771 2424 862 2472 ctione
876 2413 908 2474 ἒν
924 2423 1014 2471 τοῖσι
1027 2415 1151 2487 Πέρσῃσι
1163 2421 1313 2472 subsistere

771 2490 869 2550 malui;
891 2503 1008 2554 namque
1031 2489 1114 2554 iunge
1137 2489 1262 2554 equidem
1281 2480 1313 2538 ἐν

769 2559 843 2607 τοῖσι
856 2553 994 2622 Πέρσῃσι,
1007 2555 1060 2606 hoc
1073 2557 1130 2606 iere
1143 2570 1239 2606 seusu:
1259 2556 1311 2606 Ne·

771 2640 818 2690 qne
841 2627 905 2674 enirn
928 2625 953 2673 in
975 2623 1063 2673 Peraia
1086 2637 1108 2673 s.
1130 2625 1201 2688 apud
1216 2623 1313 2673 Persas

771 2693 799 2754 (i.
812 2707 835 2741 e.
848 2691 894 2740 nbi
904 2691 1007 2741 Persae
1020 2690 1187 2756 pugnarunt)
1199 2692 1313 2740 damnum

769 2763 842 2810 reliam
853 2766 911 2808 inae
923 2765 1044 2823 ceperant
1056 2773 1106 2808 res.
1136 2757 1226 2820 Quare
1239 2758 1312 2808 haud

769 2842 837 2893 opus
850 2817 881 2877 ἒν
892 2821 1017 2891 Πέρσῃσι
1030 2841 1164 2890 exponere
1176 2827 1313 2875 Persarum

769 2894 857 2959 cuipd,
889 2893 959 2958 quod
988 2893 1094 2960 placuit
1117 2892 1311 2953 Valckenario,

770 2961 939 3012 coniectanti
951 2977 1070 3026 quoqne:
1090 2951 1121 3011 ἒν
1130 2955 1259 3026 Πέρσῃσί
1267 2958 1315 3010 τοί

769 3046 795 3079 τι
809 3021 964 3094 δεδήληται
980 3043 1004 3078 τ.
1018 3044 1080 3092 πρε
1100 3045 1150 3078 noa
1166 3030 1230 3078 enim
1247 3028 1311 3077 Per-

767 3113 852 3147 sarum
874 3095 949 3161 crelpd
973 3097 1106 3162 quidquam
1127 3095 1216 3158 (sane)
1236 3094 1312 3145 aedua

768 3165 818 3214 teir
840 3167 941 3215 aliatum
961 3170 999 3214 est
1022 3164 1203 3213 detrimentive.
1247 3163 1312 3212 Ver-

768 3231 831 3281 bum
845 3229 1024 3296 δεδήλήσδαι
1039 3230 1085 3280 hic
1096 3229 1254 3295 significare
1266 3227 1312 3294 βε-

769 3291 917 3363 βλάφθαι,
935 3301 1028 3347 laesum
1045 3313 1112 3359 erse,
1132 3297 1203 3347 idam
1221 3301 1313 3346 monet

769 3363 904 3416 Valcken.
927 3364 1072 3415 conferens
1089 3364 1181 3428 Eurip.
1199 3363 1311 3428 Hippoi.

771 3433 827 3482 175.
840 3459 874 3468 —
891 3432 955 3482 Adi
974 3447 1032 3482 som
1048 3431 1164 3495 denique
1176 3429 1313 3478 Mardouii

201 2115 247 2173 ὀύ
264 2117 320 2188 γύρ
337 2114 394 2174 ἔστι
402 2112 517 2188 Ἕλλησι
535 2109 658 2186 ούδεμία
676 2114 720 2171 ἔα-

180 2187 274 2249 δυσις,
291 2185 330 2256 μή
349 2181 383 2241 ού
396 2183 499 2248 δόντας
511 2181 595 2253 λόγον
608 2205 633 2238 ιι.
646 2203 671 2237 τ.
685 2185 719 2253 L]

180 2258 197 2308 i.
212 2273 235 2307 e.
249 2274 328 2324 neque
345 2261 394 2308 ullo
411 2259 483 2308 modo
497 2257 590 2307 Graeci
606 2255 720 2320 effapere

178 2333 290 2390 possunt,
304 2327 362 2392 pain
371 2328 493 2375 rationem
504 2325 615 2374 reddant
625 2339 718 2380 corana,

180 2409 244 2458 qnae
260 2399 286 2442 et
302 2408 366 2442 nanc
381 2399 406 2442 et
423 2399 500 2442 antea
512 2391 630 2455 fecerunt
642 2407 673 2440 oc
684 2391 722 2438 tui

179 2462 229 2510 rint
241 2459 330 2522 (fient)
342 2461 416 2510 serui.
442 2459 517 2508 Idem
531 2473 591 2508 esse
604 2459 644 2508 ait
657 2457 720 2506 Val-

135 2570 136 2574 ,
180 2526 340 2577 ekenarius:
359 2517 378 2576 α’
399 2522 509 2593 ήγανύν
521 2513 717 2588 ἐστινἘλλησι

179 2593 224 2645 vel
243 2589 318 2644 ἔστιν
335 2543 455 2660 τύδἐμία
467 2585 596 2660 μηχανή,
613 2591 720 2642 Inudat-

179 2677 230 2728 que
243 2661 373 2728 deinceps
385 2661 418 2711 ob
431 2662 545 2712 eandem
556 2663 719 2709 structuram

177 2729 279 2779 Herod.
293 2729 330 2791 II,
346 2727 401 2779 181.
416 2729 468 2792 ΙΙΙ,
481 2727 522 2778 51.
536 2723 595 2776 209.
609 2727 645 2788 ΙΙ,
662 2724 718 2774 160.

177 2797 294 2847 Lucian.
308 2797 343 2846 11.
355 2813 382 2862 p.
395 2795 454 2846 50³.
490 2792 554 2860 [Pro
567 2795 649 2858 imag.
663 2789 718 2859 ²4]

177 2865 219 2914 Τιι
235 2865 290 2914 vid.
310 2863 396 2913 ellata
413 2863 447 2912 ad
459 2863 540 2924 VIII,
553 2861 594 2912 57.
630 2863 719 2911 Locu-

176 2933 280 2981 tionem
298 2925 413 2982 διδόναι
431 2923 528 2995 λόγον,
553 2943 623 2994 qnae
648 2928 719 2978 olias

176 2999 253 3048 valet
263 3015 346 3049 aecum
358 3005 491 3063 reputare,
510 2997 666 3058 deliberare,
687 3000 719 3044 ut

176 3065 254 3128 VIII,
267 3065 298 3127 9,
311 3065 338 3118 h.
351 3065 369 3114 l.
383 3066 504 3129 accipio:
522 3067 645 3114 rationem
657 3065 716 3113 red-

176 3135 238 3184 dere
252 3149 356 3196 eorum,
376 3148 445 3198 quae
458 3131 518 3182 soil.
532 3132 670 3192 fecerunt,
689 3135 719 3179 ut

176 3201 230 3264 III,
254 3199 297 3250 50.
332 3201 373 3250 Ad
397 3215 492 3250 vocern
517 3190 638 3258 δούλους
660 3197 717 3248 vid.

176 3273 245 3318 nott.
259 3268 293 3318 ad
306 3267 365 3330 VII,
378 3267 403 3317 5.
431 3267 483 3317 Cui
495 3267 566 3332 quod
579 3265 719 3316 antecedit

178 3328 256 3396 τούς,
276 3335 336 3385 eius
348 3335 409 3385 loco
422 3349 492 3384 unns
503 3333 574 3384 liber
590 3325 671 3396 τούς,
689 3332 717 3380 in

177 3395 409 3467 quoaeor'rclatere
419 3400 717 3466 suspicatanchweig·

176 3468 717 3532 haeuser.ProaoieeSchaeierns‚quom
882 3499 888 3512 .
997 3499 1003 3512 .
1102 3499 1107 3510 .
1199 3496 1205 3508 .

176 3541 326 3602 sequuntur
334 3536 470 3587 Matthiae
481 3534 667 3594 etBekkerns,
678 3533 723 3583 de·
769 3499 1125 3631 ῗῧῗξωέὲηῗωῦᾗῖρξὲἶᾞ
1137 3496 1311 3623 33ῑέοέἒὲῙὲ

176 3598 717 3736 ΗΜ,
903 3623 1023 3689 νυν

176 3739 228 3801 ¹v·
244 3738 315 3820 ιν
770 3697 1085 3832 λυπήσουσι
1102 3686 1311 3816 nnnc

177 3806 237 3856 dem
255 3807 412 3858 mhennbus
425 3821 486 3856 Μ
503 3820 634 3855 remam
646 3819 719 3852 Μ’
771 3837 859 3888 calem
883 3835 1040 3900 plerumque
1061 3803 1182 3882 adiicere
1206 3831 1310 3882 solent:

770 3905 825 3956 vid.
843 3903 958 3954 Bredov.
976 3917 1039 3966 pag.
1058 3899 1120 3962 212,
1144 3915 1196 3965 que
1214 3900 1310 3950 eodem

770 3971 882 4050 iubente
904 3985 930 4034 p.
949 3967 999 4020 376
1019 3967 1192 4048 scribendum
1212 3957 1308 4030 ἐρέεις,

209 4097 300 4174 ύλλήν
317 4102 371 4174 ἔγω
386 4105 436 4160 καλ
454 4099 485 4159 ἔα
497 4106 587 4158 τοῖνδε
600 4097 716 4174 βουλήν]
768 4037 941 4158 Ιδῑδδδοοδήθω
969 4035 1103 4086 dederunt
1125 4034 1252 4087 Dmdorf·
1282 4039 1310 4085 et

176 4179 194 4226 i.
208 4191 232 4227 e.
247 4178 317 4226 atiud
331 4177 411 4234 dobeo
429 4176 468 4239 (iu
485 4175 621 4242 promptu)
637 4176 718 4226 σοντι·-
804 4166 832 4223 ei
843 4165 875 4222 δὲ
888 4167 1019 4229 Φοίνικες
1029 4168 1154 4220 -ιιαιιοΙ
1167 4161 1308 4248 ἐγξνρντο]

174 4243 719 4310 ἱίοιιινιΙεαΙιίι(ρυοιιιοδοιοοοοουνο-
770 4240 830 4290 Vid.
848 4239 926 4300 VIII,
943 4237 984 4288 68.
1025 4240 1057 4289 In
1079 4253 1154 4303 seqq.
1174 4251 1210 4286 τα
1230 4235 1310 4301 ηδεα

175 4311 252 4375 dae);
274 4311 357 4377 vulgo
375 4301 406 4362 ἐκ
422 4309 512 4362 τῶνδε
530 4309 645 4361 reddunt
659 4315 719 4374 port
769 4307 902 4357 Herodoti
919 4323 952 4356 ex
966 4321 1017 4356 usn
1034 4303 1161 4356 dicuntur
1176 4304 1311 4364 domicilio,

174 4380 246 4430 daec.
769 4376 856 4438 aedes,
875 4378 906 4424 nt
917 4373 968 4436 IV,
985 4371 1027 4422 76.
1039 4371 1080 4422 80.
1095 4373 1132 4432 V,
1147 4370 1187 4420 14.
1205 4369 1237 4420 15
1254 4373 1308 4420 etc.

176 3889 251 3938 γειν,
275 3890 292 3923 a
309 3873 459 3924 Schnefero
481 3873 563 3922 unIua
581 3870 720 3949 Sapcroiti

176 3941 236 4024 cod.
247 3941 413 3991 auctoritate
427 3945 558 3991 mutatum
570 3940 598 3989 in
608 3954 718 4004 απαγα-

175 4023 247 4073 γειν.
