2984 4962
307 475 365 534 DE
389 475 492 534 VITA
513 475 570 532 ET
594 473 786 533 SCRIPTIS
806 472 1043 535 HERODOTI.
1183 479 1244 542 433

190 647 265 713 Alis,
287 663 358 716 quae
374 646 408 698 ed
423 645 549 714 singulos
564 645 699 698 Herodoti
716 645 791 698 locos
811 644 991 698 illustrandos
1008 647 1163 716 pertinent,
1184 647 1243 700 sais

107 749 231 802 quaeque
246 731 314 784 loeis
329 731 527 784 indicavimus:
546 730 614 782 satis
626 737 686 783 erat
697 731 747 782 hoc
759 730 817 782 loco
830 747 863 783 ea
874 730 978 800 scripta
989 749 1159 798 enumerare,
1174 748 1244 802 quae

106 817 148 869 rel
166 817 193 868 in
215 816 374 869 universum
389 815 523 868 Herodoti
540 815 733 885 geographiam
751 821 886 882 tractant,
912 817 955 868 rel
976 817 1091 868 maiores
1113 817 1244 885 quasdem

107 909 199 970 partes
217 901 367 954 illustrant.

639 1089 665 1152 s.
685 1089 711 1140 s.

189 1239 231 1292 De
248 1237 372 1290 lontibus
388 1236 519 1290 historiae
537 1237 710 1290 Herodoteae
726 1237 825 1291 dicturi
847 1237 1048 1307 proficiscimur
1064 1257 1078 1290 e
1094 1238 1153 1292 loco
1175 1239 1244 1292 clas-

106 1322 162 1376 sico
176 1323 213 1390 ll,
224 1325 273 1387 99,
290 1322 363 1375 unde
376 1324 505 1393 triplicem
516 1323 575 1374 fere
587 1323 754 1374 narrationis
771 1325 872 1376 fontem
888 1323 977 1375 luisse
992 1323 1121 1394 scriptori
1133 1323 1245 1392 colligas

106 1414 232 1460 accurate
255 1406 423 1460 discernenti
440 1407 514 1460 inter
535 1424 582 1474 ea,
601 1425 672 1477 quae
692 1425 708 1459 a
729 1426 760 1460 se
782 1408 843 1477 ipso
859 1407 919 1460 visa
940 1415 967 1460 et
987 1414 1134 1477 conspecta
1153 1409 1248 1460 retulit

106 1485 201 1562 (ὄψις)
217 1497 245 1543 et
259 1491 331 1544 inter
345 1510 386 1558 ea,
403 1509 473 1562 quae
485 1511 518 1545 ex
534 1492 595 1544 aliis
610 1491 777 1544 sciscitando
790 1492 919 1560 cognovit
930 1488 1071 1564 (ἴστορίη),
1084 1502 1112 1546 et
1126 1493 1245 1563 denique

106 1578 179 1629 inter
196 1593 243 1642 ea,
267 1593 337 1646 qaae
352 1593 403 1630 sua
419 1577 508 1647 ipsios
531 1577 659 1646 opinione
674 1577 774 1630 ductus
795 1577 893 1630 statuit
913 1571 1047 1648 (γνώμη).
1081 1578 1171 1630 Verba
1186 1577 1247 1647 ipsa

107 1662 233 1714 afferam:
252 1658 327 1730 μέχρι
346 1658 395 1730 μὲν
410 1656 511 1716 τούτου
533 1655 601 1729 ὄψις
616 1679 645 1716 τε
666 1656 715 1732 ἐμὴ
732 1660 780 1714 aul
801 1657 898 1731 γνώμη
913 1661 961 1716 καὶ
980 1658 1084 1731 ἱστορίη
1105 1665 1193 1718 ταῦτα
1207 1659 1247 1716 λέ-

106 1740 194 1816 yooari
214 1740 285 1800 iere·
313 1740 344 1800 τὸ
366 1743 396 1800 di
419 1740 475 1800 aiud
496 1747 593 1816 τοῦδε,
615 1744 781 1815 Αἰγυπτίους
804 1743 914 1815 ἔρχομαι
936 1742 1036 1816 λόγους
1057 1741 1153 1816 ἐρέων,
1174 1741 1245 1801 κατὰ

105 1825 265 1900 ἤκουον’)
293 1829 438 1900 προσέσται
458 1828 487 1885 di
504 1826 615 1886 αὐτοῖσί
630 1852 657 1886 τι
674 1831 723 1886 καὶ
744 1833 793 1901 τῆς
810 1827 875 1901 ἐμῆς
896 1825 991 1901 ὄψιος.
1027 1831 1068 1884 Ad
1085 1849 1156 1902 quse
1172 1833 1245 1884 conl.

107 1923 175 1971 nott.
192 1933 254 1985 pag.
270 1919 323 1970 949
339 1935 397 1987 seq.
414 1917 474 1973 Vol.
490 1918 512 1970 1.
542 1917 611 1970 Nam
628 1917 786 1986 ubicunqne
800 1917 960 1970 Herodotus
978 1933 1032 1969 non
1051 1935 1182 1987 expresse
1198 1917 1245 1969 ad·

106 2002 163 2068 dit,
178 2019 209 2053 se
226 2003 259 2054 ab
273 2001 334 2054 aliis
351 2002 475 2055 edoctam
491 2003 558 2055 haec
575 2019 719 2070 enarrare,
735 2003 796 2071 ipse
813 2003 880 2054 haec
894 2002 1050 2072 inspexisse
1066 2002 1186 2073 indeque
1204 2021 1246 2055 re-

106 2085 204 2138 tulisse
216 2087 356 2156 putandus
368 2096 420 2140 est.
451 2087 641 2156 Quaecunque
653 2088 714 2139 aliis
726 2087 822 2140 debuit
833 2092 882 2139 aut
895 2087 1006 2140 aliunde
1018 2095 1132 2157 accepta
1142 2087 1246 2154 retulit,

106 2189 138 2224 ea
155 2189 209 2222 non
227 2171 281 2224 nisi
296 2173 388 2238 sonte,
411 2189 444 2224 ex
458 2189 513 2243 quo
529 2179 688 2240 manarunt,
708 2171 828 2224 indicato
844 2171 916 2224 solet
928 2173 1043 2238 afferre,
1064 2172 1169 2226 addens
1185 2189 1246 2224 ver-

106 2257 170 2307 bum
185 2253 254 2324 φασὶ
275 2265 323 2308 aut
340 2253 447 2324 λέγουσι
469 2263 517 2309 aot
537 2255 623 2309 simile
646 2257 726 2326 quid:
750 2258 823 2309 unde
846 2256 889 2308 vel
912 2257 1039 2308 itinerum
1056 2258 1090 2309 ab
1105 2257 1248 2309 Herodoto

107 2343 240 2394 tactorum
254 2341 409 2394 testimonia
425 2341 496 2393 haud
511 2359 574 2394 raro
591 2342 678 2411 repeti
695 2359 777 2412 posse
791 2358 877 2411 supra
892 2345 917 2406 s.
934 2347 948 2394 'l
968 2341 1095 2393 vidimus.
1126 2341 1165 2393 Et
1182 2341 1247 2392 lraec

106 2435 161 2479 tam
176 2433 272 2494 aperta
287 2432 354 2477 sunt
371 2425 455 2496 inque
471 2426 620 2494 conspicuo
639 2426 746 2496 posita,
771 2433 802 2478 ut
817 2443 894 2478 nemo
910 2427 1069 2495 quisquam,
1093 2425 1146 2477 nisi
1167 2442 1246 2494 prae-

108 2517 240 2578 occupato
256 2509 355 2562 iudicio
368 2519 480 2580 captos,
496 2509 649 2578 intelligere
662 2516 794 2580 nequest:
812 2511 881 2564 illud
894 2529 958 2563 vero
973 2510 1087 2577 gravius
1100 2517 1183 2578 atque
1195 2509 1245 2561 dii-

110 2593 209 2648 hcilius
223 2593 409 2662 constituere,
428 2595 534 2664 siquos
550 2595 618 2648 alios
633 2603 776 2666 praeterea
791 2597 883 2648 sontes
894 2596 999 2648 Noster
1012 2593 1125 2663 adierit,
1141 2595 1166 2646 si
1180 2593 1248 2646 alio-

108 2695 167 2732 rum
181 2679 285 2748 scripta
299 2679 471 2734 consuluerit
485 2687 513 2733 et
528 2698 561 2732 cx
575 2681 610 2734 iis
627 2681 697 2734 haud
714 2697 801 2750 pauca
813 2681 855 2732 hic
867 2679 961 2732 illicia
975 2696 1042 2732 suos
1055 2679 1139 2732 libros
1156 2687 1247 2731 trans-

108 2764 217 2818 tulerit:
245 2766 406 2834 praesertim
424 2783 483 2818 carn
501 2771 565 2818 ante
582 2765 751 2818 Herodotum
778 2765 872 2835 plures
888 2771 997 2818 constet
1014 2764 1103 2817 fuisse
1121 2763 1247 2832 logogra-

107 2850 177 2919 phos
189 2849 250 2902 sire
266 2867 354 2903 reram
367 2850 533 2920 scriptores,
549 2851 651 2920 quibus
665 2851 735 2921 ipsis
747 2850 881 2904 Nostrum
896 2849 1090 2920 quodammodo
1102 2866 1249 2902 accensere

108 2935 197 2987 liceat.
236 2935 294 2988 Hos
310 2953 377 2988 vero
395 2936 419 2988 si
433 2935 594 2989 Herodotus
610 2934 781 2988 consuluerit
797 2943 825 2988 ct
844 2934 871 2986 in
888 2951 967 2988 usam
983 2951 1062 2987 suum
1084 2934 1248 3000 adhibuerit,

107 3019 223 3072 indicari
241 3021 336 3090 utique
354 3029 569 3074 consentaneum
591 3029 634 3074 est
656 3039 672 3073 a
688 3021 824 3089 scriptore
841 3019 942 3090 alioqui
965 3019 992 3071 in
1015 3021 1117 3072 talibus
1135 3027 1187 3072 tam
1204 3035 1247 3070 ac—

107 3112 212 3156 curato.
249 3105 282 3155 ht
296 3105 341 3156 vix
356 3105 438 3156 ullum
453 3111 557 3158 certum
570 3107 652 3158 huius
668 3106 709 3158 rei
724 3105 829 3174 uspiam
844 3113 935 3158 exstat
948 3104 1112 3172 vestigium,
1128 3105 1182 3156 nisi
1195 3105 1247 3157 He-

107 3190 194 3241 cataei
204 3189 314 3253 Milesii,
331 3189 364 3240 de
377 3206 431 3257 quo
446 3189 577 3242 continuo
594 3205 688 3242 sumus
701 3189 815 3256 dicturi,
832 3190 993 3242 mentionem
1008 3189 1061 3241 huc
1075 3191 1179 3242 reterre
1195 3205 1248 3240 ma-

109 3272 159 3324 lis:
184 3289 244 3324 nam
259 3271 332 3340 quod
352 3272 385 3324 ad
401 3272 542 3328 Xanthum
566 3274 725 3342 respexisse
750 3273 846 3326 volunt
859 3274 1028 3328 Herodotum
1043 3274 1071 3339 1,
1090 3275 1138 3337 93,
1161 3275 1194 3324 de
1217 3289 1249 3324 eo

110 3373 184 3408 οοοσ
202 3374 255 3408 uon
271 3355 370 3423 dicam,
393 3357 419 3408 id
439 3373 522 3408 unum
536 3365 611 3409 certo
633 3358 697 3425 poni
713 3375 795 3426 posse
811 3366 906 3424 ratus,
928 3358 1097 3410 Herodotum
1112 3357 1139 3408 in
1156 3357 1249 3423 Lydo-

111 3457 169 3493 rum
183 3442 265 3493 rebus
278 3441 439 3492 enarrandis
450 3441 550 3492 Xanthi
563 3441 666 3510 scripto
677 3441 782 3492 minime
795 3441 970 3510 compilasse:
987 3441 1042 3495 vid.
1055 3440 1146 3492 Veii.
1161 3459 1187 3508 p.
1198 3443 1250 3492 204

109 3544 169 3596 seq.
201 3527 260 3579 Nec
276 3525 356 3578 aliter
371 3525 514 3577 statuerim
531 3525 565 3576 de
582 3527 704 3580 Chorene
715 3527 897 3596 Lampsaceno
908 3523 970 3592 **),
987 3525 1025 3576 oti
1040 3525 1091 3577 iam
1105 3523 1162 3576 dixi
1176 3525 1210 3576 sd
1227 3523 1249 3590 l,

109 3659 311 3667 ——-....-—-

176 3739 204 3808 *)
222 3743 263 3792 Ex
282 3742 326 3792 his
345 3742 411 3806 ipsis
424 3741 516 3791 verbis
535 3747 649 3807 patariam
668 3741 736 3792 adeo
749 3743 937 3792 narrationum
950 3756 1036 3806 genus
1049 3740 1180 3790 constitui
1192 3739 1251 3790 vult

110 3811 264 3875 Lahmeyer
283 3810 336 3872 (De
355 3809 444 3860 libelli
462 3808 622 3860 Plutarchei
641 3811 686 3874 qui
705 3810 738 3858 de
757 3809 931 3873 malignitate
943 3809 1074 3859 Herodoti
1093 3807 1251 3858 inscribitur

110 3880 277 3930 auctoritate
300 3877 400 3944 pag.8
423 3875 509 3944 seq.)‚
533 3877 581 3927 ubi
603 3877 771 3940 Herodotus,
796 3893 856 3928 eum
879 3893 967 3942 neque
991 3877 1107 3926 testibus
1131 3875 1249 3926 oculatis

109 3963 198 4011 neque
223 3947 318 3996 auritis
341 3946 381 3995 uti
405 3945 531 3996 licuisset
554 3945 743 4010 „simpliciten
764 3961 941 4010 quaecunque
962 3943 1081 4006 audivit,
1102 3944 1249 3994 memoriae

109 4014 230 4079 prodidit
253 4005 339 4080 (aurci
362 4003 495 4079 ἧκοοοο);
522 4012 555 4063 de
580 4013 679 4077 quibua
702 4013 771 4062 nihil
797 4013 871 4063 aliud
896 4013 976 4063 nobis
997 4011 1164 4078 persuadere
1183 4011 1249 4068 vult.

111 4081 165 4131 nisi
184 4097 281 4132 revera
300 4083 340 4132 its
357 4086 472 4142 narrari,
492 4095 554 4131 cum
572 4081 606 4130 de
625 4081 761 4131 laetorum
780 4081 898 4131 veritate
918 4082 976 4146 ipse
996 4079 1068 4130 haud
1086 4095 1148 4129 roro
1167 4079 1250 4128 dubia

313 4150 330 4175 ii
810 4149 816 4160 ⁹
1096 4148 1102 4159 ⁸

109 4149 332 4280 tntilli
349 4146 1165 4282 itit⁰11tt⁰ttttth¹¹tt¹¹tilitsttittinliti·
1175 4162 1248 4277 liii

110 4285 169 4350 (die
188 4283 279 4364 blosse
296 4283 380 4364 Saga)
400 4286 564 4335 continetur.
600 4285 670 4334 Mihi
687 4285 740 4334 hoc
759 4289 787 4365 et
804 4285 891 4350 ipsum
911 4284 946 4334 ad
965 4283 1154 4350 sepertinere
1173 4282 1248 4332 vide·

110 4361 163 4414 mr,
178 4346 889 4484 'Qailaidduiiiv'i'rcsiiiiiliidieid'ctiodldpliiiiirilancnp.
913 4418 947 4468 to
968 4416 1062 4484 (quem
1080 4418 1108 4466 in
1126 4421 1194 4466 nott.
1215 4415 1249 4465 ad

111 4491 134 4550 l,
156 4487 202 4538 107
222 4487 378 4550 exscripsi),
397 4487 445 4538 ubi
463 4487 497 4537 de
514 4489 636 4553 Astyage
656 4495 683 4538 et
701 4488 838 4538 Mandane
857 4488 1011 4538 Herodotus
1032 4488 1145 4546 citatur,
1173 4484 1248 4533 eddi-

168 4591 325 4634 usnooor.
343 4592 382 4632 xv.
1007 4575 1048 4635 28
