3066 4964
571 944 926 1029 EXCURSUS

646 1119 695 1171 uo
715 1118 787 1186 vm,
803 1123 845 1172 co.

394 1403 438 1462 Do
456 1403 615 1463 Erechthei
632 1407 739 1480 Ιοιιηιλο
755 1406 786 1464 iu
810 1404 992 1463 Athenarum
1014 1419 1095 1461 orco.

263 1575 364 1627 Scribit
381 1575 540 1627 Herodotus
558 1575 632 1643 vm,
657 1581 705 1628 hh:
726 1572 797 1629 ἔστι
817 1571 846 1630 έν
867 1577 901 1648 τῇ
919 1568 1054 1643 ἀκροπόλι
1071 1567 1158 1645 ταύτῃ
1174 1567 1315 1642 Ἐρεχθέος

178 1664 227 1716 τοῦ
243 1658 371 1730 γηγενέος
387 1657 533 1728 λεγομένου
550 1657 622 1715 εἶναι
636 1655 717 1731 νηὸς,
738 1655 768 1714 έν
781 1663 822 1734 τῷ
842 1655 917 1730 έλαίη
932 1679 960 1714 τε
982 1657 1030 1713 καὶ
1042 1647 1171 1713 θάλασσα
1184 1655 1239 1725 ἔνι,
1255 1659 1315 1728 qui-

178 1747 231 1799 bus
253 1745 345 1797 verbis
367 1751 499 1811 testetur,
520 1767 569 1799 suo
592 1747 672 1817 ipsios
696 1757 783 1800 octote
811 1744 921 1818 (ἔστι)
944 1745 971 1796 iu
997 1763 1029 1796 ee
1055 1761 1117 1796 erce
1139 1745 1315 1811 Athenarum,

178 1849 258 1903 quom
273 1831 378 1882 Xerxes
394 1829 481 1899 cepit,
499 1831 587 1884 tuisse
603 1831 749 1884 Erechthei
765 1831 840 1884 terrei
862 1831 919 1884 noti
941 1831 1047 1895 eedem,
1071 1829 1098 1880 in
1124 1844 1178 1898 clue
1198 1828 1316 1899 (adhuc)

177 1915 336 1968 invenietur
357 1915 416 1966 oles
436 1921 464 1966 ct
485 1933 572 1968 errore:
596 1933 667 1987 quem
690 1918 750 1986 ipsa
765 1915 971 1969 Atheniensium
991 1916 1061 1968 fania
1080 1916 1136 1966 fert
1160 1914 1316 1966 testimonie

177 2001 306 2071 posuisse
322 1999 471 2053 Vulcanum
487 2011 515 2052 et
530 2001 698 2069 Minervam,
715 2019 774 2053 curn
796 2003 830 2054 de
851 2002 900 2053 hac
915 2007 990 2052 terre
1002 1999 1062 2051 olim
1078 1994 1314 2065 decer·tessent*).

176 2086 347 2138 Revocemur
360 2085 402 2136 his
418 2084 510 2138 verbis
525 2086 559 2137 ud
574 2086 766 2156 errtiqrrissinm
781 2087 947 2139 Athenarum
968 2093 1090 2154 tempora
1106 2091 1133 2136 et
1151 2084 1184 2136 ad
1201 2084 1314 2151 primor-

177 2171 222 2222 dio
238 2185 327 2224 rerum
344 2169 502 2236 Atticarum,
519 2170 639 2240 adquae
655 2171 752 2224 haecce
770 2170 916 2224 Erechthei
931 2170 1030 2236 cedes,
1047 2185 1118 2239 quae
1136 2185 1194 2223 cum
1212 2169 1315 2220 Miner·

179 2273 228 2308 vae
248 2253 369 2306 Poiiedis
390 2253 456 2306 aede
471 2255 618 2307 coniuncte
640 2264 714 2324 erat,
736 2255 777 2308 sic
791 2256 938 2324 pertinuit,
965 2262 996 2307 ut
1017 2257 1114 2307 haecce
1137 2254 1218 2306 aedes
1245 2253 1315 2304 anti-

177 2340 333 2408 quissimum
359 2347 387 2389 et
410 2339 607 2391 sanctissimam
631 2341 780 2392 Atticarum
803 2340 964 2408 religionum
992 2348 1094 2410 partem
1120 2339 1317 2391 constitueret:

177 2440 291 2492 eamque
317 2424 350 2473 ob
372 2439 480 2475 censam
493 2423 637 2492 Epidaurii
662 2441 772 2494 quoque
793 2443 871 2477 secra
894 2424 1043 2494 ‹leotsnuis
1068 2425 1168 2476 otierre
1184 2423 1315 2474 iubentur

177 2509 211 2579 ιη
221 2502 351 2579 treuvae]
367 2525 395 2560 n
410 2507 444 2578 τῇ
454 2495 573 2561 noete
585 2505 634 2561 και
647 2510 684 2580 τῷ
695 2501 817 2578 ὀρέγοι-ι·
833 2511 913 2577 vee,
931 2509 977 2561 ubi
992 2509 1047 2561 vm.
1066 2517 1135 2561 noe.
1163 2509 1276 2560 mecum
1287 2507 1315 2559 m

95 2635 97 2640 .
178 2600 222 2644 est
235 2591 308 2644 circo
324 2591 477 2660 Olympied.
495 2593 551 2657 LX,
574 2601 637 2646 ante
653 2593 758 2646 Persici
774 2593 837 2646 behi
854 2601 989 2662 temporo,
1014 2593 1116 2663 quibus
1130 2594 1199 2645 hanc
1211 2593 1315 2645 Erech-

177 2677 233 2729 thei
247 2669 516 2748 οεοοιο,Ἐρεχθῆος
530 2673 652 2732 πυκινὰν
667 2672 755 2746 δόμον
772 2679 983 2732 diuitHomerus
998 2677 1101 2746 Odyss.
1119 2679 1181 2745 VH,
1196 2680 1240 2746 81,
1260 2677 1316 2730 und

177 2779 236 2814 cum
252 2761 367 2834 reliquis
383 2779 407 2814 s.
425 2763 532 2833 templis
549 2783 572 2816 s.
590 2763 722 2817 aedificiis
738 2765 809 2817 ercis
821 2763 959 2815 incensam
975 2781 1037 2815 esse
1057 2764 1099 2816 hic
1114 2761 1314 2833 ipseHerodoti

176 2847 253 2900 iocus
274 2841 458 2914 testetur**).
489 2851 527 2900 Ac
551 2849 575 2900 si
593 2847 659 2918 quid
675 2857 731 2902 tum
753 2849 888 2919 retiquum
903 2847 972 2918 fuit,
994 2849 1068 2917 quod
1085 2867 1101 2900 a
1122 2848 1235 2900 flammis
1250 2865 1315 2900 cou-

176 2937 310 3002 sumptum
322 2950 376 2984 non
394 2939 437 2986 est
453 2965 490 2973 -—
507 2940 535 2986 et
550 2933 680 2987 credibile
700 2953 767 2987 sene
783 2941 840 3000 eet,
857 2951 911 2986 uon
930 2934 1018 2986 omnie
1033 2951 1149 3004 prorsus
1165 2933 1314 2996 interiisse,

176 3016 304 3087 quonism
326 3015 447 3070 secundo
469 3026 534 3088 post
551 3019 706 3072 incendium
729 3020 772 3072 die
789 3019 973 3072 Athenienses
997 3019 1071 3086 regis
1086 3019 1175 3088 ipsius
1191 3019 1269 3071 iussu
1286 3018 1313 3069 iu

176 3118 264 3154 arcem
290 3102 439 3154 ascendere
466 3103 612 3170 iubentur,
641 3121 720 3157 sucro
747 3103 847 3157 incurri
869 3135 912 3144 --
938 3110 1027 3156 temen
1056 3105 1198 3173 postmodo
1227 3103 1316 3155 onmia

176 3189 318 3254 absumpta
333 3193 423 3237 scureto
433 3187 586 3255 hlnrdouio,
603 3189 648 3257 qui
665 3191 794 3241 exAttice
810 3188 986 3240 inBoeotiem
1003 3189 1161 3256 regreditur
1176 3178 1315 3256 ἐμπρήσας

175 3290 203 3325 τε
220 3265 270 3332 τὰς
284 3263 415 3339 Ἀθήνας,
431 3268 479 3324 καλ
494 3271 523 3324 εἴ
536 3289 587 3324 κου
603 3291 628 3324 τι
648 3266 739 3340 ὀρθὸν
755 3263 792 3342 ἦν
811 3271 867 3324 τῶν
882 3269 992 3341 τειχέων
1009 3263 1028 3341 ἢ
1043 3275 1098 3326 τῶν
1119 3262 1277 3341 οἰκημάτων
1297 3265 1316 3339 ἢ

174 3357 230 3410 ’τῶν
252 3353 334 3425 ΐρῶν,
355 3348 447 3408 πάντα
471 3348 635 3426 καταβαλών
656 3355 704 3410 καὶ
723 3351 879 3427 συγχώσας,
901 3365 932 3409 ut
953 3358 1058 3410 Noster
1080 3357 1165 3408 trudit
1189 3357 1242 3423 ΙΧ,
1269 3358 1315 3409 13:

176 3457 337 3511 quemquam
358 3440 423 3493 haec
445 3441 506 3510 ipso
529 3439 663 3492 Herodoti
689 3443 772 3494 verbe
798 3441 886 3494 minus
912 3442 1008 3494 stricte
1030 3441 1115 3510 accipi
1142 3440 1200 3492 vuit
1224 3440 1315 3492 Leohe

178 3525 384 3596 [Topogrephie
400 3543 427 3579 v.
445 3526 543 3577 Athen.
566 3543 628 3594 ρας.
644 3529 661 3580 t)
679 3526 721 3578 ed.
739 3519 983 3595 Turiceus.***)]‚
1005 3525 1049 3577 cui
1071 3541 1164 3595 parum
1186 3523 1316 3576 credibile

242 3705 270 3774 *)
288 3709 380 3759 Verba
397 3707 530 3759 Herodoti
548 3713 624 3756 erint:
645 3697 676 3758 έν
689 3707 726 3758 τῶ
741 3699 822 3772 έλαιή
836 3723 865 3757 τε
882 3703 931 3758 καλ
954 3698 1087 3756 θάλασσα
1106 3701 1162 3766 ένι,
1180 3699 1214 3755 τὰ
1233 3697 1315 3772 λόγος

176 3765 247 3839 παρ’
263 3765 421 3842 Ἀθηναίων
434 3767 617 3827 Ποσειδέωνά
629 3791 658 3826 τε
671 3762 722 3827 καλ
730 3767 893 3840 Ἀθηναίην,
907 3767 1057 3838 ἐρίσαντας
1072 3769 1138 3836 περὶ
1154 3773 1204 3840 τῆς
1215 3771 1315 3840 χοέρης,

175 3835 318 3909 μαρτύρια
330 3841 452 3896 θέοθαιι
473 3859 543 3909 quoe
562 3843 648 3894 verbo
666 3845 731 3924 quid
749 3843 918 3908 significent,
936 3843 964 3892 in
982 3847 1051 3920 nott.
1071 3843 1262 3893 indicavimus.

242 3910 281 3974 '‘*j
295 3913 397 3964 Scribit
412 3913 483 3963 euim
496 3913 606 3962 Noster:
624 3928 734 3976 ταυτην
746 3899 786 3962 oin
798 3905 850 3976 τὴν
874 3903 973 3976 έλαίην
994 3927 1064 3974 αμα
1087 3909 1130 3974 τῷ
1146 3903 1235 3974 ἄλλῳ
1253 3903 1314 3976 ἶρῴ

177 3976 315 4046 κατέλαβε
328 3973 529 4046 ἐμπρησθῆναι
543 3969 599 4030 cirro'
612 3979 667 4029 coin
680 3971 839 4046 βαρβάρων.
867 3979 956 4044 Atque
971 3979 1064 4028 codem
1077 3979 1223 4044 pertinent,
1245 3995 1313 4042 ιμιιιο

178 4051 261 4096 antee
281 4049 408 4114 leguntur
425 4065 485 4114 cup.
504 4048 536 4098 53
551 4047 604 4108 fin,
623 4049 669 4097 uhi
693 4049 803 4098 barbari
827 4046 1040 4096 Atheniensibus
1057 4047 1181 4096 ornnihns
1206 4047 1262 4110 (qui
1287 4047 1314 4095 in

177 4115 306 4180 templum
332 4116 528 4181 confugerunt)
550 4117 705 4166 intersectis
723 4111 760 4165 τὸ
785 4109 863 4178 ἱρὸν
880 4108 1050 4180 συλήσαντες
1075 4107 1315 4178 ἐνέπρησαν

176 4180 273 4232 πᾶσαν
290 4177 343 4249 τὴν
361 4175 530 4248 ἀκρόπολιν,
552 4189 580 4234 ot
599 4183 694 4234 eodem
718 4197 799 4234 sensu
815 4184 916 4234 Noster
936 4183 1056 4248 loquitur
1077 4199 1139 4248 cop.
1158 4183 1190 4231 iod
1210 4183 1254 4231 tin.
1280 4183 1312 4231 dc

176 4252 267 4300 Xerxe
287 4241 503 4318 ἐμπρήσαντι
519 4245 556 4300 τὸ
575 4244 661 4315 ἱρόν.

243 4314 297 4378 ***)
310 4319 382 4368 Idem
394 4321 451 4369 fero
464 4318 652 4370 sentitBenld:
665 4317 833 4385 L'Acropole
847 4317 1046 4385 etc.I.peg.ih0‚
1061 4319 1106 4382 qui
1119 4317 1314 4367 deHerodotco

176 4385 237 4436 loco
250 4385 297 4448 IX,
314 4385 344 4437 13
356 4388 396 4437 sic
409 4388 519 4437 statuit:
538 4387 578 4448 „il
591 4404 625 4438 ue
638 4389 699 4438 satit
713 4387 894 4438 cuidemmcnt
905 4402 956 4452 pas
973 4386 1089 4452 prendre
1103 4385 1118 4434 h
1132 4385 1160 4434 in
1171 4385 1253 4436 lettre
1266 4400 1313 4435 ces
