3066 4964
245 466 306 529 358
676 461 946 524 HERODO'PI

246 635 340 708 εἶναι.
378 639 410 717 ές
429 637 466 705 δέ
484 633 545 724 τήν
561 633 700 726 ἤπειρον
718 632 899 724 άπέπλεον,
923 632 1009 718 ὅκως
1028 641 1104 706 ἔωσι
1122 631 1188 708 ύπό
1206 635 1264 709 τόν
1281 635 1380 722 πεζόν

245 735 386 825 στρατόν
409 735 467 808 τόν
490 738 651 828 σφέτερον
675 737 770 808 ἐόντα
794 741 830 808 ἐν
853 741 895 828 τῇ
917 737 1080 830 Μυκάλῃ,
1105 735 1140 820 ὃς
1163 739 1379 821 κελεύσαντος

245 843 373 930 Ξέρξεω
408 842 703 930 καταλελειμμένος
736 844 797 910 τού
830 837 932 910 άλλου
962 845 1105 931 στρατοῦ
1136 837 1264 930 Ἰωνίην
1298 841 1378 930 ε’φύ-
1487 873 1495 891 ·

246 952 356 1013 λασσε.
385 946 447 1012 τού
469 945 597 1030 πλῆθος
615 942 676 1032 μὲν
694 931 736 1029 ἦν
755 945 788 1026 ἓξ
806 940 982 1030 μυριάδες,
1008 942 1202 1033 ἐστρατήγεε
1221 945 1257 1014 δὲ
1276 941 1382 1014 αύτού

251 1041 430 1133 Τιγράνης,
458 1041 574 1114 κάλλεΐ
593 1071 629 1113 τε
653 1046 707 1112 καί
725 1041 867 1132 μεγάθει·
881 1038 1083 1134 ὑπερφέρων
1101 1049 1267 1135 Περσέων.
1299 1041 1381 1116 ’Ῥπδ

245 1149 364 1216 τούτου
392 1147 454 1236 μὲν
484 1143 524 1234 δή
552 1141 612 1215 τόν
640 1142 781 1235 στρατόν
811 1143 1052 1233 ἐβουλεύσαντο
1082 1146 1327 1236 καταφυγόντες
1349 1153 1385 1217 οἱ

246 1252 308 1318 τού
323 1251 486 1319 ναυτικοῦ
502 1249 678 1338 στρατηγοὶ
696 1243 868 1338 ἀνειρύσαι
886 1244 944 1328 τάς
960 1249 1049 1336 νέας,
1068 1249 1123 1317 καί
1141 1251 1383 1340 περιβαλέσθαι

201 1354 354 1440 97ἕρκος,
374 1357 480 1440 ἔρυμα
497 1353 564 1420 τοΞν
582 1352 669 1419 νεοῖν
687 1350 741 1419 καὶ
755 1351 868 1438 σφέων
886 1345 998 1420 αὐτῶν
1009 1348 1247 1438 κρησφύγετον.
1272 1353 1383 1422 Ταύτα

246 1450 507 1542 βουλευσάμενοι
524 1447 696 1540 άνήγοντο.
733 1447 925 1540 άπικόμενοι
950 1451 987 1520 δὲ
1010 1448 1098 1542 παρά
1120 1449 1157 1521 τό
1178 1455 1246 1523 των
1262 1462 1382 1523 Ποτνι-

248 1556 312 1624 ἐων
336 1551 410 1644 ίρόν
433 1556 491 1640 τής
509 1552 672 1641 Μυκάλης
697 1556 729 1634 ές
752 1551 908 1622 Γαίσωνά
931 1580 966 1622 τε
989 1555 1044 1622 καὶ
1067 1553 1315 1643 Σκολοπόεντα,
1341 1559 1385 1644 τι]

248 1653 424 1744 Δήμητρος
446 1651 647 1742 Ἐλευσινίης
678 1657 768 1724 ἐστὶν
797 1651 886 1744 ίρόν,
917 1651 954 1724 τό
979 1663 1132 1736 Φίλιστος
1157 1650 1174 1725 ό
1198 1657 1383 1738 Πασικλέος

249 1754 423 1843 ίδρύσατο,
447 1765 579 1848 Νείλεῳ
603 1759 650 1850 τῷ
667 1755 801 1846 Κόδρου
826 1753 1043 1846 ἐπισπόμενος
1068 1759 1121 1827 ἐπὶ
1140 1755 1292 1846 Μιλήτου
1310 1773 1441 1828 nrt-735

247 1854 341 1943 στύν,
363 1861 511 1928 ἐνθαῦτα
528 1855 586 1939 τάς
604 1885 639 1927 τε
656 1860 733 1939 νέας
751 1853 944 1950 άνείρυσαν,
963 1861 1018 1928 καὶ
1037 1857 1271 1949 περιεβάλοντο
1289 1863 1384 1952 ἕρκος

281 2045 337 2106 tuo·
356 2049 406 2106 τὸν
423 2048 508 2117 πεζόν
526 2049 657 2121 στρατόν]
677 2058 694 2106 1.
709 2072 733 2106 e.
745 2057 790 2107 rub
842 2059 933 2108 lentur
950 2063 979 2108 et
995 2050 1148 2116 ποτνιάδες
1165 2055 1235 2110 θεαὶ
1251 2059 1286 2109 nb
1304 2060 1383 2110 Euri·

247 2129 326 2174 ιιιιεία
341 2127 503 2188 solistumum
515 2127 657 2184 επινιξιαν,
681 2125 725 2190 qui
738 2126 790 2174 sci·
841 2127 904 2192 pide
923 2127 950 2175 in
968 2125 1059 2176 Orest.
1077 2125 1139 2187 3183
1158 2123 1283 2177 πότνια
1295 2116 1384 2192 Ἐριν-

248 2191 315 2242 lieet
337 2193 431 2242 inore
449 2193 532 2242 marie
551 2199 611 2242 erat
629 2191 790 2242 collocatus.
843 2189 893 2250 νύς
919 2195 990 2258 προσ
1007 2193 1172 2258 Aeschylum
1196 2195 1333 2245 invenitur
1356 2197 1385 2246 in

248 2261 279 2310 ln
292 2275 367 2326 seqq.
380 2259 492 2312 verbum
507 2247 543 2326 ήν
556 2267 619 2310 ante
630 2253 662 2322 ’ἐξ
672 2261 750 2310 deest
763 2261 791 2310 in
842 2262 985 2311 Ilumeuid.
1009 2260 1058 2312 865
1082 2261 1145 2313 coll.
1163 2262 1238 2328 Sept.
1257 2279 1279 2312 c.
1297 2262 1384 2314 Theb.

249 2329 394 2378 Seheeferl
414 2333 441 2378 et
453 2329 575 2378 Bekkeri
589 2327 717 2378 editione.
748 2330 791 2378 De
842 2327 901 2378 827.
935 2330 1104 2394 Quamquam
1128 2331 1200 2395 apud
1222 2330 1385 2395 Sophoclem

252 2395 362 2460 Τίγνοιιι
375 2396 412 2446 el.
426 2397 485 2458 VH,
499 2395 540 2447 62.
553 2397 601 2456 Ill,
618 2395 674 2446 102.
843 2399 872 2446 in
890 2397 987 2462 Oedip.
1008 2397 1101 2446 Colon.
1119 2396 1184 2447 1048
1200 2391 1321 2448 Πότνιαι
1337 2415 1385 2450 νο-

281 2457 381 2514 κάλλεϊ
391 2477 421 2514 τε
433 2460 482 2514 καὶ
495 2456 637 2542 μεγάθει]
646 2465 707 2514 Vid.
722 2467 789 2514 nott.
843 2470 939 2515 eantur
954 2465 1031 2515 Ceres
1048 2470 1075 2516 et
1087 2467 1246 2530 Ρνοεενρίπο
1263 2467 1291 2516 ln
1304 2466 1386 2518 Eleu·

249 2532 284 2581 ad
296 2532 347 2595 IV,
365 2531 394 2580 12
410 2537 437 2580 et
450 2533 608 2583 adverbum
621 2526 792 2596 υπερφέρων
843 2533 923 2582 εἰοίἰε
941 2533 1045 2582 cultae:
1065 2533 1099 2582 ad
1118 2534 1227 2584 eandem
1245 2534 1311 2584 deae
1323 2549 1385 2600 upe-

249 2603 316 2649 nott.
336 2600 370 2649 ad
388 2600 466 2660 VIII,
483 2599 538 2650 144,
571 2601 703 2650 Adhibuit
720 2601 791 2650 hune
844 2607 919 2651 ctare
937 2601 1077 2660 videntur,
1099 2617 1169 2665 quoe
1192 2601 1264 2668 apud
1280 2603 1386 2652 Pausa·

249 2666 338 2716 locum
363 2683 468 2732 quoque
492 2667 591 2733 Pflugk
614 2669 648 2718 ud
670 2667 792 2746 Euripid.
844 2669 918 2718 nium
936 2667 1032 2730 1x‚8‚
1054 2668 1065 2717 l
1089 2668 1150 2719 loeo
1173 2669 1304 2720 lacunono
1325 2671 1385 2721 sive

249 2733 393 2784 Heroolid.
405 2734 463 2783 555.
489 2735 531 2785 De
544 2735 629 2786 verbo
641 2725 792 2798 άνειρνσαι
844 2743 971 2800 corrupto
985 2736 1120 2801 leguntur.

250 2801 304 2849 vid.
317 2807 385 2850 nott.
401 2801 435 2850 ud
448 2801 559 2863 VII,59.
573 2803 606 2852 de
619 2804 702 2853 verbo
715 2817 792 2868 περι·
831 2849 834 2854 .
879 2801 1040 2870 Νείλεῳτῷ
1053 2796 1383 2872 Κόδρονέπισπόμενσς]

251 2861 391 2932 βαλέσθαι
412 2873 481 2917 nott.
501 2869 536 2918 ed
553 2869 580 2928 I,
602 2869 656 2920 163.
692 2873 792 2920 Vocem
844 2871 923 2922 Cous.
936 2876 1004 2922 nott.
1019 2872 1053 2921 ed
1066 2873 1086 2932 l,
1103 2873 1159 2925 142.
1171 2874 1207 2934 V,
1221 2871 1262 2924 65.
1276 2874 1385 2924 Wesen-

250 2932 447 2999 κρησφύγετον
456 2935 651 2986 illustravimus
662 2939 696 2988 nd
706 2939 737 3000 V,
749 2940 790 2989 24.
843 2941 946 3004 liugius
958 2940 990 2988 de
1003 2941 1095 2989 Ionum
1107 2941 1385 3004 migrationellileto-

844 3023 894 3072 que
917 3008 1028 3057 condita
1051 3009 1120 3058 citet
1136 3010 1256 3059 l’nusan.
1275 3010 1340 3068 Vll,
1359 3009 1384 3059 2.

425 3103 491 3154 cm
510 3105 620 3156 XCVII.
843 3077 866 3137 5.
882 3075 894 3124 l
913 3091 984 3158 νεα,
1008 3075 1054 3125 ubi
1071 3081 1164 3126 tamen
1181 3077 1258 3126 nullo
1274 3076 1388 3127 Philisti

241 3253 243 3258 .
285 3196 314 3264 ἒς
327 3199 459 3257 Γαίσωνά
470 3221 500 3257 τε
516 3203 564 3257 καὶ
578 3201 789 3277 ΣκολοπόενταΙ
843 3143 1145 3276 pppppphptpppctffi
1156 3143 1243 3272 lull?
1256 3143 1387 3262 Eclrlllnllg

253 3273 386 3336 ,Γαίσων
404 3275 516 3338 fluvius,
536 3293 569 3326 ex
587 3275 695 3340 Ephoro
713 3283 792 3328 notun
844 3280 898 3329 dux
921 3284 1037 3330 vocatur
1055 3271 1176 3344 Νηλεύς.
1212 3280 1279 3330 Cum
1297 3281 1383 3331 Hero-

252 3343 323 3410 apud
335 3343 434 3393 Athen.
449 3344 494 3393 Vl.
508 3359 571 3409 pag.
584 3344 675 3394 311E.
702 3347 793 3396 Gerous
845 3348 908 3397 doto
932 3348 1003 3396 facit
1026 3347 1193 3406 Pausanias,
1222 3347 1270 3397 ubi
1295 3354 1387 3398 exstat

252 3410 792 3478 apudplin.v‚·29,31.daesmuelae
845 3410 974 3472 Νειλεύς.
1008 3414 1069 3464 Vld.
1087 3415 1214 3464 Eustatlr.
1233 3415 1268 3465 nd
1286 3415 1384 3480 Odyss.

251 3482 277 3542 I,
304 3479 333 3529 17
357 3477 391 3545 [ξ.
413 3481 442 3542 2,
467 3481 515 3530 ubi
538 3480 610 3530 conf.
632 3481 792 3532 'l'zsehuoke
845 3499 909 3548 pag.
933 3481 994 3532 1681
1020 3488 1048 3531 et
1070 3483 1194 3534 Perizon.
1218 3483 1253 3532 nd
1275 3483 1384 3534 deliau.

251 3553 319 3598 nott,
335 3565 429 3614 στερη.
443 3549 503 3598 Vol.
514 3549 565 3598 Ill.
579 3549 609 3598 P.
621 3549 643 3598 I.
657 3565 720 3614 pag.
734 3548 792 3600 488.
844 3551 875 3600 V.
890 3552 923 3600 H.
937 3551 1013 3608 VIII,
1027 3549 1051 3599 5.

253 3618 351 3666 Grote:
369 3617 481 3680 History
498 3617 528 3667 oi
540 3615 645 3666 Greeeo
659 3617 690 3666 V.
704 3633 729 3681 p.
743 3617 792 3666 257
880 3609 926 3668 έπὶ
938 3611 1070 3683 Μιλήτου
1082 3611 1204 3683 κτιστύν]
1224 3616 1325 3680 κτίσιν,
1339 3619 1387 3669 ob-

253 3685 390 3734 Gueuonem
409 3691 437 3734 et
453 3685 546 3750 oppidi
564 3689 592 3733 et
605 3684 681 3734 fluvii
694 3700 792 3735 nomen
843 3691 971 3736 servante
990 3685 1137 3744 Vulckon..
1163 3686 1208 3737 hie
1225 3686 1310 3737 habet
1329 3687 1386 3736 Eu-

253 3751 337 3800 iuiese
349 3751 523 3816 suspicatur}
547 3743 731 3814 Σκολοπόεις,
743 3753 792 3802 uli·
844 3754 928 3803 etath.
941 3755 969 3803 iu
983 3754 1097 3834 Dionys.
1108 3753 1171 3816 823,
1192 3754 1236 3820 qui
1249 3755 1386 3804 elnoernm

253 3817 324 3866 unde
337 3833 392 3866 non
404 3821 540 3884 cognitus,
554 3836 586 3869 ex
598 3819 651 3868 hoe
660 3820 792 3870 Herodoti
844 3822 958 3871 lornrnm
971 3835 1085 3872 κτιστύν
1095 3823 1218 3872 servavit
1230 3823 1265 3872 ad
1275 3823 1385 3873 Homer.

252 3883 314 3933 loeo
327 3884 465 3950 colligitur
478 3889 565 3936 amnIs
575 3888 671 3949 fuisse,
685 3889 713 3936 iu
723 3887 793 3938 Gne·
843 3889 885 3938 lli.
897 3890 968 3948 XIX,
981 3905 1043 3956 pag.
1056 3889 1130 3952 1245,
1143 3888 1177 3940 40
1189 3891 1223 3940 de
1236 3891 1278 3940 his
1290 3889 1387 3940 Ionum

254 3965 346 4002 sonem
365 3951 437 4002 haud
454 3955 547 4018 procul
566 3955 600 4004 ab
620 3956 689 4005 ostio
707 3971 793 4020 aquus
844 3958 938 4007 formis
951 3951 1115 4023 disputans.'
1133 3958 1235 4008 Eodem
1247 3959 1388 4024 pertinent

254 4017 520 4070 suunexonerans.“
550 4023 792 4087 Sclrwer'plraeu-
844 4025 879 4075 ab
898 4025 993 4075 eodem
1011 4025 1195 4076 anekonurio
1215 4025 1314 4076 alluta:
1335 4023 1387 4076 δω-

253 4101 313 4136 εετ.
343 4087 792 4152 Nooplurnaffurtlllannert.VI,
844 4087 948 4158 μητύς’
967 4090 1127 4159 κατασκευή
1146 4093 1218 4159 upud
1229 4091 1349 4156 Heuyeh.
1363 4093 1387 4144 Ι.

255 4152 279 4202 3.
298 4168 360 4218 pag.
378 4153 437 4204 292.
472 4157 513 4206 De
530 4157 632 4221 Μγοοὶε
653 4159 707 4209 vid.
726 4165 792 4210 nott.
844 4177 907 4226 pag.
931 4159 1002 4211 1054.
1039 4153 1178 4226 φραστός·
1203 4155 1316 4224 σκέψις,
1342 4154 1387 4210 ἔν-

257 4219 291 4270 ud
304 4219 409 4284 1x‚90;
422 4223 455 4273 de
468 4225 569 4290 templo
582 4225 636 4276 των
649 4223 793 4279 Ποτνιέων
844 4243 910 4277 νοια
919 4228 1036 4290 (ibid.ll.
1048 4245 1111 4294 pag.
1122 4228 1196 4292 1523)
1209 4222 1386 4294 άφραστύες·

255 4288 325 4338 nihil
337 4289 481 4355 quidquam
496 4297 615 4354 constat,
630 4295 794 4360 intelligitur
844 4285 993 4345 άοονεσίαι
1006 4297 1078 4361 apud
1091 4297 1201 4347 Suidom
1214 4299 1236 4347 I.
1250 4313 1313 4364 pug.
1327 4297 1388 4347 398.

257 4361 347 4406 entem
369 4359 464 4422 opinor
485 4367 538 4410 tem
561 4361 614 4408 lum
632 4361 792 4412 Eumenidum
843 4355 1007 4422 α’ποδαστύς
1019 4365 1090 4430 apud
1100 4365 1220 4430 Ilesych.
1232 4366 1252 4414 Ι.
1263 4381 1326 4430 pag.
1337 4365 1389 4414 458

256 4439 277 4474 ε.
290 4423 315 4472 F
315 4425 433 4488 uriarum,
447 4441 515 4490 qnae
526 4377 559 4475 ul
568 4419 688 4476 Πότνιαι
698 4429 792 4492 appel·
844 4423 937 4495 ibiqut
956 4436 1024 4482 nott.
1045 4433 1106 4483 coll.
1120 4433 1191 4483 Plut.
1205 4434 1238 4483 Il.
1257 4449 1283 4498 p.
1296 4431 1387 4496 udan,
