3068 4964
521 493 729 588 URANI'A.
754 520 843 590 Vm.
868 538 925 592 rsa.
988 489 995 504 ’

1232 526 1292 598 193

151 693 266 768 έπιπτε
285 697 323 767 δὲ
339 699 485 784 τοιοῦτο,
510 693 595 778 ὥστε
613 693 690 778 τούς
708 697 770 787 μὲν
787 697 978 792 βαρβάρους
996 697 1033 770 τό
1052 699 1132 792 πρὸς
1152 704 1293 793 ἑσπέρης

150 795 305 890 ἀνωτέρω
317 796 435 888 Σάμου
453 795 498 887 μὴ
515 801 640 888 scipio
657 803 869 870 καταπλῶσαι
888 801 1196 892 καταρρωδηκότας,
1215 802 1293 887 τούς

152 896 372 988 ithumae,
391 896 597 989 χρηιζόντων
609 901 713 988 Χίων,
732 897 768 970 τὸ
786 899 867 991 πρὸς
884 899 946 991 τὴν
964 899 1015 992 ἠοῖ
1031 908 1204 996 κατωτέρω
1222 905 1292 996 Δή-

150 1010 220 1071 λου.
254 998 341 1072 οὕτω
361 1003 435 1082 δέος
452 998 488 1070 τὸ
506 1003 608 1092 μέσον
626 1000 797 1091 ἐφάλασσέ
811 1024 935 1092 σφεων.
1267 1057 1269 1060 -

149 1164 224 1228 vulg.
238 1155 400 1226 insertam
419 1163 474 1215 vid.
490 1169 559 1215 nott.
571 1165 606 1214 ad
618 1165 693 1227 VIII,

149 1233 174 1282 5.
204 1232 280 1282 Idem
299 1233 355 1282 feci
367 1233 447 1294 VIII,
463 1231 520 1282 136.
556 1233 597 1282 Ad
614 1228 694 1283 σννέ-

149 1314 235 1378 πιπρτ
252 1291 327 1380 triersP
340 1300 413 1350 coni.
427 1305 495 1378 nott.
509 1299 544 1380 sd
557 1301 637 1380 VIII,
654 1300 692 1351 15.

149 1361 694 1500 2.‘?.’i.⁰]⁰‘dii‹fiiiiiiissssiiffi'iss'c’

43 1563 51 1572 ·
150 1509 205 1552 est:
229 1507 265 1552 ita
280 1503 376 1566 sactum
393 1517 463 1566 esse,
481 1510 507 1552 nt
525 1518 571 1553 nee
588 1503 695 1552 barbari

149 1577 214 1620 metu
234 1572 346 1635 perculsi
368 1573 436 1620 ultra
458 1571 557 1620 Sanum
578 1573 694 1620 occiden-

149 1645 198 1687 tem
220 1652 308 1688 cereus
330 1641 450 1703 navigare
479 1639 616 1698 cudment,
648 1654 694 1688 nee

152 1705 257 1768 θνατοί,
272 1707 382 1772 quesnois
394 1721 410 1754 a
425 1705 492 1756 otiis
503 1709 596 1770 rogati,
609 1707 693 1756 orien-

149 1779 197 1822 tem
209 1787 296 1823 meus
308 1777 378 1824 ultra
389 1775 486 1823 Delum.
516 1773 603 1823 Affert
614 1774 694 1824 Wes-

150 1841 284 1906 selingius
297 1841 385 1890 Pawii
399 1843 585 1891 coniecturam
600 1840 693 1902 „helle

151 1908 343 1970 „observantis
353 1907 505 1974 planiorem
516 1909 635 1958 futuram
648 1909 694 1958 de·

149 1977 361 2056 „seriptiousm,
385 1977 413 2052 si
426 1970 573 2040 κατωτέρω
590 1969 694 2040 Σάμον

150 2049 199 2104 „et
221 2037 352 2107 ανωτέρω
369 2043 466 2109 Apion
490 2043 614 2110 Scriptor
636 2058 692 2092 ma·

150 2110 275 2174 „luisset
294 2111 395 2161 Verum
405 2111 522 2174 (addidit
532 2111 604 2160 idern
614 2111 692 2159 Wes-

148 2177 314 2244 „selingiusl
327 2179 428 2228 Noster
443 2178 539 2228 meluit
550 2177 691 2241 vulgatum

148 2245 266 2310 „habite
287 2247 429 2310 utriusque
449 2245 558 2294 itinerIs
581 2243 692 2293 diversa

148 2315 277 2376 „ratione
296 2320 324 2363 et
341 2315 499 2379 respectu.“
533 2312 628 2376 Neque
645 2326 701 2375 pov

147 2382 216 2430 steri
239 2383 358 2432 editores
379 2381 521 2445 vulgatam
543 2378 691 2428 lectionem

147 2449 274 2498 omnibus
296 2449 376 2498 libris
399 2447 510 2512 seriptis
527 2445 691 2524 ,comproba-

146 2521 206 2566 tam
222 2519 372 2576 mutarunt,
398 2516 426 2564 in
445 2529 498 2578 qus
514 2527 645 2576 ανωττρω
664 2519 692 2562 et

145 2578 294 2646 κατωτέρω
316 2583 369 2632 sibi
397 2581 498 2646 opponi
526 2581 597 2630 bene
620 2579 692 2629 vidit

145 2649 433 2715 Schweighaeuserus,
446 2649 527 2712 idque
537 2648 578 2698 sic
589 2645 691 2698 intelli-

143 2717 264 2784 gendum
276 2721 382 2780 monet,
396 2721 446 2778 „ut
459 2717 626 2781 cogitemus,
642 2715 690 2764 Sa·

141 2799 238 2848 „mum
256 2783 373 2834 insulem
390 2783 503 2834 Ionicae
520 2799 586 2832 orae
605 2783 691 2832 luisse

140 2851 294 2914 „vicinam
309 2851 408 2900 Delum
420 2865 485 2901 vero
499 2851 527 2899 in
540 2851 630 2900 medio
640 2851 692 2900 Ae·

141 2935 237 2984 „gaso
255 2919 336 2976 mari,
354 2919 415 2984 pari
433 2918 491 2968 iere
510 2917 657 2968 intervallo
674 2933 691 2967 a

142 2986 302 3049 „Graeciae
326 2987 487 3037 continente
510 2990 537 3036 et
561 2987 690 3036 sloniae

142 3069 216 3117 „ore
228 3054 387 3104 distantem.
416 3054 505 3118 Igitur
517 3053 690 3118 quemadmo-

141 3122 229 3182 „dum
242 3122 271 3170 in
283 3135 312 3171 re
325 3122 440 3171 nautica
449 3112 613 3185 α’νάνεαθαι
623 3121 691 3170 dici·

140 3193 223 3252 „tur‚
237 3190 283 3254 qul
296 3189 327 3238 ab
339 3205 387 3239 ora
399 3203 486 3238 cereres
495 3195 610 3253 apertum
621 3205 691 3238 mare

141 3257 296 3322 „navigan
327 3249 507 3321 κατάγεσθαι
535 3272 614 3316 vero,
645 3257 691 3320 qui

139 3339 236 3386 „oram
248 3319 398 3390 fisporlem]
410 3327 482 3388 petit,
495 3324 536 3373 sie
547 3323 630 3373 facile
641 3337 690 3388 pa·

140 3396 215 3454 „tet
230 3407 283 3456 quo
292 3397 375 3456 paeto
385 3391 488 3442 Persae
498 3391 625 3440 dieantur
637 3405 690 3440 non

138 3449 297 3524 „et'rme'pco
314 3452 417 3524 Σάμον
434 3459 588 3510 occidentem
604 3472 692 3507 uersus

139 3543 242 3590 „caeos
254 3541 310 3578 esse
323 3529 452 3591 παοίραττ.
489 3527 548 3575 Iam
561 3540 621 3574 cum
634 3525 690 3573 De·

139 3595 207 3656 „lus
225 3595 254 3644 in
268 3596 357 3645 medio
369 3595 439 3644 mari
451 3595 564 3659 Aegaeo
576 3593 613 3642 sit
625 3592 689 3654 sita,

138 3664 240 3727 „quie
254 3661 374 3713 Graecia
387 3663 485 3712 Delum
502 3675 597 3738 vorsus
615 3659 692 3709 navi-

138 3735 226 3796 ,‚get,
245 3731 270 3780 is
288 3731 396 3795 quidem
412 3728 525 3794 perinde
543 3721 691 3792 ανάγεται,

138 3797 228 3860 „sed,
247 3799 294 3862 qni
310 3803 454 3864 postquam
472 3813 487 3848 e
506 3797 626 3847 Graecia
637 3795 692 3844 De-

138 3865 220 3927 „lum
243 3866 384 3930 pervenit,
409 3864 507 3915 deiude
525 3863 596 3914 Delo
612 3861 692 3928 profi·

138 3933 275 3994 „eiseens
292 3933 387 3983 Ioniae
404 3949 479 3982 oram
497 3933 581 3998 petit,
599 3932 624 3980 is
642 3945 690 3980 κα-

138 3992 295 4065 „rcr'psecuz
320 4005 349 4050 ct
364 4001 498 4050 hactenus
516 3999 585 4048 dicit
604 3999 691 4048 Hero-

138 4067 248 4130 „dotus
260 4064 408 4132 κατωτέρω
420 4063 530 4134 Avitum
549 4083 598 4116 non
615 4082 691 4116 ααοοο

137 4150 219 4196 „esse
232 4138 352 4186 orientem
364 4151 452 4186 uersus
463 4133 616 4200 ααοίρατα.“
636 4134 691 4195 Qui

137 4203 217 4252 idem
228 4203 508 4269 Schweighaeuserus
517 4202 545 4250 iu
555 4202 622 4251 Lex.
633 4201 688 4251 He-

137 4271 232 4320 rodot.
243 4272 265 4320 1.
278 4287 342 4337 pag.
354 4269 388 4321 62
400 4275 492 4322 monet
509 4270 622 4321 verbum
639 4283 689 4318 κα-

136 4335 290 4389 ταπλάσαι
303 4338 376 4405 apud
388 4339 516 4389 Nostrum
531 4336 689 4454 plerumpue

137 4405 211 4456 nihil
230 4405 290 4456 fers
302 4407 378 4458 aliud
391 4411 472 4473 etque
490 4405 607 4471 slmplex
618 4420 640 4456 π
656 4402 689 4457 ά-

137 4486 189 4524 σαι
202 4489 314 4528 sonare.

193 4577 357 4626 HERODOT.
379 4579 422 4622 IV·

791 1159 864 1218 odron
887 1161 953 1228 σέας
976 1160 1009 1220 τὸ
1031 1164 1119 1234 μέσον
1148 1160 1291 1236 dedices}

745 1232 856 1302 σφεων]
893 1237 969 1286 Bene
999 1237 1289 1304 Schweighaeuserus:

746 1303 811 1366 „Ita
823 1319 887 1369 quae
900 1305 925 1354 in
937 1305 1019 1354 medio
1031 1312 1192 1372 αττοταταρατ
1206 1313 1289 1366 erent

744 1371 776 1420 oh
785 1371 883 1422 illorum
894 1379 982 1422 nietam
994 1374 1020 1422 in
1032 1379 1085 1422 tuto
1095 1373 1228 1436 suerunt.“
1247 1374 1290 1423 De

746 1445 906 1502 argumento
923 1439 978 1490 loci
995 1440 1037 1489 eie
1055 1440 1179 1504 dIsputet
1201 1441 1290 1490 Wes-

744 1509 812 1555 set:
838 1507 988 1569 „Formido
1006 1507 1124 1572 urgebat
1141 1523 1174 1556 ex
1190 1509 1289 1558 Persa-

745 1588 803 1622 rum
816 1575 933 1623 maximo
945 1578 1104 1639 potentatu,
1122 1577 1179 1622 tum
1195 1575 1287 1636 etiem,

746 1641 816 1706 quod
830 1640 997 1691 Graecorum
1009 1639 1088 1690 multi
1103 1644 1236 1692 accurate
1248 1641 1289 1690 ul·

744 1709 876 1758 terIorum
892 1707 1013 1758 locorum
1026 1708 1126 1758 notitia
1138 1707 1289 1759 deficeren-

744 1781 797 1824 tur.
833 1777 875 1824 De
893 1774 987 1824 multis
1004 1774 1112 1840 loquor:
1131 1789 1194 1826 nam
1206 1776 1291 1826 athe-

745 1842 887 1892 niensibus
899 1857 948 1892 ora
960 1843 1043 1893 Asiae
1057 1847 1086 1892 et
1097 1843 1236 1894 Thraciae
1254 1843 1290 1893 ed

745 1909 954 1975 Hellespontum
966 1911 1195 1976 navigationibus
1207 1911 1236 1960 iu
1248 1909 1290 1960 si-

745 1991 837 2041 geum,
857 1977 1010 2042 Ephesum,
1033 1977 1288 2043 Chersonesumque

744 2043 967 2108 exploratissima
984 2050 1057 2108 erat;
1076 2061 1164 2111 neque
1178 2046 1289 2111 Sparta-

743 2111 786 2161 nis
804 2113 914 2176 ignotus
931 2111 1007 2162 Sami
1024 2113 1201 2177 vieiniseque
1218 2113 1289 2163 situs

744 2177 854 2240 111,4e.
890 2179 972 2229 Haud
990 2180 1115 2230 districte
1135 2195 1200 2246 ergo
1217 2181 1288 2230 haee

743 2246 890 2308 sumenda,
915 2261 967 2296 nec
984 2247 1019 2296 de
1036 2247 1161 2296 omnibus
1179 2247 1288 2296 omnino

744 2313 874 2375 Graecis,
903 2315 988 2364 sicuti
1013 2315 1155 2378 accepisse
1178 2313 1289 2364 videtur

742 2379 878 2430 Libanins
896 2381 943 2430 Or.
961 2381 1034 2430 XIII.
1053 2395 1089 2445 pa
1110 2379 1211 2430 ‚ten“
1245 2381 1289 2429 Tu

743 2447 816 2498 coni.
830 2449 913 2497 etlam
926 2447 1070 2497 Duncker:
1090 2397 1190 2498 fieseh.
1203 2448 1228 2497 d.
1241 2447 1289 2496 Al-

742 2513 824 2564 terth.
843 2515 889 2564 1v.
908 2532 934 2580 p.
948 2513 1007 2565 853.
1044 2515 1144 2565 Verum
1161 2515 1287 2580 proiecte

744 2587 798 2640 est,
823 2583 894 2646 quod
912 2582 1113 2647 WesseIIngius
1136 2583 1286 2644 contendit,

742 2649 970 2711 Atheniensibus,
995 2651 1041 2715 qui
1064 2656 1120 2699 tarn
1141 2649 1226 2716 longa
1243 2649 1288 2700 iti·

742 2731 810 2766 nere
838 2717 996 2768 commercii
1021 2731 1107 2767 causa
1135 2733 1184 2783 per
1208 2731 1287 2767 omne

744 2785 802 2834 iere
824 2800 900 2835 mare
918 2785 1149 2834 mediterraneum
1172 2784 1222 2834 illa
1240 2799 1288 2834 ae-

742 2857 800 2902 tate
814 2853 1065 2914 iaminstituerent,
1080 2852 1190 2902 Samum
1201 2857 1287 2915 certe,

743 2933 813 2984 quae
826 2921 917 2970 insula
935 2925 963 2970 et
975 2921 1037 2986 ipsa
1050 2921 1214 2971 commercio
1226 2925 1288 2969 tan·

741 2992 837 3053 tepere
850 2987 954 3050 floruIt,
973 2989 1113 3054 cognitam
1126 2988 1226 3038 fuisse:
1245 3003 1288 3038 re-

741 3054 825 3120 liquis
850 3057 979 3118 Graecis,
1009 3057 1056 3120 qui
1079 3056 1210 3122 plerique,
1232 3071 1288 3104 non

741 3122 823 3188 longe
836 3123 960 3188 epatriis
973 3124 1132 3188 regionibus
1144 3123 1287 3174 discedere

742 3196 824 3255 atque
837 3196 926 3240 terres
938 3190 1048 3256 longius
1059 3197 1179 3240 remotas
1192 3197 1287 3255 petere

742 3257 883 3319 solebant,
901 3273 956 3308 non
972 3258 1053 3306 Item:
1077 3258 1118 3306 ita
1139 3261 1169 3307 ut
1186 3257 1221 3306 ad
1237 3256 1287 3306 hos

742 3325 912 3389 potissimum
935 3323 1069 3374 Herodoti
1093 3324 1179 3376 verba
1203 3323 1287 3387 perti·

742 3395 827 3440 neaut
844 3391 976 3452 dicentis,
995 3397 1099 3455 putasse
1114 3392 1227 3441 Graecos
1239 3387 1287 3437 Sc-

741 3475 803 3507 mnm
820 3465 845 3507 et
861 3460 983 3508 Herculis
999 3461 1125 3508 colomnae
1146 3471 1227 3521 aeque
1243 3471 1285 3504 re·

734 3532 823 3576 'molar
843 3540 908 3574 esse.
949 3525 1025 3574 Inest
1046 3526 1075 3574 iu
1091 3524 1134 3574 his
1152 3538 1232 3583 sane,
1257 3529 1288 3570 ut
1372 3559 1373 3562 η

743 3591 1022 3656 Schweighaeuserus
1031 3595 1108 3640 reete
1118 3590 1286 3649 observavit,

743 3659 949 3725 „hyperbolica
977 3657 1111 3722 quaedam
1135 3657 1287 3722 descriptio

743 3734 832 3776 metus
849 3733 933 3792 atque
950 3726 1075 3788 terroris,
1100 3725 1147 3790 qni
1164 3723 1288 3774 Graecos

744 3795 868 3860 quamvis
881 3793 1034 3844 Salaminii
1050 3794 1142 3859 pugni
1157 3792 1288 3855 victores,

744 3869 837 3912 tamen
858 3861 958 3912 deinde
976 3861 1125 3910 etiamnum
1142 3874 1287 3926 pereussos

743 3931 867 3992 tenebat,
882 3933 929 3978 aut
941 3928 1031 3979 denuo
1045 3928 1160 3978 subinde
1174 3927 1215 3990 (nt
1227 3926 1287 3976 fieri

743 3997 862 4058 solebat)
876 3997 978 4047 eisdem
997 3995 1161 4061 obrepebat,
1181 3993 1288 4060 magni-

742 4066 863 4114 tudinem
874 4064 1061 4130 cogitantibus
1071 4062 1196 4129 periculi,
1209 4077 1287 4126 equo

740 4139 852 4200 praeter
861 4147 937 4198 spem
947 4132 1156 4197 opinionemque
1169 4143 1288 4180 emerse-

741 4207 816 4260 rnnt;
836 4215 897 4251 cnm
908 4199 1071 4266 praesertim
1084 4199 1166 4248 etiam
1180 4201 1244 4247 tune
1259 4201 1287 4246 et

740 4268 899 4319 Mardonius
916 4282 977 4318 curn
993 4266 1107 4316 immani
1119 4266 1242 4316 exercItu
1258 4265 1288 4314 in

741 4336 877 4386 Graeciae
889 4335 1043 4386 visceribus
1055 4333 1197 4394 haereret,
1216 4337 1244 4382 et
1256 4332 1287 4381 iu

717 4391 723 4403 “
740 4403 836 4454 Ioniae
850 4418 906 4464 ors,
920 4403 946 4452 si
957 4402 1076 4452 classem
1089 4417 1122 4451 eo
1134 4401 1285 4459 mitterent,

740 4471 847 4522 Xerxes
865 4475 894 4521 et
912 4469 1011 4520 classis
1026 4483 1094 4520 suae
1105 4465 1180 4517 haud
1193 4465 1288 4532 poeni·

1045 4559 1084 4623 13
