3068 4964
473 385 477 393 ’
500 419 764 480 cucurone.
786 423 846 482 rx.
868 431 894 486 ι.
920 437 937 481 ι.
957 438 976 481 ι.
1247 431 1309 492 229

117 616 168 668 694
175 587 269 662 αὐτοὶ
284 589 448 681 ἑλώμεθα.
471 587 562 682 ἡμεῖς
577 592 625 680 δὲ,
639 599 705 662 Δία
714 619 750 662 τε
763 587 934 682 Ἑλλήνιον
945 597 1170 683 αἰδεσθέντες,
1182 599 1236 668 καὶ
1248 595 1309 686 τὴν

165 687 306 764 Ἐλλάδα
314 690 428 764 δεινόν
439 692 629 783 ποιεύμενοι
643 697 838 784 προδοῦναι,
851 691 891 764 οὐ
900 698 1150 786 καταινέσαμεν,
1158 693 1307 770 itatiu-

168 793 344 884 ειπόμεθα,
352 803 412 864 καί
420 823 481 886 περ
493 791 702 884 ἀδικεόμενοι
715 791 770 865 ὑπ’
779 791 946 884 Ἑλλήνων
957 800 1012 867 καλ
1026 799 1307 890 καταπροδιδόμε-

166 925 230 986 νοι,
245 894 459 986 ἐπιστάμενοί
467 924 502 966 τε
514 893 564 966 ότι
572 895 838 988 κερδαλεώτερόν
851 901 917 968 ἐστι
929 894 1120 988 ὁμολογέειν
1131 905 1179 994 τῷ
1191 905 1306 993 Πέρσῃ

166 994 382 1088 μᾶλλονῆπερ
396 1000 583 1087 πολεμέειν·
596 994 637 1068 od
649 999 711 1088 μὲν
723 994 804 1068 οὐδὲ
814 995 1061 1091 ὁμολογήσομεν
1075 999 1205 1083 ἑκόντες
1219 1003 1305 1074 εἶναι
1324 1025 1340 1072 2

167 1101 222 1170 καὶ
235 1096 271 1168 τό
283 1101 345 1188 μὲν
356 1095 411 1169 ἀπ’
418 1095 529 1189 ἡμέων
540 1096 628 1170 οὕτω
635 1095 819 1190 ἀκίβδηλον
828 1099 883 1172 έόν
895 1104 1026 1191 νέμεται
1040 1105 1092 1173 ἐπὶ
1104 1101 1182 1186 τούς
1191 1100 1305 1193 Ἕλλη-

165 1230 233 1282 νας.
260 1196 367 1291 Ὑμεῖς
379 1201 417 1270 δὲ
430 1205 461 1282 ές
473 1205 584 1271 πᾶσαν
595 1197 767 1292 ἀρρωδίην
783 1200 857 1273 τότε
867 1199 1072 1293 ἀπικόμενοι,
1090 1202 1135 1295 μὴ
1147 1199 1305 1295 ὁμολογή-

166 1325 277 1392 σωμεν
297 1304 346 1396 τμῖ
362 1305 495 1393 Πέρση,
516 1305 590 1372 ἐπεί
603 1331 639 1372 τε
657 1301 832 1394 ἐξεμάθετε
850 1302 886 1374 τό
904 1301 1065 1396 ἡμέτερον
1081 1305 1237 1398 φρόνημα
1249 1328 1305 1376 σα-

165 1407 265 1492 φέως,
278 1400 328 1474 ὅτι
342 1399 472 1494 οόδαμό
485 1401 702 1495 προδώσομεν
713 1401 932 1496 τὴνἙλλάδα,
947 1409 1001 1476 καὶ
1015 1406 1098 1478 διότι
1108 1425 1214 1498 τεῖχος
1224 1404 1305 1499 ὑμῖν

167 1501 222 1574 διό
233 1507 295 1575 τοῦ
308 1501 445 1594 Ἰσθμοιῐ
463 1504 686 1596 ἐλαυνόμενον
698 1510 734 1577 έν
746 1511 836 1577 τέλεΐ
846 1511 929 1598 ἐστι,
943 1511 998 1579 καὶ
1014 1506 1055 1598 δη
1067 1507 1167 1596 λόγον
1179 1505 1305 1580 οόδένα

165 1611 232 1677 τεόν
255 1603 443 1695 Ἀθηναίων
470 1610 643 1696 ποιέεσθε,
675 1611 882 1699 συνθέμενοί
910 1637 947 1680 τε
979 1605 1059 1699 ἡμῖν
1084 1607 1143 1681 τόν
1169 1614 1304 1702 Πέρσην

166 1805 200 1856 ad
219 1805 360 1856 Chariton.
375 1821 438 1872 pag.
452 1804 510 1856 392.
546 1805 585 1856 Ac
597 1807 707 1858 Livium
750 1794 902 1873 ἝλληναςΙ
926 1807 968 1858 Ad
985 1824 1066 1860 voces
1090 1801 1121 1858 τὸ
1139 1797 1192 1858 ἄπ’
1208 1799 1304 1875 ἡμέων

166 1872 295 1932 afferunt,
315 1872 534 1938 qu11,53hunc
552 1876 707 1939 proreuein
758 1875 813 1925 vid.
834 1881 902 1926 nott.
929 1877 964 1925 ed
986 1877 1011 1936 Ι,
1035 1875 1082 1926 159
1106 1883 1134 1924 et
1156 1877 1219 1938 VII,
1247 1875 1302 1926 101.

164 1941 270 1991 modum
284 1942 437 1991 coniunxit:
451 1942 562 2002 ‚fraude
575 1959 606 1992 uc
619 1944 705 1993 deiu.“
759 1943 836 2004 Quod
849 1945 971 2008 sequitur
982 1937 1153 2008 ἀκίβδηλον,
1169 1959 1229 1994 cum
1242 1961 1304 2010 pro-

199 2006 257 2057 Δία
280 2023 310 2058 τε
335 2000 482 2073 Ἑλλήνιον
506 2004 704 2077 αἰδεσθέντες]
757 2013 817 2076 prie
835 2011 870 2060 ad
887 2027 983 2062 numos
999 2017 1108 2076 spectet
1125 2012 1303 2062 heudcurru·

163 2075 248 2126 Iouem
262 2077 367 2126 Graecis
383 2093 531 2127 communem
548 2083 655 2128 reverit!
664 2079 705 2128 in·
757 2083 832 2143 ptus,
847 2079 882 2128 ad
895 2079 953 2128 alia
966 2080 1079 2144 quaevis
1093 2095 1154 2129 mox
1168 2080 1302 2129 transier-

163 2148 331 2210 terpretatur
359 2143 494 2194 Valckeu.
528 2145 619 2196 citans
647 2146 705 2195 Ari·
758 2151 814 2203 tur,
830 2150 859 2196 ut
871 2145 1020 2212 κίβδηλος,
1037 2146 1071 2196 de
1084 2162 1136 2212 quo
1150 2146 1301 2208 viduet.

162 2211 250 2278 atoph.
268 2213 336 2277 qu.
352 2211 417 2262 1250
428 2213 508 2262 Pind.
521 2213 597 2262 Nem.
612 2215 649 2274 V,
666 2213 704 2276 19,
757 2213 877 2264 Verbum
891 2207 1004 2279 νέμεται
1018 2215 1116 2264 Portus
1129 2213 1301 2264 reddiderat:

162 2279 210 2329 nbi
227 2279 262 2329 ab
274 2280 368 2331 Aeaco
387 2281 559 2346 cognominis
573 2281 706 2346 originem
757 2281 786 2330 in
799 2281 916 2331 Graecis
933 2283 1080 2346 inpenditur
1097 2297 1117 2331 ε.
1131 2281 1300 2330 distribuitur.

162 2352 291 2412 repetunt
307 2347 487 2398 scholiastae.
522 2347 590 2397 Nam
607 2350 636 2398 in
653 2350 705 2400 Ae·
757 2347 1035 2412 Schweighaeuserue
1052 2350 1082 2398 in
1099 2349 1166 2398 Lex.
1182 2349 1248 2397 Her.
1262 2349 1300 2398 ΙΙ.

162 2417 228 2480 gina
245 2415 336 2466 inauln
353 2416 427 2466 Iovis
445 2415 620 2465 Panhellenii
637 2421 705 2466 tem·
756 2431 783 2480 p.
800 2415 847 2464 122
859 2415 936 2464 reddi
948 2415 1057 2465 maluit:
1077 2418 1146 2482 qrmd
1159 2431 1176 2464 ιι
1193 2414 1264 2464 nobie
1276 2417 1301 2464 iu

161 2482 248 2548 plum,
262 2483 310 2532 ubi
321 2483 429 2533 Aeacus
442 2499 523 2534 sacru
536 2483 637 2532 fecisse
650 2483 705 2533 fer·
759 2483 871 2533 Graecos
890 2485 1021 2546 proficient
1041 2483 1128 2540 debet,
1153 2483 1182 2531 id
1200 2486 1300 2534 elucere

161 2554 217 2612 tur;
232 2550 264 2601 de
278 2565 331 2615 quo
343 2551 398 2602 vid.
409 2553 530 2600 Peucen.
542 2551 562 2610 1,
574 2551 616 2599 te.
627 2553 650 2611 ξ.
664 2549 703 2601 13.
756 2552 838 2600 animo
851 2553 888 2600 eis
899 2550 1036 2599 tribuimus.

160 2619 203 2680 11,
216 2616 257 2671 29.
270 2617 324 2680 §.6
343 2617 405 2669 coll.
419 2619 459 2678 ΙΙ,
474 2617 515 2670 39.
532 2620 556 2676 5.
569 2617 593 2668 3.
606 2620 630 2671 4.
646 2621 704 2669 Iao·
790 2611 856 2669 έπεί
877 2633 906 2668 τε
929 2609 1085 2681 ἐξεμάθετε
1106 2610 1138 2668 τό
1161 2608 1301 2684 ἡμέτερον

162 2689 230 2735 crat.
248 2687 369 2752 Euagon
388 2701 451 2750 pag.
471 2685 517 2734 191
531 2687 562 2734 Ε.
586 2684 660 2752 [cap.
679 2687 703 2736 5.
757 2681 902 2750 φρόνημα]
922 2686 983 2734 Vid.
1002 2690 1070 2734 nott.
1093 2686 1127 2735 ad
1145 2686 1222 2742 VIII,
1244 2687 1300 2736 14⁴.

161 2753 184 2814 ξ.
205 2750 259 2820 141:
277 2759 307 2803 tu
325 2753 397 2804 cont.
415 2755 498 2803 etiarn
516 2769 599 2818 supra
616 2753 705 2804 atleta
755 2754 900 2818 Αμοδοείε,
921 2753 1049 2818 adquam
1062 2754 1147 2803 verba
1161 2755 1301 2818 pertinent

162 2820 196 2870 ad
208 2821 262 2883 ΙΙΙ,
277 2819 319 2871 59.
354 2821 408 2871 Sed
421 2821 486 2870 aliis
499 2837 604 2887 quoque
619 2822 704 2872 Grae·
754 2823 835 2870 initio
852 2821 957 2886 periodi
975 2821 1066 2886 posim
1083 2812 1166 2885 ὑμεῖς
1185 2847 1216 2855 —-
1234 2812 1299 2872 ελπτ-

161 2903 253 2938 corum
267 2889 294 2938 in
307 2889 468 2938 civitatibus
481 2890 570 2939 cultus
588 2893 630 2939 est
641 2890 703 2955 Inp-
754 2881 882 2952 ιιόμενοι,
896 2889 995 2954 incipit
1008 2905 1024 2939 a
1037 2889 1128 2940 verbis
1141 2887 1190 2940 καλ
1204 2883 1241 2954 δὴ
1255 2883 1299 2940 λό-

160 2948 396 3024 μίλοτἘλλήνιος,
415 2971 494 3021 quem
507 2958 704 3020 Syracusarum
754 2971 806 3022 μον
826 2949 933 3006 ον’δένα
949 2954 1005 3005 τοῖν
1026 2948 1186 3022 Ἀθηναίων
1206 2951 1299 3008 ποιέε-

160 3025 235 3074 numi
248 3025 405 3086 ostendunt,
419 3025 452 3074 de
463 3025 561 3090 quibus
571 3025 625 3074 vid.
635 3026 704 3074 Bur·
755 3024 819 3073 σθε.
854 3025 888 3072 In
900 3038 976 3088 seqq.
991 3024 1113 3074 adesum
1127 3025 1205 3074 verbi
1219 3017 1299 3076 έλαό-

160 3108 251 3142 maun.
270 3093 305 3144 ad
322 3091 438 3143 Dorvili.
457 3091 552 3143 Sicull.
572 3109 635 3158 pag.
654 3092 704 3144 315
754 3106 816 3141 νειν
828 3091 883 3142 vid.
896 3096 956 3141 nott
978 3091 1012 3140 ad
1026 3092 1085 3150 VII,
1102 3091 1157 3142 139.
1181 3095 1225 3142 De
1239 3095 1298 3158 ipso

161 3175 231 3224 seq..
251 3163 297 3225 qui
315 3178 341 3226 p.
354 3159 404 3210 346
421 3159 500 3225 plura
518 3161 551 3209 de
568 3159 619 3210 hoc
638 3161 703 3210 Iove
755 3175 829 3208 muro
853 3159 926 3208 coni.
952 3159 1031 3219 VIII,
1056 3159 1084 3207 71
1111 3161 1203 3223 ibique
1228 3165 1296 3209 nott.

162 3228 307 3289 excitavit,
325 3229 358 3278 de
372 3243 424 3292 quo
441 3228 596 3278 recentiore
610 3232 703 3277 aetute
754 3227 818 3276 Mox
835 3227 931 3291 optimi
950 3227 1049 3290 quique
1068 3227 1145 3276 codd.
1165 3218 1196 3275 έν
1214 3221 1296 3288 τέλεϊ,

161 3295 335 3360 disputarunt
351 3293 460 3344 Emeric
475 3295 580 3344 David:
600 3295 705 3359 Iupiter
755 3293 826 3358 quod
844 3293 927 3342 etiam
945 3293 1030 3342 habet
1041 3293 1139 3342 Matth.
1155 3293 1201 3342 Gr.
1215 3293 1261 3342 Gr.
1275 3295 1297 3352 ξ.

160 3363 196 3414 ΙΙ.
209 3379 273 3428 pag.
285 3363 348 3424 553,
369 3363 497 3413 Creuzer.
515 3361 633 3425 Symbol.
652 3362 702 3413 111.
755 3361 818 3424 577,
833 3361 880 3425 qui
892 3361 963 3409 idem
976 3362 999 3419 ξ.
1013 3359 1072 3418 295,
1087 3359 1099 3408 l
1115 3359 1207 3419 affert,
1227 3359 1299 3422 quod

160 3449 187 3497 p.
202 3429 250 3482 139
263 3431 304 3481 ed.
317 3436 379 3480 tert.
394 3435 422 3480 et
434 3429 578 3480 Welcker:
593 3427 703 3479 Griech.
755 3429 806 3488 IX,
825 3426 842 3476 8
858 3427 959 3492 legitur
975 3422 1045 3488 πρὸς
1062 3420 1150 3484 τέλεϊ,
1175 3431 1205 3473 ut
1227 3426 1298 3490 apud

162 3499 337 3550 Giitterlehre
349 3499 386 3564 11,
400 3499 423 3548 1.
437 3513 500 3564 pag.
513 3495 572 3549 210.
600 3497 643 3546 De
656 3495 704 3560 Sy·
754 3494 983 3556 Diomerysost.
994 3493 1120 3543 Or.LXI.
1134 3508 1197 3558 pag.
1207 3491 1298 3542 5831).

160 3582 317 3618 recusatum
339 3568 427 3617 numia
446 3568 538 3617 iovem
556 3556 704 3630 Ἑλλήνιον
755 3567 783 3611 ελ
795 3561 867 3610 Plat.
881 3562 988 3610 Menex.
1002 3561 1076 3620 init,
1096 3561 1142 3609 ubi
1155 3551 1202 3609 eu
1214 3554 1297 3609 τέλεϊ.

160 3635 354 3702 praebentibus
378 3637 462 3685 etiem
485 3633 591 3684 consuli
613 3635 704 3696 potest
787 3619 858 3693 ἡμῖν
880 3621 930 3678 τὸν
954 3620 1069 3692 Πέρσην
1091 3617 1298 3704 ἀντιώσεσθαι]

159 3701 275 3754 Eckhel.
288 3703 382 3753 Doctr.
396 3703 428 3756 N.
441 3703 463 3752 1.
474 3717 538 3768 pag.
551 3700 648 3748 244-
660 3698 702 3748 Ad
753 3695 919 3746 Sebaeierue
930 3693 1009 3744 libris
1020 3695 1116 3744 invitis
1133 3693 1248 3744 dederet
1259 3710 1297 3758 τῳ

161 3763 260 3820 δεινόν
282 3763 447 3834 ποιεύμενοι
476 3768 549 3820 conf.
573 3770 642 3816 nott.
667 3766 702 3816 ad
754 3759 860 3828 Πέρση,
874 3763 945 3828 quod
956 3763 1028 3812 idem
1042 3763 1071 3810 in
1083 3766 1202 3811 mentem
1213 3777 1296 3812 vene·

160 3838 216 3898 111,
232 3837 276 3898 14;
295 3837 328 3887 de
346 3853 414 3887 voce
431 3835 540 3901 punition
556 3839 618 3900 post
631 3849 702 3883 com·
754 3837 798 3882 rat
815 3831 1016 3891 Valckenari03
1035 3829 1159 3894 equidem
1177 3843 1237 3880 eum
1256 3845 1297 3879 re·

161 3907 315 3971 purativuru
345 3896 571 3968 κερδαλεώτερον
599 3902 704 3952 ineerta
755 3899 836 3964 liquis
860 3897 920 3949 edd.
946 3897 1074 3977 revocavi
1097 3898 1296 3961 accusativum,

160 3973 214 4024 vid.
229 3975 251 4034 1,
264 3971 295 4024 31
309 3973 403 4037 ibique
415 3977 483 4022 nott.
498 3997 530 4009 -·
547 3970 703 4020 Particulae
755 3983 833 4032 quem
855 3966 939 4016 verbo
959 3959 1103 4026 αντιοῖζειν
1120 3965 1184 4014 eddi
1205 3979 1296 4030 ponec,

161 4033 196 4090 ον’
206 4034 260 4105 μέν
271 4030 340 4090 οὐδὲ
353 4041 448 4090 notavi
466 4038 499 4089 ad
512 4039 594 4098 VIII,
611 4035 658 4088 139
676 4041 704 4086 ελ
754 4035 846 4101 plures
863 4033 920 4084 loci
937 4037 1164 4084 commonstrant:
1183 4033 1223 4092 11,
1238 4031 1296 4081 141.

161 4107 207 4166 ΙΙΙ,
221 4107 262 4157 45.
298 4107 479 4157 Locutiouem
498 4097 610 4164 ἑκόντες
627 4098 703 4155 εἶναι
754 4103 805 4164 IV,
819 4100 861 4152 80.
880 4099 936 4152 118.
956 4100 1003 4150 121
1026 4101 1119 4166 ibique
1138 4102 1197 4150 citt.
1215 4101 1295 4150 Hom.

163 4175 244 4240 attigi
257 4175 292 4224 ed
304 4175 367 4238 VII,
382 4173 440 4225 194.
755 4169 798 4220 Ili.
817 4170 844 4232 Ι,
862 4167 904 4218 31.
939 4169 978 4219 Αο
999 4173 1144 4250 praeterea
1165 4169 1219 4217 duo
1236 4172 1297 4250 tum

174 4343 178 4350 .
401 4294 425 4354 e.
444 4292 469 4342 2.
756 4237 1038 4371 {tittuttttt
1051 4249 1297 4354 ttiuqtztttt

196 4370 245 4426 καλ
258 4370 288 4427 τό
301 4369 354 4442 μέν
364 4367 417 4428 εἶπ’
427 4367 522 4443 ἡμέων
537 4401 563 4412 -
579 4367 626 4440 ἐπὶ
639 4367 705 4434 τοὺς
755 4373 810 4426 vid.
823 4387 906 4438 cupra
923 4373 1009 4424 allata
1027 4371 1061 4423 ad
1074 4372 1152 4432 vlu,
1170 4367 1224 4418 120.
1239 4367 1297 4419 110.
1398 4433 1403 4440 ι
