2980 4978
312 467 369 526 DE
392 465 495 526 VITA
517 467 574 525 ΕΤ
596 464 787 526 SCRIPTIS
805 463 1039 526 HmRODOTI.
1179 469 1237 531 491

195 639 227 691 ln
242 637 397 691 inventario
413 637 543 692 librorum
554 637 692 706 Fuggmi,
709 636 756 708 qui
770 637 798 690 in
814 637 1002 690 bibliothecam
1013 637 1160 693 Palatinam
1174 639 1241 694 Hei-

113 723 265 792 delbergem
283 722 344 775 olim
357 722 440 790 illeti,
457 723 506 776 sed
523 729 619 793 postea
635 724 746 776 Humum
760 721 870 775 adducti
885 729 968 790 sunt,
984 731 1240 778 commemorantur:

113 808 263 875 „Herodoti
287 808 460 870 historiarum
482 807 543 860 iibri
564 825 669 862 novem.
687 808 794 860 Graece
814 807 874 860 ruff
891 807 991 877 Papier
1009 809 1187 876 geschrieben
1213 809 1241 862 in

112 895 222 963 quart.“
258 893 320 947 Vid.
339 893 485 962 Serapeum
503 895 580 948 1848.
600 909 662 962 pag.
678 894 743 948 308:
766 909 881 962 quocum
897 893 1049 962 coniunge,
1068 895 1142 963 qood
1158 894 1186 946 in
1198 895 1240 948 in·

112 979 169 1032 dice
182 978 304 1032 codicum
315 980 492 1046 Graecorum,
509 977 556 1048 qul
571 977 599 1030 in
615 976 777 1030 bibliotheca
792 977 816 1028 V
815 977 920 1032 uticorr
932 983 1050 1044 exstent,
1068 979 1163 1032 Haaeii
1175 979 1242 1032 cord

112 1063 250 1133 descripto
271 1070 300 1116 et
318 1063 456 1133 publicato
477 1063 504 1116 in
527 1062 619 1116 eodem
633 1063 753 1132 Serapeo
770 1064 845 1116 1851.
862 1081 921 1115 nro.
938 1066 1046 1134 liseqq.
1061 1063 1163 1132 legitor
1183 1063 1239 1130 (nr.

113 1151 153 1205 10.
169 1165 232 1219 pag.
250 1149 326 1220 toaJ:
349 1149 402 1216 „83
411 1141 563 1218 Ἡροδότου
577 1143 704 1218 ἱστοριῶν
718 1141 795 1217 lo'yor
810 1140 888 1204 ἐννέα
901 1153 962 1210 ταῖς
977 1141 1137 1211 Μούσαις.“

628 1337 653 1398 ς.
678 1336 733 1392 lll..

196 1487 236 1540 De
250 1485 384 1540 Herodoti
408 1485 575 1540 editionibus
595 1491 704 1556 praeter
723 1503 769 1554 ea,
793 1505 862 1557 quae
877 1488 1044 1558 wesseling.
1061 1495 1089 1540 et
1102 1487 1240 1557 Schweig-

111 1573 227 1624 haeuser
246 1572 274 1623 in
289 1571 409 1624 Praesat.
426 1571 517 1642 (Tem.
534 1571 556 1623 1.
573 1571 603 1624 P.
621 1571 672 1638 11.)
686 1581 864 1636 monuerunt,
889 1573 943 1626 vid.
960 1573 1129 1643 potissimum
1145 1573 1240 1626 Fabri-

111 1657 145 1710 cii
159 1655 288 1709 Biblioth.
305 1657 403 1709 Graec.
420 1655 457 1708 11.
476 1675 502 1726 ρ.
519 1659 569 1712 337
589 1675 648 1726 aeq.
664 1657 708 1712 ed.
724 1657 849 1725 Harles.;
865 1659 936 1710 conf.
954 1657 1127 1725 Schweigerr
1146 1658 1241 1710 Hand-

110 1741 180 1794 buch
195 1741 222 1799 d.
238 1739 319 1796 class.
336 1741 522 1811 Bibliograpb.
539 1741 562 1794 1.
578 1757 640 1811 pag.
658 1743 707 1796 138
722 1759 791 1812 req„
808 1742 878 1794 Sem.
895 1743 972 1794 Frid.
988 1742 1064 1795 Guil.
1079 1741 1241 1796 Hoffmann:

109 1826 203 1880 Lerio.
215 1825 425 1896 Bibliograpbio.
441 1826 547 1895 scriptt.
561 1827 675 1879 Graece.
687 1827 778 1898 (Lips.
794 1828 874 1895 1832)
889 1827 948 1880 Vol.
963 1827 1000 1880 11.
1017 1846 1040 1880 e.
1053 1827 1240 1898 Bibliogropb.

109 1910 202 1968 Lexic.
219 1917 271 1964 etc.
295 1911 338 1964 ed.
354 1929 410 1964 rec.
429 1911 510 1979 (ibid.
527 1911 609 1977 1832)
627 1911 687 1964 Vol.
704 1911 745 1978 11,
769 1912 852 1966 Wilb.
867 1911 1053 1980 Engelmenn:
1073 1911 1242 1966 Bibliotheca

109 1995 221 2065 Scriptt.
237 1995 359 2048 classice.
379 2003 407 2049 et
421 1997 536 2048 Graece.
552 2003 580 2048 et
593 1995 725 2050 Romamn.
743 1995 800 2067 (ed.
816 2004 887 2067 sept.
903 1997 981 2068 Lipr.
997 1996 1078 2064 1858)
1103 2015 1126 2052 r.
1144 2015 1170 2050 v.
1186 1999 1241 2050 He-

109 2081 231 2134 rodotos.
268 2081 328 2134 Noe
344 2081 386 2133 bic
400 2081 496 2151 paucis
516 2085 619 2134 tanturn
634 2081 776 2151 primarias
791 2081 978 2136 indicabimus.

193 2163 233 2218 Ao
254 2165 366 2235 primum
388 2165 497 2236 quidem
520 2167 613 2220 botius
631 2166 734 2235 prodiit
753 2167 911 2220 Herodotus
931 2167 1057 2221 Venetiie
1078 2184 1149 2220 anno
1175 2170 1241 2220 1474

110 2249 159 2302 iol.
175 2268 225 2320 per
240 2251 412 2304 Laurentium
430 2251 535 2304 Vultum
556 2251 692 2304 eGrueco
706 2251 734 2302 in
751 2250 877 2304 Latinum
892 2247 1092 2319 conversus*).
1138 2251 1170 2306 1ο
1187 2267 1241 2321 que

110 2335 238 2388 versione
260 2335 371 2405 saepius
391 2335 454 2388 dein
472 2335 547 2404 typis
568 2335 686 2405 repetita
704 2335 768 2388 licet
790 2335 861 2388 baud
882 2353 969 2407 pauca
988 2336 1129 2406 requiras,
1158 2335 1242 2389 molta

109 2417 174 2472 licet
187 2419 257 2472 lalao
273 2419 378 2472 reddita
399 2419 541 2472 autetiam
561 2419 640 2490 plane
656 2419 756 2473 omissa
775 2427 939 2491 corruptore
954 2420 1094 2487 inveniar,
1118 2421 1152 2472 ad
1168 2419 1241 2472 illius

102 2503 209 2556 aetatis
224 2503 406 2556 conditionem
421 2520 531 2576 quoque
549 2504 750 2574 respiciendum
766 2511 824 2573 eet,
848 2523 938 2576 neque
951 2505 1019 2558 illud
1034 2505 1241 2575 praeterviden-

109 2587 187 2654 dnm,
209 2607 224 2642 e
240 2588 332 2642 codiee
350 2589 457 2642 Graeco
479 2588 539 2658 ipro
553 2589 623 2642 illam
643 2607 706 2643 ease
722 2592 819 2643 sectam
837 2591 952 2662 eiusque
974 2590 1092 2660 speeiem
1108 2591 1242 2659 quendam

108 2673 148 2725 ita
161 2661 286 2742 reterre,¹
297 2681 343 2739 ut,
359 2673 425 2744 quid
435 2674 463 2726 iu
480 2673 615 2728 volumine
628 2675 735 2728 Graeco
750 2675 904 2746 exstiterit,
919 2675 983 2729 inde
996 2675 1118 2743 colligas.
1147 2676 1242 2739 Quare

107 2757 248 2812 maximum
270 2759 330 2812 eius
348 2775 427 2812 usum
446 2776 509 2812 esse
530 2759 558 2812 in
579 2779 610 2813 re
634 2759 729 2813 critice
749 2760 841 2832 quivis
857 2759 996 2829 intelligit.
1037 2758 1130 2813 Vallae
1152 2766 1241 2814 eutem

107 2859 169 2896 cum
183 2843 260 2896 multi
280 2842 362 2896 multa
378 2844 570 2914 exprobrarint
589 2845 678 2916 deque
692 2845 792 2899 Latine
806 2845 867 2899 eiua
882 2846 1010 2900 versione
1025 2845 1135 2898 multum
1150 2846 1241 2898 detre-

108 2928 214 2996 xerint,
231 2929 309 2982 iuret
324 2947 477 2999 apponere,
494 2945 564 2999 quae
578 2939 643 3000 post
657 2931 799 2984 Erasmom
815 2938 843 2983 et
857 2931 946 3000 ipsum
958 2930 1051 2984 Vallce
1066 2932 1240 3000 patrocinen-

105 3019 161 3066 tem
176 3014 289 3084 ecripeit
307 3031 427 3067 summos
443 3015 645 3084 Wereelingiue
661 3015 779 3069 Dissert.
797 3015 901 3069 Herod.
917 3015 1101 3086 V111.p.ro=
1131 3016 1242 3084 „Vertit

104 3099 132 3151 is
150 3099 266 3152 omnium
288 3099 391 3169 primus
406 3099 540 3153 Herodoti
555 3100 652 3154 Musae
672 3105 701 3154 et
720 3106 799 3154 verte
812 3101 911 3154 Latine
927 3101 1036 3154 ornavit
1057 3119 1110 3154 non
1126 3117 1240 3170 prorsus

104 3182 271 3250 inelegante.
310 3183 372 3236 Non
395 3184 502 3253 quidem
522 3201 614 3238 eorum
634 3186 744 3239 cercior
762 3201 836 3253 sum,
858 3201 928 3255 quae
943 3185 974 3239 P.
989 3187 1060 3240 Dan.
1074 3185 1195 3240 Huetios
1212 3186 1239 3238 in

105 3284 169 3320 eum
183 3267 261 3334 iecit,
284 3285 372 3336 neque
387 3269 465 3321 facile
480 3269 629 3335 admisero,
651 3272 803 3325 orcitoutenr
819 3273 921 3342 roepiur
935 3281 960 3326 et
979 3273 1046 3326 ulier
1060 3289 1101 3324 rer
1115 3281 1240 3342 egentem

94 3355 183 3425 fidem
199 3355 272 3422 opud
286 3353 400 3407 eruditor
418 3355 557 3408 decoxisse.
599 3355 727 3422 Erravit,
747 3357 849 3422 fateor,
871 3373 969 3426 saepe,
991 3355 1123 3424 deceptus
1139 3355 1240 3408 codicis

103 3437 153 3490 eui
170 3435 324 3506 scripturi,
347 3455 430 3506 saepe
448 3455 558 3508 quoque
579 3439 684 3506 ingenii
704 3439 778 3492 vires
797 3439 868 3493 baud
885 3441 957 3494 bene
972 3439 1134 3506 intendens,
1158 3447 1189 3492 ot
1209 3458 1241 3492 ea

104 3527 292 3593 praeteream,
314 3539 384 3594 quae
402 3522 429 3574 in
445 3522 554 3576 Latinis
575 3523 636 3576 eius
658 3523 871 3592 flagitiosissime
888 3531 955 3578 sunt
973 3531 1112 3594 corrupta.
1151 3523 1187 3576 At
1206 3525 1241 3576 de

102 3607 171 3662 mihi
185 3605 377 3678 interpretem,
395 3607 441 3678 qui
460 3607 563 3677 primur
578 3609 713 3661 Graecum
727 3608 886 3677 scriptorem
901 3610 999 3662 Latine
1015 3609 1090 3678 loqui
1106 3609 1239 3676 docuerit,

101 3694 141 3749 ab
158 3691 229 3744 omni
250 3699 361 3763 peccato
380 3693 532 3746 immunem.
567 3693 629 3745 Vid.
648 3694 746 3766 Poggr'i
759 3693 859 3746 Latine
874 3693 1001 3747 Diodorir
1027 3699 1157 3764 quantum
1173 3711 1239 3746 vero

100 3777 251 3833 discrimen
273 3777 421 3831 Diodorum
442 3777 515 3830 inter
535 3783 563 3830 et
583 3777 766 3845 Herodotum,
790 3786 858 3850 quot
878 3779 979 3830 nonin
1001 3778 1055 3831 illie
1076 3778 1239 3831 commissu?

100 3863 161 3918 Sed
182 3862 209 3916 id
230 3881 283 3915 non
305 3863 426 3932 agimus,
448 3870 479 3916 ut
493 3861 586 3916 Vellae
605 3863 696 3916 verrio
714 3863 800 3916 omnis
822 3863 926 3934 peccati
948 3863 985 3916 rit
1006 3881 1113 3932 expers.
1151 3863 1240 3916 Mults

100 3947 299 4003 animadvertit
313 3955 342 4000 et
355 3947 451 4001 dextre
464 3947 573 4000 serravit
593 3947 636 4000 vir
655 3965 733 4002 rarae
748 3947 911 4002 eruditionis
932 3955 960 4001 et
973 3947 1121 4002 modestiae
1134 3947 1239 4000 Paulus

100 4033 284 4101 Leoperdus,
302 4032 382 4102 pluro
396 4033 432 4086 H.
448 4033 614 4102 Stephanos.
650 4033 731 4086 Haud
747 4039 834 4086 tamen
850 4050 936 4103 panea
952 4038 1033 4101 sont,
1052 4049 1121 4102 quae
1137 4032 1175 4084 illi
1190 4033 1238 4084 irn-

68 4155 73 4164 .
100 4116 198 4190 putari
213 4116 318 4185 solent,
334 4134 449 4188 quorum
464 4117 567 4198 culpam
581 4121 722 4188 praestare
739 4135 793 4172 non
809 4118 899 4172 debet.
927 4117 1064 4184 schedae,
1082 4135 1151 4188 quer
1165 4118 1239 4171 inter

175 4325 203 4394 *)
222 4330 375 4392 „Herodoti
387 4333 523 4384 traductio
542 4349 556 4383 e
573 4349 673 4399 graeco
687 4333 715 4382 in
726 4330 840 4382 latinum
853 4331 949 4382 habite
961 4347 1011 4398 per
1022 4333 1070 4382 ιο.
1088 4334 1236 4383 Volteusem.

99 4399 205 4520 ggffi'
218 4397 292 4516 11le
299 4399 409 4518 Iltp2bpus
427 4399 492 4450 1474
505 4401 573 4452 1ο1.“
601 4401 687 4466 Typie
704 4400 823 4466 repetite
838 4401 938 4466 prodiit
950 4400 1053 4452 Romae
1068 4399 1131 4451 1475
1148 4399 1196 4452 fol.
1211 4405 1239 4450 et
