3074 4960
520 407 725 468 URANIA.
751 409 840 467 VIII.
868 419 923 472 199.
951 421 1007 472 tto.
1272 419 1331 480 165

193 581 247 648 καὶ
266 574 428 666 πρότερον
447 581 645 667 δεδογμένος
664 577 750 648 εἶναι
768 576 881 668 σοφὸς,
902 579 1008 670 έιγάνη
1027 579 1092 652 icio
1109 580 1260 672 ἀληθέως
1278 608 1331 656 σο-

192 677 254 768 φός
272 706 307 748 τε
325 681 379 748 καὶ
400 675 576 768 εὔβουλος,
599 677 731 762 πάντως
750 683 872 771 ἑτοῖμοι
890 671 976 769 ἦσαν
993 685 1122 771 λέγοντι
1139 693 1329 758 πείθεσθαι.

187 776 244 861 Ὡς
263 780 300 850 δέ
318 769 414 850 οὗτοί
427 786 463 849 ολ
477 776 721 870 ἀνεγνωσμένοι
740 772 837 870 ἦσαν,
856 779 976 880 αὐτίκα
999 782 1081 872 μετά
1106 789 1210 856 ταῦτα
1233 782 1251 857 ὁ
1271 799 1330 859 Θε-

190 884 383 971 μιστοκλέης
406 878 531 972 ἀνδρας
554 877 726 972 ἀπέπεμπε
750 891 883 974 ἔχοντας
906 895 1040 974 πλοῖον,
1070 903 1155 956 τοῖσι
1180 891 1330 960 ἐπίστευε

191 987 290 1072 σιγάν
309 986 341 1063 ἐς
358 985 468 1052 πάσιιν
486 981 634 1070 βάσανον
650 979 936 1075 ἀπικνεομένοισι,
961 984 1000 1057 roi
1023 983 1121 1069 αὐτὸς
1146 993 1330 1062 ἐνετείλατο

191 1091 324 1173 βασιλέι·
339 1081 481 1176 φράσαι·
499 1087 566 1154 τάν
584 1087 639 1154 καὶ
657 1093 816 1170 Σίκιννος
832 1083 851 1158 ὁ
869 1091 995 1178 οἰκέτης
1012 1079 1106 1171 αὖτις
1124 1093 1262 1178 ἐγένετο.
1298 1101 1333 1162 οἳ

192 1189 268 1256 ἐπεί
281 1214 317 1256 τε
334 1180 494 1256 ἀπίκοντο
511 1183 593 1276 πρὸς
609 1183 672 1274 τὴν
686 1183 851 1278 Ἀττικὴν,
875 1195 908 1260 ολ
930 1191 992 1280 μὲν
1014 1195 1195 1281 κατέμενον
1214 1195 1267 1262 ἐπὶ
1284 1197 1330 1286 τῷ

190 1393 230 1436 tos
242 1392 280 1436 est
289 1384 403 1450 sapiens)
413 1383 514 1434 dicitur
523 1383 733 1444 Themistocles,

190 1453 326 1504 Matthiae
337 1453 382 1502 Gr.
391 1451 436 1528 Gr.
446 1451 470 1512 §-
480 1449 538 1514 495,
552 1467 576 1502 c.
588 1451 639 1502 boe
649 1455 735 1530 parti·

191 1517 734 1650 suth,tttttftftdtttttttlt.

191 1657 241 1716 IV,
253 1655 294 1705 (18.
309 1655 358 1716 VI,
374 1653 422 1704 199
436 1653 527 1718 ibique
544 1659 612 1705 nott.
625 1655 677 1718 IX,
691 1653 732 1706 99.

190 1725 231 1774 74.
244 1722 311 1786 87),
331 1722 399 1772 adeo
418 1727 447 1771 ut
464 1727 540 1772 certe
559 1727 587 1771 et
602 1729 733 1774 constans

189 1790 396 1842 Atheniensium
418 1789 511 1854 opinio
529 1789 562 1838 dc
580 1790 732 1840 Themisto·

190 1859 242 1908 elis
255 1857 401 1924 prudentia
418 1858 474 1906 iam
491 1857 566 1922 prius
585 1865 668 1923 capta
686 1859 732 1908 de·

190 1925 317 1976 claretur.
353 1926 418 1974 blox
429 1924 555 1990 plerique
569 1923 647 1986 libri,
684 1942 732 1976 uos

189 1992 343 2059 Schweigh.
354 1997 381 2041 et
392 1991 480 2044 Geist.
491 1991 579 2042 secuti
588 1943 731 2054 suntini-

189 2075 299 2124 στενσε,
313 2060 361 2110 ubi
374 2059 437 2110 elim
452 2049 588 2122 iniretis,
603 2061 672 2178 ηιιοτλ
687 2061 732 2110 du-

189 2129 252 2178 dum
274 2145 307 2178 ex
331 2143 380 2177 ora
397 2126 530 2192 Stephani
553 2127 580 2176 iu
619 2126 732 2178 πίστευε

189 2201 308 2246 mutaret
322 2193 524 2246 Valckenarius
540 2195 582 2244 sic
598 2195 732 2261 interpre-

189 2270 264 2314 tans:
285 2269 479 2328 querulosaque
497 2266 627 2312 tormentis
639 2280 731 2313 exerre-

188 2336 331 2398 eiureatnr,
346 2332 419 2393 fideli
429 2329 550 2380 credebat
562 2335 733 2381 occultaturos

188 2402 287 2449 silentio
306 2415 370 2464 quoe
386 2401 443 2462 regi
458 2399 602 2447 rrrandosoet
614 2399 731 2448 dicendo.

189 2467 247 2516 Nec
273 2465 356 2516 aliter
384 2466 496 2530 accepit
518 2465 731 2530 Wessciingius:

187 2533 251 2584 iude
269 2533 471 2598 equidem'cum
485 2535 600 2582 recentt.
613 2533 674 2582 edd.
688 2549 730 2582 re-

189 2602 251 2666 cepi
269 2592 406 2652 ἐπέστενε.
421 2627 451 2634 -
470 2602 511 2650 De
527 2599 629 2650 Siciano
647 2616 731 2665 quoe·

187 2670 249 2720 dam
267 2668 408 2718 attulimus
426 2667 462 2717 nd
480 2667 556 2728 VIII,
577 2668 623 2730 75,
652 2669 730 2718 caius

186 2737 247 2788 loco
265 2736 420 2801 Polyaenus
434 2735 462 2796 1,
480 2734 525 2796 39,
545 2734 561 2786 3
578 2741 661 2788 vocat
677 2725 730 2798 'Ap-

187 2797 294 2868 σάκην;
313 2802 476 2854 Plutarchus
493 2803 605 2852 Aristid.
622 2803 647 2852 9.
666 2819 729 2869 pag.

188 2872 274 2924 32413.
293 2871 425 2922 Themist.
443 2869 480 2919 lo.
496 2887 558 2935 pag.
576 2869 658 2921 1200.
677 2861 730 2932 Ἀρ-

188 2935 293 3005 νάκην,
313 2939 419 3004 regium
438 2937 590 3010 eunuchum
604 2943 631 2988 et
644 2941 732 3004 capti-

187 3023 251 3060 vum
260 3007 357 3058 scribit
366 3006 475 3056 missum
489 3020 550 3056 esse
561 3007 596 3056 ad
605 3007 730 3056 Xerxem.

188 3076 256 3126 Cum
267 3074 405 3124 Herodoto
419 3073 489 3124 lucit
497 3073 633 3124 Diodorus
644 3075 689 3132 XI,
703 3072 733 3124 19

188 3160 205 3194 a
214 3140 400 3192 Themistocle
413 3155 528 3191 narrans
541 3141 657 3190 tiliorum
668 3157 733 3206 pae-

187 3212 325 3276 dagogum
337 3210 447 3259 missum
461 3223 537 3271 esse,
555 3211 673 3274 itemque
687 3211 732 3259 Iu-

188 3279 276 3330 stinus
285 3278 320 3339 ll,
330 3276 369 3338 13,
381 3292 429 3342 per
439 3291 546 3326 servum
557 3275 637 3326 fidum
649 3277 732 3327 Xerxi

188 3345 260 3396 haec
277 3345 414 3394 indicasse
432 3343 647 3394 Themistoclem
670 3359 732 3393 nar-

189 3429 260 3464 rans.
298 3411 377 3474 Quod
393 3427 459 3462 vero
477 3411 549 3476 apud
565 3410 688 3474 Thucyd.
709 3413 729 3472 I,

191 3480 247 3543 137,
261 3495 357 3545 exque
368 3479 461 3529 harisit
470 3477 653 3542 CornelNep.
661 3477 731 3527 The-

190 3547 305 3599 mistocl.
314 3547 339 3609 9,
353 3545 553 3598 Themistocles
563 3545 660 3595 literas
672 3547 732 3610 regi

188 3616 333 3681 scripsisse
346 3621 486 3676 narratur,
507 3614 535 3663 id
548 3615 606 3663 iure
619 3613 731 3662 miratur

188 3683 355 3733 Valckenar.
368 3683 484 3748 indeque
499 3682 532 3732 ob
545 3681 679 3732 Herodoti
692 3685 731 3730 te-

188 3751 345 3802 stimouium
363 3767 379 3798 a
396 3755 452 3800 tam
471 3755 553 3801 cauto
565 3750 731 3814 imperatore

189 3834 237 3869 css
249 3819 369 3883 scriptas
381 3833 441 3868 esse
455 3825 551 3882 negat,
569 3816 730 3882 praesertim

188 3901 250 3936 com
263 3887 324 3952 ipso
337 3901 380 3936 τοι
397 3885 434 3934 sit
450 3887 561 3935 minime
581 3883 731 3934 credibilis.

187 3953 321 4006 Nimirum
337 3953 365 4002 in
379 3954 412 4003 iis
425 3953 526 4012 literis,
544 3967 612 4018 quas
624 3957 730 4017 postea,

187 4025 259 4072 teste
266 4021 425 4082 Thucydide
437 4021 466 4082 (l,
481 4019 537 4082 138)
552 4027 587 4077 et,
602 4021 647 4084 qui
659 4019 731 4070 hunc

188 4091 320 4154 sequitur,
334 4088 460 4139 Cornelio
470 4087 575 4154 Nepote
586 4088 651 4151 (vit.
659 4087 730 4138 The·

188 4156 305 4208 mistocl.
317 4155 357 4219 9),
378 4156 413 4206 ud
425 4157 616 4218 Artaxerxem,
633 4155 732 4206 Xerxis
782 4149 875 4222 τικὴν]
900 4155 921 4204 11
939 4153 1097 4206 Florentino
1120 4154 1229 4220 reposui
1248 4144 1327 4204 έπεί

187 4223 273 4274 tilium
283 4229 311 4274 et
320 4239 517 4284 successorem,
525 4223 633 4274 dedisse
645 4223 732 4272 fertur

187 4291 404 4351 Themistocles,
436 4289 470 4340 orl
494 4292 607 4342 Persam
635 4289 731 4340 contu

188 4361 267 4424 giens
298 4361 409 4424 citraque
445 4359 593 4408 amicitiam
623 4363 729 4424 petens,

786 1387 918 1454 gloriatur
936 1388 980 1438 hic
998 1404 1028 1439 se
1049 1395 1156 1456 petrem
1178 1389 1327 1456 (Xerxem),

786 1471 847 1505 curn
860 1457 888 1505 in
901 1457 995 1506 Asiam
1014 1458 1115 1506 reverti
1132 1457 1233 1522 vellet,
1249 1475 1327 1524 proe-

785 1522 822 1573 lio
835 1524 906 1588 apud
918 1523 1060 1576 Salamina
1073 1526 1147 1575 facto
1164 1525 1253 1576 literis
1271 1543 1328 1576 cer·
1362 1548 1367 1559 ·

785 1590 881 1640 tiorem
892 1592 1002 1653 iecisse,
1017 1593 1044 1642 id
1055 1593 1110 1658 agi,
1122 1597 1153 1642 ut
1160 1607 1237 1658 pons,
1248 1609 1328 1658 quem

784 1657 813 1706 in
830 1658 1011 1724 Hellesponto
1029 1660 1147 1718 fecerat,
1165 1661 1327 1711 dissolvere-

784 1730 828 1776 tur
846 1731 929 1792 atque
954 1727 988 1776 ab
1010 1727 1134 1777 hostibus
1155 1729 1326 1790 circuiretur,

784 1808 871 1858 eoque
889 1795 985 1843 nuntio
997 1795 1114 1844 Xerxem
1131 1795 1253 1859 periculo
1266 1813 1328 1846 esse

783 1859 940 1912 liberatum.
964 1861 1032 1910 Mihi
1044 1862 1098 1912 huc
1110 1863 1138 1912 in
1152 1877 1180 1911 re
1193 1879 1247 1914 non
1261 1863 1327 1912 mul-

784 1933 840 1978 tam
858 1928 968 1978 differre
987 1929 1106 1988 videtur,
1125 1944 1201 1990 num,
1225 1935 1255 1980 ut
1272 1931 1327 1980 Ile-

783 1996 894 2046 rodotus
916 1996 1013 2058 tradit,
1040 2013 1088 2062 per
1109 1998 1233 2047 nuntium
1255 1998 1327 2048 clam

784 2079 845 2112 cnm
858 2065 949 2114 Xerxe
968 2067 1056 2129 egerit
1072 2064 1273 2115 Themistocles
1292 2082 1327 2115 au

783 2131 872 2180 literis
886 2131 919 2180 ad
934 2147 1025 2194 regem
1038 2133 1183 2182 Persarum
1196 2132 1281 2194 datis,
1297 2139 1327 2182 ut
1392 2129 1395 2136 ’

784 2197 834 2248 alii
847 2199 970 2248 tradunt:
989 2199 1016 2248 id
1029 2205 1104 2248 certe
1116 2204 1231 2262 utroque
1248 2201 1326 2248 testi-

784 2266 874 2316 monio
886 2271 972 2330 patet,
986 2267 1057 2315 clam
1069 2281 1128 2314 cum
1138 2267 1228 2314 Xerxe
1238 2273 1326 2315 trans-

784 2333 874 2397 egisse
897 2333 1123 2392 'l'hemistoclem
1153 2347 1241 2396 neque
1262 2333 1326 2382 inde

784 2415 845 2448 cum
863 2399 1009 2449 Dunclrero
1033 2399 1213 2459 (Geschichte
1236 2397 1262 2448 d.
1280 2399 1324 2448 Al·

783 2465 864 2516 terth.
879 2467 924 2516 IV.
937 2483 962 2530 p.
975 2465 1035 2528 816)
1051 2465 1199 2532 malignum
1212 2466 1325 2516 dixerim

783 2533 965 2594 Herodotum,
991 2533 1024 2582 de
1048 2532 1231 2583 Themistocle
1255 2533 1326 2584 telis

781 2607 948 2660 tranantem,
963 2617 1050 2665 noque
1064 2616 1124 2650 eum
1138 2600 1194 2650 alio
1207 2602 1266 2650 viro
1279 2601 1324 2650 do-

783 2673 827 2718 cto
845 2668 920 2730 (Chr.
934 2670 1096 2718 Puetterero
1113 2668 1141 2718 in
1155 2667 1326 2718 Commenta·

782 2737 856 2786 tione
876 2735 953 2786 inodo
972 2736 1086 2786 laudata
1098 2753 1125 2801 p.
1137 2735 1181 2798 21)
1199 2735 1233 2786 ad
1246 2737 1325 2786 iabu-

783 2805 824 2854 las
847 2805 1001 2865 reiecerim‚
1027 2819 1097 2868 quoe
1114 2803 1270 2854 Herodotus
1291 2805 1324 2854 de

782 2871 968 2922 Themistocle
985 2872 1103 2921 Xerxem
1121 2872 1267 2921 certiorem
1284 2872 1325 2920 1ο-

783 2941 874 2990 ciente
891 2940 925 2988 de
944 2939 1111 2989 Graecorum
1133 2938 1257 2989 consiliis
1273 2938 1325 2989 hoe

783 3006 844 3057 loco
868 3011 988 3058 enarrat.
1028 3007 1197 3056 Herodotum
1221 3007 1249 3056 in
1272 3006 1325 3055 huc

783 3090 889 3139 quoque
911 3091 940 3123 re
962 3073 1032 3123 nihil
1055 3073 1128 3124 aliud
1149 3074 1250 3125 fecisse
1268 3074 1325 3124 exi-

783 3143 863 3192 stimo
880 3143 933 3191 nisi
951 3147 1081 3192 accnrate
1095 3141 1235 3202 retulisse,
1254 3156 1325 3206 quae

782 3210 856 3258 inter
865 3209 986 3260 Graecos
999 3224 1097 3274 sparsa
1110 3215 1189 3258 eraut
1201 3223 1324 3274 quaeque

782 3277 907 3341 probatis
920 3277 954 3325 ab
966 3277 1123 3326 auctoribus
1135 3277 1195 3340 ipse
1209 3291 1324 3340 accepe-

782 3349 833 3392 rat.
864 3345 904 3392 Er
918 3345 1030 3394 Ctesias
1044 3344 1191 3407 Excerptis
1203 3343 1325 3392 Persicis

782 3411 851 3460 nihil
878 3412 1034 3461 accuratius
1063 3411 1096 3459 de
1124 3409 1168 3459 his
1194 3409 1324 3474 cognosci

782 3493 863 3543 posse
876 3477 967 3538 doleo,
986 3479 1010 3527 si
1027 3476 1136 3542 quidem
1153 3476 1206 3526 hoc
1218 3479 1324 3525 tantum
1353 3538 1354 3541 Ἴ

784 3545 948 3610 epitomator
975 3545 1038 3594 inde
1063 3544 1210 3608 exscripsit
1232 3545 1255 3604 ἕ.
1279 3542 1325 3592 25:

783 3611 832 3663 κοιλ
856 3605 957 3677 φεύγει
978 3605 1052 3674 Sip}
1095 3647 1101 3670 ,
1126 3608 1215 3676 flavis
1237 3604 1325 3659 πάλιν

783 3677 832 3731 καλ
844 3673 929 3746 τέχνῃ
944 3628 1112 3743 horontius
1128 3673 1177 3728 aul
1191 3627 1324 3743 ὅεμιστο-

782 3742 882 3806 κλέους
894 3765 919 3798 κ.
932 3764 955 3798 τ.
969 3748 992 3798 λ.

817 3815 872 3866 τῶν
888 3811 937 3867 καὶ
951 3814 1086 3872 Σίκιννος
1103 3808 1118 3864 ὁ
1133 3807 1246 3879 οἰκέτης
1263 3799 1322 3864 αὖ·

781 3899 834 3943 τις
851 3875 972 3948 έγένειο]
992 3883 1096 3932 Vocula
1112 3867 1193 3942 αὖτις
1214 3881 1324 3946 (iterum)

782 3957 893 4018 spectat
906 3951 940 4002 ad
954 3967 1000 4007 ea,
1019 3966 1087 4016 quae
1102 3967 1185 4016 supra
1196 3950 1278 4014 VIII,
1292 3949 1324 4000 75

782 4020 886 4070 tradita
897 4019 1034 4084 leguntur.

817 4083 845 4138 οἳ
859 4079 924 4138 insi
934 4101 963 4136 τε
975 4077 1114 4138 ἀπίκοντο
1127 4077 1197 4148 πρὸς
1209 4077 1262 4151 τὴν
1273 4074 1324 4134 Ἀτ-

782 4237 830 4285 τε,
848 4223 983 4288 probsnte
998 4223 1113 4274 Bredov.
1129 4237 1193 4288 pag.
1210 4219 1256 4282 39,
1274 4236 1323 4286 pro

783 4281 897 4356 ἐπειδὴ,
911 4290 980 4354 quod
994 4307 1054 4340 cnm
1065 4290 1216 4340 Sohsetero
1228 4293 1324 4338 tenent

783 4357 906 4408 nonnulli
924 4358 1051 4408 editores.
1088 4357 1227 4420 „Mittitur
1243 4356 1324 4406 navis
