3040 4962
252 506 293 568 20
688 497 955 560 HERODOTI

252 675 365 743 λέοντο
388 673 443 742 καί
463 668 644 759 ἐτάρασσον
661 667 738 751 τούς
756 667 897 760 ταρσοὺς
921 673 989 740 τοῖν
1007 671 1153 740 κωπέων.
1186 676 1222 741 οί
1238 672 1275 742 δὲ
1294 693 1396 762 στρα-

251 777 364 844 τιῶται
381 779 417 843 oi
430 769 551 862 ταύτῃ,
570 768 747 852 ἀκούοντες
764 775 885 859 ταῦτα,
905 775 937 852 ές
951 769 1059 861 φόβον
1075 777 1282 862 κατιστέατο,
1303 777 1396 843 ἐλπί-

252 885 360 960 ζοντες
378 873 487 963 πάγχυ
510 869 728 961 ἀπολέεσθαι,
755 876 787 952 ές
805 867 858 942 οἷα
883 870 967 942 κακά
984 863 1082 961 ἧκον·
1111 875 1191 963 πρὶν
1214 871 1278 964 γὰρ
1296 869 1318 963 ἦ
1337 879 1396 944 καὶ

251 973 463 1047 ἆναπνεῦσαί
483 996 588 1064 σφεας
613 981 649 1044 έκ
671 1003 708 1044 τε
731 980 788 1062 τῆς
812 982 974 1062 ναυηγίης
997 977 1051 1044 καὶ
1075 977 1136 1044 τοῦ
1152 979 1312 1064 χειμῶνος
1330 981 1398 1045 τοῦ

250 1080 434 1169 γενομένου
452 1075 535 1147 κατὰ
553 1074 683 1164 Πήλιον
700 1071 847 1164 ὑπέλαβε
864 1083 1031 1165 ναυμαχίη
1049 1073 1208 1166 καρτερὴ,
1229 1080 1265 1146 ἐκ
1282 1077 1320 1146 oi
1333 1081 1396 1164 τῆς

250 1188 436 1270 ναυμαχίης
453 1176 576 1268 ὄμβρος
593 1205 629 1247 τε
647 1175 769 1266 λάβρος
787 1179 842 1247 καὶ
861 1175 1009 1266 ῥεύματα
1027 1173 1145 1266 ἰσχυρὰ
1165 1180 1196 1257 ές
1214 1177 1396 1249 θάλασσαν

252 1277 429 1372 ὁρμημένα
453 1286 594 1370 βρονταί
608 1285 810 1368 τεσκληραί.
856 1280 909 1348 καὶ
928 1276 1071 1348 τούτοισι
1089 1278 1151 1368 μὲν
1168 1277 1303 1367 τοιαύτη
1321 1277 1450 1364 vileir-‘e

206 1385 390 1472 13ἐγίνετο.
432 1391 525 1452 Τοῖσι
545 1381 582 1450 et
599 1391 752 1469 ταχθεῖσι
775 1375 887 1449 αὐτῶν
905 1377 1105 1470 περιπλώειν
1126 1377 1273 1467 Εὔβοιαν
1291 1375 1311 1468 ἡ
1331 1377 1393 1450 αὖ·

249 1483 290 1573 τή
315 1511 377 1573 περ
397 1487 497 1552 ἐοῦσα
518 1479 579 1565 veli
603 1478 726 1552 πολλὸν
743 1471 786 1569 ἦν
804 1488 850 1551 ἔτι
869 1477 1067 1572 ἀγριωτέρη,
1092 1479 1239 1576 τοσούτῳ
1258 1478 1326 1575 ὅσῳ
1355 1486 1394 1552 ἐν

251 1679 323 1730 Idem
352 1679 437 1728 verba
467 1679 619 1744 composita
651 1673 791 1740 συνειλέω,

250 1739 384 1796 κατειλέω
401 1749 521 1810 cepeoii,
546 1749 725 1810 ceropellemli,
749 1765 791 1796 nr-

248 1815 327 1877 pendi
348 1815 474 1872 notione,
499 1820 529 1862 ut
552 1820 669 1878 apparet
693 1831 726 1864 ex
750 1815 793 1870 iis,

250 1880 439 1946 quaeadm,
456 1879 493 1930 13.
506 1881 539 1929 45
557 1881 705 1930 attulimus.
741 1883 793 1930 Ne-

250 1939 794 2081 lit.“ltii'tttili¹{·.iii‘.⁸.².’li

249 2075 386 2146 βύρροον,
395 2082 441 2132 ubi
449 2081 585 2131 scholium
597 2084 708 2147 exponit
720 2097 794 2132 συν-

250 2147 427 2212 ωθοῦντος
458 2150 530 2200 oeni.
555 2151 638 2198 etiam
666 2151 707 2210 ΙΙ,
735 2150 793 2199 194.

250 2219 331 2276 VIII,
344 2216 403 2266 215.
424 2217 521 2278 Odyss.
537 2218 588 2274 XI,
606 2215 665 2266 573.
702 2219 793 2279 Quare

250 2285 301 2336 hoc
330 2299 436 2350 quoque
461 2285 593 2334 Herodoti
621 2285 681 2335 loeo
713 2279 794 2335 εέλέω

250 2355 363 2417 eiusque
375 2353 513 2418 passivum
525 2345 650 2416 είλέομαι
664 2353 697 2403 de
711 2353 793 2402 eada·

248 2420 359 2472 veribus
376 2421 540 2486 naviumque
553 2421 701 2470 fractarum
715 2421 792 2470 tabu-

249 2489 283 2537 lis
307 2489 366 2538 sive
390 2487 474 2552 lignis
496 2488 552 2537 diei
573 2489 697 2547 credam,
722 2503 792 2552 qnae

249 2555 335 2602 multa
360 2569 421 2603 eum
445 2563 551 2612 essent,
582 2557 657 2605 eires
680 2557 792 2605 nevinm

248 2635 344 2684 proras
361 2621 533 2685 cogebantur
549 2637 570 2671 s.
588 2623 791 2686 compelleban-

250 2693 294 2734 tur
317 2686 434 2750 Indeque
458 2688 539 2736 remis
565 2703 594 2736 se
619 2689 792 2754 implicentia

250 2767 358 2801 eorsum
371 2758 526 2817 motumque
539 2755 649 2803 navium
660 2756 790 2820 impelle·

250 2819 326 2868 bant.
361 2820 403 2868 De
425 2819 508 2870 verbe
535 2814 615 2870 eiie'co
636 2822 714 2886 plura
736 2822 790 2870 dis·

249 2886 358 2950 putavit
377 2886 537 2935 Buttmann.
563 2889 590 2936 in
609 2889 733 2953 Lexilog.
756 2891 791 2940 ll.

250 2969 276 3018 p.
297 2951 452 3009 141-156,
478 2959 573 3002 eontra
591 2970 670 3018 quem
688 2957 793 3006 exstitit

249 3019 377 3069 I'ritsehe
394 3021 423 3069 in
438 3020 587 3070 Comment.
607 3022 641 3071 od
654 3024 790 3088 Aristoph.

250 3087 318 3136 Rea.
335 3085 407 3135 1666.
425 3103 488 3152 pag.
503 3087 551 3137 344
565 3103 621 3152 seq.
658 3091 700 3138 'l'u
718 3093 790 3141 coni.

251 3153 334 3202 etism
349 3153 462 3202 Bredov.
477 3169 539 3220 pag.
556 3154 610 3205 146.

284 3211 440 3283 ἐτάρασσον
457 3215 523 3280 τούς
539 3217 660 3286 ταρσοὺς
672 3223 728 3274 τῶν
740 3242 790 3276 κω-

248 3281 333 3353 πέων]
353 3289 371 3337 i.
387 3304 410 3339 e.
428 3289 595 3353 impediebant
612 3295 734 3356 palmulae
751 3309 792 3344 re·

248 3371 349 3406 moriem.
385 3357 529 3436 Emperius
546 3357 665 3422 Opusee.
687 3359 791 3425 philoll.

248 3439 311 3490 pag.
322 3421 371 3474 312
381 3415 548 3488 ἅπαρασσον
557 3427 712 3492 suspicatur
724 3431 791 3479 seri-

249 3491 365 3542 bendum
383 3508 444 3543 esse
460 3508 508 3558 pro
529 3484 696 3556 ἐτάρασσον,
720 3497 791 3561 quod

248 3559 315 3608 mihi
339 3561 449 3624 quidem
473 3561 540 3611 setis
567 3563 714 3627 genuinum
738 3580 790 3614 nee

247 3625 392 3677 ullomodo
406 3628 568 3678 turbandum
578 3629 694 3680 veletur.
720 3632 790 3682 Cae·

247 3697 334 3740 terum
347 3694 505 3745 Herodotea
523 3696 592 3746 citet
609 3697 706 3747 Suidas
723 3714 745 3748 s.
763 3715 789 3750 v.

248 3751 350 3820 ταροός
363 3761 412 3809 ΙΙΙ.
426 3777 452 3826 p.
465 3763 529 3824 432,
547 3765 594 3813 ubi
613 3765 681 3814 haee
694 3766 790 3832 legun·

247 3829 303 3882 tnr,
327 3839 396 3888 quae
415 3829 511 3878 eedem
533 3837 642 3880 exstant
662 3833 689 3881 in
707 3833 788 3896 gloss.

248 3889 395 3968 Hermion:
414 3889 516 3956 ταρτὸς
528 3897 632 3960 κυρίως
646 3897 701 3948 τῶν
713 3891 789 3963 ὀρνί-

248 3955 341 4034 θωνη
354 3952 503 4040 πχέρωοιςε,
525 3953 583 4027 e'p'
593 3957 627 4014 οὖ
644 3962 693 4015 καλ
707 3959 721 4016 ὁ
734 3967 789 4017 τοῖν

247 4039 350 4104 κωποην
366 4041 464 4090 ομοιος
483 4043 498 4106 ρ
515 4027 714 4098 σχηματισμός.
749 4038 788 4085 Ae

247 4105 348 4154 ταρσος
370 4108 391 4142 s.
410 4109 513 4158 ταρρος
534 4097 585 4146 lieo
602 4099 662 4150 loeo
679 4103 790 4167 proprie

247 4174 297 4208 sua
309 4161 421 4212 notione
438 4161 539 4212 dieitur
556 4163 589 4214 de
602 4166 731 4218 inferiore
745 4186 789 4220 eo·

247 4241 299 4290 que
311 4225 408 4278 letiore
422 4245 554 4279 remorum
567 4237 645 4296 parte
658 4236 717 4286 sive
730 4237 788 4301 pel-

246 4292 328 4354 mnla,
341 4301 410 4346 testo
423 4297 575 4348 lloeelrhio:
589 4299 709 4352 Urkuntl.
721 4305 790 4354 iiber

246 4361 271 4409 d.
282 4361 397 4413 Attiseh.
406 4365 551 4415 Seewesen
561 4381 624 4432 pag.
639 4367 698 4430 ll'23
717 4373 789 4436 npnd

245 4427 413 4480 Herodotum
424 4433 470 4496 IX,
482 4431 513 4484 37
527 4433 589 4484 inde
602 4449 706 4500 quoqne
720 4439 787 4488 diei·

845 1683 889 1728 tnr
911 1669 925 1728 ὁ
948 1669 1050 1740 ταρσὸς
1068 1675 1119 1728 τοῦ
1135 1670 1232 1736 ποδός.
1268 1679 1311 1728 Tn
1333 1679 1391 1728 vid.

846 1761 951 1811 quoque
975 1746 1125 1808 Thucydid.
1149 1746 1212 1808 VII,
1238 1745 1272 1794 46
1296 1746 1392 1811 ibique

846 1815 999 1878 interpreti.
1035 1814 1098 1862 Ilox
1120 1805 1150 1862 οἶ
1171 1812 1339 1876 στρατιῶται
1362 1809 1395 1865 οἵ

845 1874 934 1945 ταύτῃ
947 1881 1028 1946 plene
1042 1885 1071 1929 ut
1085 1881 1119 1942 V,
1134 1881 1149 1928 2
1168 1873 1197 1929 οἶ
1209 1873 1298 1946 ταύτῃ
1309 1875 1392 1946 οίκη-

845 1943 934 2013 μένοι,
950 1949 997 1998 ubi
1010 1949 1082 1997 coni.
1091 1953 1157 1997 nott.
1178 1949 1218 1997 ΑιΙ
1231 1949 1391 2012 imperfecti

847 2017 960 2064 formam
973 2008 1148 2077 κατιστέατο,
1161 2021 1192 2064 ut
1203 2030 1285 2080 snpra
1299 2032 1360 2081 esp.
1374 2017 1392 2066 5

847 2083 904 2144 (ubi
922 2082 978 2132 vid.
998 2082 1077 2146 nott.)
1096 2073 1250 2147 ἠπιστέατο
1263 2085 1334 2133 coni.
1349 2084 1391 2132 al-

845 2149 904 2200 late
917 2166 934 2198 a
947 2151 1062 2200 Bredov.
1074 2165 1137 2216 pag.
1147 2149 1204 2200 329.
1215 2179 1246 2189 -
1261 2143 1389 2212 ἐλπίζον·

845 2232 889 2275 τες
900 2223 955 2267 est:
966 2225 1094 2282 putentes,
1108 2217 1272 2280 arbitrantes,
1287 2223 1318 2268 ut
1327 2235 1391 2268 sse-

844 2286 906 2350 pius
922 2287 993 2352 apud
1006 2286 1184 2334 Herodotum.
1215 2285 1294 2336 Coei.
1310 2288 1390 2337 moilo

844 2353 870 2406 I.
884 2353 916 2401 27
930 2353 1022 2418 ibique
1034 2357 1102 2402 nott.
1116 2353 1169 2412 111,
1186 2351 1242 2403 130.
1259 2353 1304 2402 151
1324 2353 1388 2404 coll.

845 2419 901 2470 llil.
931 2421 973 2470 Ae
986 2421 1148 2470 locutionem
1162 2411 1190 2478 ἐς
1202 2413 1251 2470 ele
1263 2417 1339 2470 κακὰ
1353 2423 1388 2470 si-

844 2487 921 2537 milia
944 2489 1078 2553 quaedam
1100 2487 1253 2537 attolerent
1269 2488 1388 2538 Valcke-

843 2570 900 2604 nnr.
920 2556 955 2604 ad
972 2555 1095 2622 Euripiil.
1114 2554 1256 2605 Phoeniss.
1278 2555 1342 2606 1633
1361 2563 1389 2606 et

844 2623 985 2672 Heindorf.
998 2624 1031 2672 nd
1042 2623 1165 2672 Platonis
1175 2623 1315 2672 Phaedon.
1323 2639 1387 2690 pag.

842 2688 900 2737 ¹262.
927 2690 971 2738 lta
982 2691 1053 2740 enim
1067 2691 1108 2740 his
1121 2690 1193 2740 locis
1205 2691 1315 2756 ponitur
1328 2686 1387 2754 oie,

842 2760 872 2804 ut
883 2772 932 2834 pro
945 2746 987 2806 ὅτι
1001 2757 1119 2808 τοιαῦτα
1134 2759 1199 2824 poni
1212 2759 1361 2809 existimes.

875 2817 999 2889 νπέλαβε
1021 2829 1167 2890 ναυμαχίη
1184 2819 1321 2892 καρτερή]
1345 2827 1387 2876 Ad

843 2891 955 2940 verbum
983 2885 1107 2958 ὑπέλαβε
1137 2894 1210 2943 eonf.
1238 2893 1326 2943 allata
1351 2895 1388 2944 ad

844 2957 940 3019 v1,27
954 2965 982 3008 et
994 2961 1017 3024 1,
1030 2962 1071 3009 24.
1107 2961 1170 3010 liox
1181 2962 1311 3010 revocavi
1325 2977 1387 3011 eum

843 3025 996 3106 Sohweigh.
1023 3033 1050 3077 ot
1075 3027 1161 3079 Gaisi.
1186 3021 1308 3094 καρτερὴ
1337 3045 1386 3094 pro

842 3106 979 3158 κρατερη,
994 3095 1089 3159 quode
1103 3096 1262 3146 Florentino
1276 3097 1386 3160 alioque

842 3157 912 3208 libro
923 3161 1091 3211 retinuerunt
1100 3163 1384 3226 Sehseierus,Matth.

842 3229 870 3274 et
883 3227 1000 3278 Bekker.
1032 3229 1112 3282 Corsi.
1126 3231 1227 3280 Herod.
1240 3231 1266 3290 1,
1280 3229 1322 3280 76.
1336 3232 1384 3294 VI,

844 3291 900 3342 101.
915 3295 961 3356 lx,
974 3295 999 3346 6.
1019 3297 1133 3347 Bredev.
1146 3314 1172 3362 p.
1186 3297 1241 3346 160.
1261 3297 1307 3347 Sie
1321 3313 1385 3363 quo-

843 3376 894 3436 qqe
913 3363 941 3411 in
954 3365 1074 3428 proxime
1087 3381 1162 3430 seqq.
1176 3380 1224 3430 pro
1238 3353 1343 3430 ὄμβρος
1355 3381 1385 3416 τε

842 3427 946 3492 λαβρος
968 3431 995 3480 in
1013 3447 1065 3481 nne
1082 3432 1151 3482 libro
1168 3437 1276 3482 vetusto
1295 3437 1386 3483 exstat

841 3492 991 3562 κρατερὸς,
1014 3501 1041 3547 in
1064 3499 1119 3548 elio
1140 3494 1289 3564 καρτερός,
1313 3501 1386 3565 quon

842 3569 983 3631 utrumque
995 3583 1009 3616 e
1020 3566 1113 3632 glossa
1124 3568 1233 3617 duetum
1244 3573 1316 3632 puto.
1333 3569 1385 3618 Vo-

842 3647 901 3681 oem
919 3627 1023 3700 λα’βρος
1041 3635 1123 3700 attigi
1141 3635 1176 3684 ad
1193 3635 1220 3696 1,
1237 3636 1278 3683 87.
1314 3635 1383 3684 Aen.

842 3699 992 3752 Blemiield.
1012 3702 1040 3750 in
1059 3701 1179 3755 Glossar.
1201 3703 1236 3751 ad
1253 3703 1384 3766 Aeschyli

842 3766 916 3817 Pers.
937 3768 994 3818 114.
1010 3795 1045 3804 -
1061 3769 1092 3818 In
1109 3769 1162 3819 fine
1181 3785 1242 3834 esp.
1262 3783 1322 3818 eum
1341 3786 1385 3818 re-

841 3840 925 3883 eentt.
940 3837 999 3888 edd.
1014 3837 1121 3886 restitui
1130 3831 1248 3901 τοιαύτη
1261 3829 1313 3898 νύξ
1326 3829 1383 3902 lyt-

841 3915 917 3961 νετο,
936 3903 983 3952 nbi
1000 3903 1165 3955 Sohaeierus
1182 3905 1215 3954 de
1233 3919 1282 3954 suo
1301 3905 1384 3954 dede·

840 3963 986 4034 ταλὴνύξ.

1031 4139 1098 4191 Cer.
1116 4141 1193 4191 XIII.

874 4231 996 4306 τοσούτῳ
1009 4227 1065 4306 ὅσῳ
1077 4257 1101 4290 κ.
1114 4257 1137 4290 τ.
1148 4239 1182 4307 L]
1197 4242 1297 4308 attigit
1310 4243 1382 4293 Mat·

840 4303 916 4354 thiae
930 4305 975 4355 Gr.
990 4307 1035 4357 Gr.
1046 4309 1069 4368 ξ.
1080 4309 1137 4358 455.
1151 4309 1234 4358 not.7
1248 4315 1275 4358 et
1286 4327 1310 4374 p.
1321 4311 1382 4361 4811.

840 4372 958 4437 itemque
966 4374 1102 4424 Kuehner.
1110 4377 1155 4425 Gr.
1164 4376 1302 4436 (tresel.
1313 4379 1382 4430 Ado.

840 4439 973 4490 Schneier
990 4443 1120 4507 Apparet.
1144 4444 1204 4494 erit.
1228 4445 1262 4494 ad
1281 4445 1382 4496 Demo-
