3074 4960
255 445 316 506 128
693 437 961 499 HERODOTI

254 639 332 682 κεον
359 614 471 700 μέντοι
503 606 614 679 αὐτοῖν
641 606 723 678 κατά
751 607 808 690 τάς
844 611 1079 698 Θεμιστοκλέος
1110 605 1242 688 ἐντολάς
1275 605 1392 698 ὀλίγοι,

253 719 289 783 οἱ
309 713 345 782 δὲ
369 715 510 792 πλεῦνες
531 709 580 780 οὔ.
606 707 692 800 ’Ἐχα
718 713 780 800 μέν
806 739 870 780 νυν
897 714 1031 800 συχναῖν
1056 705 1224 799 οὐνόματα
1241 707 1394 800 τριηράρ-

253 844 322 904 χων
345 817 532 902 καταλέξαι,
557 815 624 882 τάν
651 815 728 894 νέας
752 806 943 900 Ἑλληνίδας
968 809 1128 899 ἑλόντων,
1170 809 1331 902 χρήσομαι
1357 811 1394 880 δὲ

253 912 382 986 αὐτοῖσι
416 912 535 1004 οὐδὲν,
572 911 659 1002 πλήν
689 911 915 1003 Θεομήστορός
949 941 984 983 τε
1018 917 1078 982 τού
1109 909 1393 1002 Ἀνδροδάμαντος

253 1020 309 1087 καὶ
334 1014 492 1088 Φυλάκου
519 1019 581 1087 τοῦ
609 1011 779 1105 Ἱστιαίου,
814 1022 954 1105 Σαμίαν
975 1009 1180 1108 άμφοτέρων.
1232 1017 1332 1084 τοῦδε
1356 1013 1393 1084 δὲ

254 1122 553 1209 εἵνεκα-μέμνημαι
582 1116 710 1188 τούτων
738 1114 888 1207 μούναν,
923 1113 973 1186 ὅτι
1009 1114 1208 1206 Θεομήστωρ
1241 1116 1303 1206 μὲν
1339 1113 1394 1184 διά

252 1224 349 1291 τοῦτο
367 1219 403 1291 τὸ
422 1227 520 1310 ἔργον
536 1217 654 1310 Σάμου
673 1217 909 1309 ἐτυράννευσε,
928 1217 1205 1306 καταστησάντων
1221 1219 1289 1286 τῶν
1306 1227 1392 1308 Περ

252 1326 354 1393 σέων·
380 1321 533 1404 Φύλακος
553 1322 589 1391 δὲ
608 1316 781 1412 εὐεργέτης
800 1323 951 1410 βασιλέος
968 1315 1157 1410 άνεγράφη,
1181 1319 1236 1388 καὶ
1253 1316 1344 1410 χάρη
1361 1322 1396 1388 ολ

254 1421 409 1514 ἐδωρήθη
427 1423 541 1512 πολλή.
567 1427 602 1492 αι’
618 1419 650 1491 δ’
671 1418 839 1512 εὐεργέται
856 1425 918 1492 τοῦ
934 1425 1086 1510 βασιλέος
1103 1417 1281 1512 ὀροσάγγαι
1300 1422 1393 1489 καλέ·

206 1539 346 1600 sconem
370 1533 538 1616 Περσιστί.
584 1526 660 1614 περὶ
695 1527 756 1614 μέν
780 1553 845 1594 υυν
869 1521 1007 1604 τούτους
1033 1519 1120 1592 οὕτω
1148 1521 1223 1612 εἶχε.
1283 1519 1327 1591 Τό
1356 1521 1392 1590 δὲ
1517 1559 1518 1564 ¹

253 1630 382 1714 πλῆθος
399 1629 467 1696 τάν
484 1629 571 1697 νεοῖν
584 1629 620 1695 έν
637 1629 679 1715 τῇ
690 1633 856 1714 Σαλαμῖνι
876 1627 1067 1716 έκεραῖζετο,
1086 1628 1124 1693 αλ
1137 1625 1200 1714 μὲν
1217 1618 1278 1692 ὑπ’
1296 1619 1392 1710 Ἀθη-

253 1824 340 1874 derat.
377 1824 478 1874 Falsus
497 1825 567 1874 enim
585 1829 627 1874 esi
643 1823 795 1873 Themisto·
848 1839 934 1888 prium
948 1823 1060 1872 rubisce
1072 1837 1133 1872 esse
1144 1815 1287 1873 verbum
1267 1813 1393 1886 αναγρά-

253 1891 324 1952 οΙοε,
344 1905 458 1956 sperans
477 1894 548 1954 lore,
565 1898 596 1941 ut
612 1891 797 1956 plureslcnes
849 1891 958 1954 φεσδαι
983 1891 1091 1950 docuit,
1113 1890 1237 1955 pluribus
1260 1889 1329 1938 locis
1353 1887 1393 1938 al-

254 1960 288 2009 ad
302 1959 425 2010 Graecos
438 1961 588 2010 transirent
606 1963 654 2008 aut
667 1963 741 2008 certe
755 1974 797 2008 se
849 1958 927 2018 latis,
954 1928 1098 2008 Heindorf.
1121 1957 1156 2006 ad
1178 1956 1286 2007 Platon.
1309 1956 1392 2022 Gorg.

253 2027 344 2092 gniter
357 2042 476 2092 pugnam
491 2028 721 2082 administrarent,
735 2041 796 2076 cum
848 2027 873 2086 ξ.
886 2025 942 2076 132.
956 2041 1027 2108 pag.
1029 2024 1079 2074 205
1092 2019 1231 2104 (μέγιστος
1244 2015 1392 2104 εὐεργέτης

252 2093 361 2144 fortiter
370 2094 412 2144 ills
422 2095 705 2160 pugnareutadeoque
714 2093 798 2143 (irae
849 2109 907 2156 παρ
912 2083 995 2158 ’ἐμοὶ
1007 2082 1208 2157 άναγεγράψη)
1225 2107 1241 2140 a
1255 2093 1302 2141 Cr.
1316 2093 1390 2140 exci-

253 2177 301 2211 cas
315 2168 447 2227 caperent
460 2178 557 2212 naves
578 2162 648 2227 quod
662 2176 709 2226 qur
722 2161 796 2210 iece—
848 2167 931 2210 tatus.
961 2161 1084 2224 Namque
1103 2159 1392 2209 docenteSluiteroin

252 2234 328 2287 runt,
353 2245 443 2279 eorum
466 2232 577 2280 nomina
595 2230 742 2295 prudenter
760 2231 797 2278 si·
848 2229 940 2278 Leett.
957 2227 1107 2277 Andocidd.
1125 2243 1151 2293 p.
1170 2226 1218 2276 201
1238 2227 1301 2292 (quo
1320 2226 1392 2275 bene

252 2296 337 2346 lentio
354 2299 456 2362 pressit
471 2299 583 2359 Noster,
610 2297 710 2362 quippe
733 2312 796 2346 con·
848 2297 934 2345 utitur
946 2295 1031 2344 llose:
1050 2296 1188 2360 Inscriptt.
1200 2294 1314 2344 Gracco.
1325 2309 1390 2359 pag.

251 2367 367 2430 temptui
393 2371 440 2415 aut
464 2365 597 2418 oblivioni
620 2366 795 2424 traditorum

251 2432 317 2482 duos
330 2437 435 2483 tantum
448 2439 591 2496 memorat,
612 2448 678 2498 quos
695 2432 729 2482 ob
744 2431 796 2480 fcr-

251 2500 376 2550 titudinis
395 2503 548 2568 specimina
566 2472 691 2551 alhibita
705 2499 796 2564 splen-

251 2567 312 2616 dide
331 2583 377 2616 rex
394 2576 584 2619 remuneratus
602 2572 657 2629 est,
680 2567 797 2616 alterum

251 2635 326 2684 Sami
351 2639 522 2686 constituens
545 2641 702 2714 tyranuum,
729 2634 797 2684 alte

250 2716 308 2750 rum
322 2704 402 2753 terris
420 2704 523 2752 donans
535 2703 732 2784 prosaugisque
749 2700 795 2750 ad-

251 2768 389 2819 scribens:
409 2786 461 2834 quo
471 2771 580 2820 nominc
594 2769 623 2829 ii,
622 2785 678 2850 ραι
674 2770 722 2817 de
734 2783 795 2830 repe

251 2836 312 2885 bene
325 2844 477 2896 meruerant,
491 2828 561 2887 οῖ’
530 2830 675 2902 ενεργέται
685 2849 735 2886 του
726 2833 794 2901 ’βα-

251 2897 355 2964 σιλέος,
375 2909 405 2953 ut
422 2921 483 2954 mox
499 2906 598 2955 Noster
618 2904 669 2966 ait,
692 2901 795 2983 signiti-

252 2972 529 3022 contur.horum1n
547 2987 671 3033 numero,
690 2973 793 3052 opinor,

252 3039 305 3087 fait
318 3053 423 3103 quoque
437 3039 542 3104 Syloso,
556 3040 601 3104 qui
616 3039 650 3088 ad
662 3041 735 3104 regis
747 3053 794 3152 pa-

250 3105 347 3154 latium
361 3107 432 3157 Susa
445 3109 581 3158 accedens
600 3101 655 3172 ἔφη
669 3105 794 3170 Δαρείου

252 3162 401 3240 ευεργέτης
414 3167 499 3236 εἶναι,
513 3181 585 3226 teste
594 3174 733 3223 Herodoto
744 3173 793 3232 ΙΙΙ,

254 3239 315 3300 140,
329 3242 376 3292 ubi
389 3243 444 3292 vid.
457 3249 526 3293 nott.
562 3243 594 3290 ln
606 3242 710 3308 Lexico
724 3241 794 3290 ithe-

251 3309 339 3358 torico
362 3309 407 3372 (ad
427 3311 533 3360 calcem
550 3309 643 3359 Photii
663 3325 728 3375 pag.
746 3307 795 3358 674

252 3375 294 3427 cd.
307 3377 419 3428 Person.
435 3378 486 3428 et'
478 3394 507 3427 rn
516 3378 615 3428 Meteri
632 3377 728 3442 Progr.
738 3375 795 3425 lle-

250 3443 401 3497 lens.1843
416 3441 623 3512 [Fragmentum
638 3444 722 3494 lexici
734 3443 795 3492 rhe-

237 3513 330 3562 ·torici
344 3513 445 3564 aditum
460 3520 513 3564 etc.
543 3529 569 3578 p
581 3512 700 3562 XXVIII
712 3511 795 3588 seq.:)

251 3572 404 3661 ὀροσάγγαι
420 3575 473 3647 μέν
495 3596 511 3630 ο
545 3572 795 3646 σωματοφύλα-

250 3663 322 3712 κες,
336 3650 418 3714 inque
431 3650 617 3700 testimonium
627 3649 689 3698 iiie·
681 3664 741 3714 ipse
755 3647 796 3696 al·

252 3715 340 3764 fertur
353 3717 486 3778 Herodoti
504 3717 587 3768 locus.
622 3717 661 3766 Ac
679 3716 775 3766 talcs'
768 3731 796 3764 m

251 3785 434 3834 monumentis
461 3784 677 3848 Persepolitanis
707 3784 796 3834 adhuc

251 3850 387 3966 illiti?
390 3851 796 3985 lilllilirflilliislllil

250 3997 310 4032 ram
329 3983 424 4049 lingua
445 3983 533 4036 dictos
552 3987 666 4052 Ετεειιρ,
688 3985 744 4048 vel,
768 3989 798 4034 ut

252 4052 324 4099 idem
343 4053 386 4102 vir
403 4053 499 4105 doctus
517 4053 594 4135 (ibid.
618 4054 687 4104 CXI.
706 4071 732 4117 p.
751 4051 794 4116 33)

252 4119 349 4168 scribit
352 4121 561 4188 ,Emrenpsr‘b‚'
554 4140 572 4172 r.
586 4138 609 4172 s
622 4123 794 4178 soliidccora,

252 4192 283 4236 ut
301 4156 371 4238 idelis
393 4191 599 4256 interpretatur
635 4189 797 4239 Boetticlror

252 4255 383 4308 istricis
400 4275 463 4325 pag.
477 4259 510 4308 24
530 4257 610 4307 affert
627 4271 722 4306 vocem
740 4273 796 4306 urn-

247 4319 338 4402 ραλεα.
373 4327 451 4408 Quod
465 4331 556 4376 autem
570 4322 707 4401 Phylacus
720 4314 796 4388 εάερ·

252 4383 478 4459 γε’τηεβασιλέοε
501 4383 705 4457 α’νεκεᾶφη,
736 4407 797 4457 rw·

851 2361 895 2412 181
920 2363 977 2412 alia
999 2363 1134 2427 quaedam
1156 2361 1313 2425 adficiens),
1339 2361 1391 2411 hoc

848 2431 960 2480 verbum
982 2431 1092 2495 proprie
1115 2430 1148 2479 de
1167 2429 1202 2479 iis
1224 2429 1305 2478 rebus
1322 2427 1392 2478 dici-

848 2501 905 2559 tur,
925 2514 995 2564 quae
1015 2497 1183 2547 sollemniter
1199 2497 1393 2546 describuntur

850 2567 918 2614 etin
931 2565 1041 2614 tabulas
1059 2565 1270 2614 referunturn-
1287 2565 1392 2614 Nomen

849 2627 1046 2698 Θεομήστορος
1059 2633 1129 2682 idem
1144 2633 1202 2681 fere
1213 2637 1306 2693 sonet,
1321 2631 1392 2710 qpod

849 2701 1015 2750 adiectivnm
1034 2692 1215 2765 θεομήστωρ,
1238 2715 1290 2763 quo
1307 2699 1393 2748 utitur

846 2768 998 2831 Aeschylus
1011 2768 1087 2818 Pers.
1100 2767 1151 2817 059
1168 2771 1229 2832 (par
1246 2767 1295 2817 diis
1307 2767 1389 2817 coasi-

846 2837 959 2898 liatiaa)‚
979 2835 1123 2886 confictum
1141 2851 1174 2885 cx
1187 2835 1333 2884 Homerico
1347 2833 1389 2882 lli.

846 2904 898 2966 VI,
918 2903 974 2953 3116.
1016 2903 1092 2952 Idem
1115 2917 1213 2953 nomen
1238 2919 1272 2951 ex
1295 2902 1391 2952 inscri-

845 2972 937 3036 ptione
948 2970 1057 3020 Graeca
1067 2971 1123 3036 (sp
1132 2971 1212 3036 Spon.
1221 2970 1299 3019 Misc.
1307 2969 1389 3018 Erud.

846 3042 907 3088 Ant.
921 3055 984 3104 pag
998 3037 1058 3102 3118)
1072 3036 1341 3104 prosertBlomfield.
1355 3037 1390 3086 ad

846 3107 977 3169 Aeschyli
990 3105 1079 3156 locum
1092 3105 1288 3155 leudatnmn-
1304 3103 1390 3156 τοῦδε

847 3166 879 3223 δέ
902 3174 1000 3239 scripsi
1022 3189 1071 3239 pre
1093 3174 1167 3239 vulg.
1189 3171 1242 3223 τοῦ
1263 3167 1309 3234 δές
1333 3172 1389 3224 vid.

846 3246 914 3291 nott.
929 3243 963 3292 ad
976 3243 1027 3304 Ill,
1040 3241 1081 3292 43.

874 3303 1111 3373 καταστησάντων
1121 3301 1353 3373 τῶνΠερσέων]ἰ.
1365 3323 1389 3357 e.

846 3393 899 3428 casa
913 3379 1010 3428 Persae
1026 3394 1080 3428 erem
1096 3378 1283 3427 constituissent
1300 3381 1390 3438 Ιγτακ·

847 3463 916 3506 arcos,
935 3461 957 3496 s.
975 3463 992 3495 a
1008 3447 1097 3496 Persis
1114 3445 1271 3495 constitutas.
1308 3443 1389 3493 Cous.

847 3519 915 3564 nott.
941 3514 976 3562 ad
999 3514 1065 3576 Vll,
1086 3511 1133 3561 105
1157 3516 1185 3561 et
1203 3512 1257 3560 vid.
1276 3511 1328 3572 IX,
1346 3509 1389 3560 90.

846 3581 947 3631 Persas
971 3582 998 3630 in
1024 3580 1191 3630 Graecorum
1218 3579 1388 3638 civitatibus,

848 3663 916 3714 quas
926 3649 979 3698 sibi
991 3648 1176 3708 subiecerant,
1186 3651 1318 3710 tyrannos
1328 3661 1391 3696 cou-

847 3717 962 3766 stitnere
981 3717 1157 3766 consuevisse
1176 3717 1232 3764 iam
1245 3715 1280 3764 ed
1293 3715 1344 3776 lv,
1357 3711 1392 3762 98

848 3789 876 3834 et
890 3783 936 3834 137
950 3785 1111 3834 monuimus.

1005 3953 1072 4004 Car.
1090 3953 1237 4002 LXXXVI.
1331 3963 1334 3971 ’
1383 3949 1391 3970 ’

882 4045 1053 4121 ἐκεραΐζετο]
1084 4055 1186 4118 attigit
1209 4053 1335 4106 Eustath.
1356 4053 1391 4102 ad

847 4122 891 4173 lli.
908 4141 935 4188 p.
948 4121 1009 4184 364,
1023 4124 1094 4172 25s.
1108 4121 1159 4172 460
1176 4127 1260 4184 exta,
1278 4135 1391 4171 monens

847 4187 991 4254 κεραΐζειυ
1001 4190 1165 4256 simpliciter
1175 4191 1239 4255 poni
1250 4205 1298 4254 pro
1306 4186 1390 4253 φθεί-

849 4273 918 4322 ρειν.
960 4258 1026 4308 lnde
1045 4259 1127 4326 vulgo
1151 4259 1280 4308 reddunt:
1301 4257 1390 4321 periit.

849 4325 992 4376 invadendi·
1005 4341 1038 4376 ac
1052 4327 1116 4378 dein
1128 4327 1272 4409 diripiendi
1278 4325 1390 4375 notione

849 4393 901 4444 hoc
918 4395 1031 4445 verbum
1048 4397 1166 4460 positum
1180 4395 1334 4447 invenimus
1346 4405 1390 4442 su·
