3068 4964
538 481 740 542 URANIA.
764 483 854 540 VIII.
881 491 938 544 138.
1239 487 1301 546 207

161 645 302 741 riulp'dl
313 655 381 722 suiv
398 650 515 739 κήπων
532 641 632 741 οὖρος
650 653 769 740 κέεται,
788 654 931 740 Βέρμιον
946 649 1083 741 οὕνομα,
1101 650 1225 741 ἄβατον
1236 649 1302 724 aad

163 757 332 842 χειμῶνος.
372 756 532 823 ἐνθεῦτεν
551 753 588 822 δὲ
604 747 819 844 ὁρμεῶμενοι,
855 747 899 833 ὦς
921 752 1046 842 ταύτην
1064 759 1174 844 ἔσχον,
1210 783 1302 825 κατε-

162 935 227 983 pag.
240 917 283 968 62.
298 919 329 968 fr.
343 917 385 980 74)
400 933 565 984 sexagenum
580 917 706 968 foliorum
758 917 967 967 Haliacmonem
985 919 1054 968 situs
1077 923 1104 968 et
1122 919 1230 984 quidem
1247 936 1302 970 nou

163 1001 240 1035 rosas
257 987 285 1034 in
299 988 403 1050 campis
416 985 552 1035 Emathiis
569 985 647 1036 nasci
660 1003 705 1034 ca·
757 983 838 1049 louge
857 986 892 1034 ab
910 985 1091 1036 Haliacmone
1110 988 1144 1035 ad
1162 987 1301 1037 meridiem

162 1056 216 1114 nit,
235 1055 355 1118 itemque
373 1053 444 1102 Plin.
463 1053 498 1102 H.
512 1054 543 1103 N.
558 1054 664 1114 xxm
683 1068 706 1102 s.
757 1053 969 1117 praeterfluente
989 1059 1016 1103 et
1034 1053 1068 1103 ad
1085 1070 1213 1104 occasum
1227 1055 1302 1104 urbia

164 1120 203 1170 10.
223 1121 245 1180 ξ.
269 1121 306 1169 ll.
343 1122 374 1170 In
396 1121 527 1186 proximis
544 1121 650 1170 verbis:
675 1112 706 1170 ἐν
757 1122 1301 1182 Beroenea,utnuncretentoiereno-

758 1188 830 1237 mine
840 1193 934 1238 vetere
944 1195 1053 1250 vocant,
1066 1191 1169 1252 Verria,
1180 1189 1251 1238 uude
1262 1191 1302 1238 in·

759 1255 868 1306 ferioris
881 1256 1063 1306 Macedoniae
1081 1256 1212 1321 planities
1228 1272 1302 1306 marc

758 1337 854 1372 versus
868 1323 1031 1386 extenditur,
1046 1326 1176 1390 exsurgit.
1197 1325 1260 1375 Vid.
1271 1326 1301 1374 Ο.

759 1389 793 1440 Ο.
806 1391 923 1441 Mueller
934 1391 954 1441 l.
966 1391 984 1440 l.
997 1407 1025 1457 p.
1036 1389 1087 1441 67
1107 1399 1134 1442 et
1147 1393 1193 1457 qui
1205 1393 1238 1441 de
1250 1393 1303 1441 Be-

758 1473 824 1507 roes
838 1473 871 1508 ac
884 1460 996 1524 regione
1008 1459 1102 1510 vicina
1113 1475 1201 1526 nuper
1211 1461 1302 1526 dispu-

759 1529 852 1574 tarunt
862 1525 1027 1590 Consiudry:
1040 1527 1152 1593 Voyage
1165 1544 1199 1578 en
1209 1528 1301 1577 Mace·

758 1593 820 1640 dou.
833 1595 854 1642 I.
866 1609 927 1658 cap.
938 1594 954 1645 3
968 1611 1000 1644 ac
1013 1595 1181 1658 potissimum
1191 1595 1300 1645 Leuke:

758 1660 874 1710 Travels
891 1662 920 1710 iu
932 1661 1026 1711 North.
1042 1663 1147 1714 Graece
1165 1664 1186 1716 1.
1202 1680 1228 1728 p.
1242 1663 1300 1713 305.

758 1727 810 1776 III.
824 1744 850 1793 p.
863 1727 914 1778 ‘290
926 1745 1014 1794 seqq,
1035 1731 1080 1814 qui
1093 1733 1151 1796 ipse
1163 1731 1302 1780 Bermium

758 1806 890 1857 montem,
922 1813 1001 1862 quem
1028 1797 1138 1864 αβιιτον
1165 1790 1222 1848 ὑπὸ
1247 1812 1303 1864 χει-

757 1861 850 1927 μῶνος
862 1865 963 1914 Noster
980 1865 1061 1926 dialt,
1080 1867 1206 1916 ascendit
1223 1873 1250 1915 et
1268 1866 1303 1916 ad

758 1945 889 1980 summum
900 1934 959 1982 eius
969 1949 1101 1984 cacumen
1111 1935 1246 2000 pervenit,
1258 1933 1303 1984 cui

757 2013 829 2048 nunc
847 2015 944 2050 nomeu
959 2002 1053 2053 litorea
1069 2003 1114 2052 vel
1132 2002 1302 2065 frequentius

758 2066 943 2126 Xeroh'aadho,
969 2085 986 2118 a
1009 2072 1072 2120 vico
1097 2071 1228 2135 quodam,
1256 2070 1302 2134 qui

758 2148 812 2183 uon
828 2134 910 2200 longe
928 2142 1046 2188 remotus
1064 2139 1127 2186 inde
1140 2137 1206 2187 olim
1219 2137 1302 2186 exsti·

758 2202 824 2252 iisse
843 2203 929 2252 fertur
946 2205 1011 2266 (vid.
1028 2222 1054 2270 p.
1068 2203 1139 2268 297).
1175 2205 1234 2252 Iam
1247 2205 1301 2253 He-

757 2269 880 2319 rodotum
890 2272 914 2319 si
924 2271 1133 2335 sequimur(vid.
1141 2270 1172 2320 C.
1180 2269 1212 2320 Ο.
1220 2270 1304 2319 Muel-

757 2335 798 2385 ler
815 2336 833 2386 1.
846 2337 863 2385 l.
877 2353 903 2402 p.
917 2338 958 2387 24.
969 2339 1010 2387 25.
1026 2338 1121 2388 Leuke
1134 2338 1151 2386 l.
1163 2337 1181 2385 l.
1193 2354 1219 2402 p.
1230 2337 1300 2398 447),
1365 2341 1368 2349 '

758 2405 832 2453 circa
856 2404 928 2453 hauc
953 2405 1087 2455 Beroeam
1111 2405 1188 2454 fuere
1210 2403 1301 2452 Midae

756 2470 829 2519 horti
853 2472 881 2520 in
906 2479 996 2521 moute
1019 2473 1127 2522 Bermio
1151 2473 1225 2520 intra
1250 2471 1302 2534 Ly·

758 2537 831 2586 diam
843 2543 924 2603 atque
935 2540 1155 2602 Haliacmonem,
1168 2539 1197 2588 iu
1208 2554 1241 2588 ea
1251 2539 1302 2604 igi-

757 2610 801 2654 tur
818 2607 995 2667 Macedonia,
1021 2623 1092 2673 quae
1116 2607 1228 2672 propria
1250 2607 1303 2656 suit

758 2689 791 2722 ac
809 2675 961 2738 primitiva,
987 2675 1021 2725 de
1040 2691 1094 2741 qua
1112 2675 1167 2725 disi
1187 2675 1221 2724 ad
1238 2675 1299 2738 VII,

759 2739 816 2792 127.
839 2741 927 2792 Aliter
939 2743 972 2792 de
985 2744 1028 2793 bis
1040 2744 1138 2794 statuit
1150 2743 1218 2794 Abel
1232 2743 1301 2806 (Ma-

162 1181 286 1238 rodrocus
311 1184 359 1238 aul
382 1181 397 1237 ὁ
416 1183 539 1252 Σιληνὸς
561 1190 633 1238 τοῖσι
656 1183 705 1252 κή-

161 1270 241 1308 ποισι
259 1270 406 1320 pronomen
428 1256 670 1306 demonstrativum
689 1271 705 1304 a

161 1339 210 1372 suo
223 1323 397 1373 substantivo
415 1323 522 1387 aliquot
535 1324 649 1373 vocibus
667 1325 707 1372 in-

159 1391 288 1440 teriectis
306 1391 469 1439 distractum
484 1391 613 1441 observat
625 1390 706 1440 Flue-

161 1458 208 1524 gel
222 1457 354 1509 Obserw.
373 1459 401 1506 iu
419 1457 559 1508 Plutarch.
574 1457 705 1508 Phocion.

160 1542 187 1592 p.
199 1526 225 1575 6.
239 1526 263 1588 7,
278 1526 324 1575 ubi
337 1525 391 1578 vid.
405 1523 493 1590 plura.
511 1525 610 1574 Maluit
622 1526 707 1574 verba

159 1596 235 1643 τοῖσι
245 1587 360 1658 κήποισι
371 1593 493 1642 abiicere
500 1593 588 1642 Cobet
597 1594 705 1642 inMue-

159 1674 267 1724 tuosyu.
282 1661 328 1711 IX.
346 1678 372 1726 p.
386 1659 437 1710 ’266
448 1675 520 1726 seq.,
540 1676 591 1724 quo
611 1660 705 1710 eodem

162 1734 276 1778 auctore
289 1730 373 1778 ctiam
391 1729 420 1777 in
433 1729 609 1792 sequentibus
622 1729 707 1778 verba

160 1787 199 1854 ὠς
223 1788 331 1860 ταύτην
354 1791 437 1862 ἔσχον
461 1801 589 1860 tauquam
613 1796 708 1861 spuria

162 1868 226 1912 sunt
237 1863 403 1926 reiicieuda,
423 1879 493 1927 quae
509 1877 557 1912 uos
572 1878 632 1912 cum
645 1879 707 1913 eue-

90 1985 95 1994 ,
162 1931 230 1980 teris
244 1931 303 1980 edd.
317 1931 462 1980 retinenda
475 1930 607 1980 duximus.

198 1989 472 2063 Βέρμιον-ἄβατον
485 1988 542 2048 ὑπὸ
555 1995 703 2064 χειμῶνος]

162 2065 285 2115 Koenius
309 2066 365 2131 legi
394 2065 493 2115 maluit
521 2059 578 2116 ὑπὸ
601 2061 705 2130 χιόνος.

164 2130 223 2194 Quo
237 2139 312 2183 certe
325 2133 398 2184 haud
411 2149 487 2200 opus.
522 2133 591 2183 Nam
603 2133 706 2183 iutelli-

163 2203 238 2268 gitur
257 2217 326 2252 mons
342 2204 486 2252 inaccessas
505 2207 616 2266 propter
638 2206 706 2251 aeris

162 2269 341 2334 intemperiem.
378 2269 455 2319 conf.
475 2269 525 2326 IV,
546 2268 588 2318 62.
624 2269 706 2318 Valla

163 2337 332 2386 reddiderat:
358 2354 408 2400 per
429 2338 530 2386 hiemem
554 2341 704 2399 inaccessus,

164 2419 242 2468 quem
261 2411 371 2454 secutus
385 2405 539 2454 Lareberus
555 2407 651 2454 vertit:
670 2407 706 2454 ia·

163 2472 298 2522 uecessible
316 2489 348 2521 eu
359 2473 437 2523 Mser.
467 2473 590 2538 Longius
607 2488 704 2523 verua·

164 2539 238 2588 eule:
263 2541 311 2590 der
332 2541 415 2612 Kcilte
432 2556 525 2604 mapsa.
566 2541 608 2590 Ad
629 2555 706 2589 usum

162 2609 376 2672 praepositionis
398 2601 456 2658 υπὸ
486 2609 513 2656 in
538 2608 640 2657 talibus
665 2607 706 2656 ia·

163 2675 247 2736 ciunt,
262 2691 331 2740 quae
342 2675 376 2725 ad
385 2675 525 2726 Plutarch.
536 2675 705 2742 Philopoem.

162 2759 189 2807 p.
204 2741 236 2791 16
249 2743 337 2792 attuli.
374 2744 410 2792 Et
428 2743 502 2792 coni.
516 2744 604 2808 ipsum
618 2744 702 2792 Hero·

162 2807 255 2859 dotum
273 2810 324 2872 IV,
344 2810 367 2858 7.
387 2811 424 2871 V,
444 2811 481 2860 10.
522 2813 580 2870 bie,
607 2811 705 2860 utboc
757 2807 856 2858 hedon.
874 2827 923 2860 vor
939 2813 1031 2878 Kdnig
1048 2811 1157 2878 Philipp
1174 2827 1237 2878 pag.
1254 2809 1303 2860 110

162 2889 243 2925 unum
262 2877 372 2940 addam,
395 2877 536 2927 Plutarch.
554 2878 654 2927 Pericl.
675 2877 706 2927 16
756 2879 858 2941 seqq),
872 2879 917 2942 qui
930 2885 1026 2929 contra
1038 2881 1173 2930 Herodoti
1186 2887 1214 2930 et
1226 2881 1300 2930 Stra·

162 2934 306 3002 desiturae
327 2936 384 2996 ὖιιὸ
404 2937 562 3010 χρημάτων.
597 2935 705 3010 ἄβατος
757 2944 836 2994 bonis
849 2947 1005 2997 testimonia
1015 2948 1107 2999 Midae
1120 2949 1214 3000 hortos
1226 2949 1254 2998 iu
1268 2963 1302 2998 ea

162 3011 235 3061 band
248 3011 329 3061 aliter
342 3013 369 3061 in
380 3014 452 3062 Plut.
463 3014 538 3062 Aret.
549 3013 565 3061 5
575 3012 621 3062 fin.
633 3015 703 3063 Mar.
757 3013 868 3077 regione
886 3016 1005 3078 quaerit,
1025 3031 1095 3082 quse
1112 3017 1195 3083 paulo
1213 3017 1302 3082 magis

161 3079 194 3129 36
208 3079 252 3128 fin.
266 3079 343 3143 Sylla
354 3081 387 3128 22
401 3081 460 3142 tiu,
480 3081 528 3130 ubi
539 3073 596 3131 6πό
609 3082 705 3131 eodem
754 3083 968 3145 septentrionem
978 3099 1072 3136 versus
1081 3087 1137 3135 sita
1147 3087 1219 3135 intra
1228 3101 1302 3136 mon·

124 3174 128 3180 ·
161 3147 241 3197 modo
259 3149 375 3198 additur.
411 3137 499 3210 οὔρεα
520 3138 615 3214 ἄβατα
637 3150 706 3200 dixit
756 3149 1299 3217 tes'I'urlaetNitje‚utuuucvocantur,

161 3213 316 3265 Herodotus
328 3217 375 3280 IV,
388 3217 429 3266 25.
448 3217 575 3266 Bermium
586 3222 704 3267 montem
757 3217 791 3265 ud
813 3219 919 3281 Lydiae
941 3219 1014 3268 fluvii
1037 3221 1112 3286 ripas
1134 3223 1300 3286 extenditur,

163 3277 213 3346 (ιό
244 3277 365 3348 Βέρμιον
394 3273 477 3349 ὄρος)
512 3291 706 3335 commemorat
756 3284 801 3332 ubi
820 3301 891 3334 nunc
909 3285 1032 3336 esturbs
1050 3289 1300 3339 VoadenastolIm

162 3350 260 3400 Strabo
274 3351 332 3400 Vll.
346 3353 370 3412 §-
383 3352 425 3402 25.
444 3352 574 3416 additque
590 3353 705 3420 Bryges,
758 3352 811 3401 fuit
829 3353 930 3404 Edessa
947 3354 978 3416 (a.
996 3355 1111 3420 Aegae),
1130 3372 1210 3420 quam
1229 3357 1300 3404 anti-

162 3416 299 3467 'I'bracum
316 3424 440 3484 gentem,
461 3419 525 3470 olim
544 3420 614 3470 hune
632 3437 705 3470 mon·
758 3421 1299 3483 quissimamMacedonumsodomiuisae

162 3488 217 3532 tem
230 3486 391 3548 obtinuisse,
403 3487 475 3537 unde
486 3488 531 3552 qui
541 3491 707 3554 transgressi
757 3490 857 3550 ferunt,
871 3479 968 3538 ἑστίαν
977 3486 1027 3552 τῆς
1033 3488 1237 3554 Μακεδονικῆς
1248 3487 1299 3554 βα-

163 3551 192 3599 in
209 3553 301 3602 :laium
319 3555 388 3618 sint,
411 3555 533 3619 Phryges
551 3557 706 3606 nominatos
758 3553 864 3612 σιλείας
882 3555 1005 3620 appellat
1017 3557 1153 3610 Di⁰d0ru⁵
1165 3557 1255 3616 XXII,
1274 3557 1298 3616 §-

164 3634 236 3668 essc:
251 3621 346 3684 quibus
360 3623 451 3672 verbis
463 3623 577 3681 iudicat,
591 3639 651 3673 eam
664 3639 705 3673 re·
756 3621 790 3672 23
812 3621 875 3672 coll.
893 3623 989 3671 lustin.
1008 3623 1073 3684 VII,
1094 3623 1116 3674 l.
1155 3623 1300 3674 Tructavit

164 3686 286 3750 giouem,
298 3689 346 3736 ubi
357 3689 402 3738 bic
416 3703 492 3740 mons
506 3691 656 3752 invenitur,
671 3691 705 3740 ad
757 3688 827 3739 haec
840 3705 945 3754 quoquc
957 3689 1180 3740 Delaeoulonche
1193 3691 1234 3740 in:
1247 3691 1299 3741 lle-

164 3754 370 3818 autiquissimas
397 3757 579 3808 Macedoniae
611 3765 706 3823 partes
757 3773 808 3807 vue
827 3757 875 3807 des
892 3754 1012 3807 socie'trls
1029 3763 1143 3808 savants
1159 3759 1190 3808 V.
1210 3759 1301 3824 pris

164 3837 265 3886 easque
283 3823 347 3872 olim
365 3823 483 3876 incultus
497 3828 650 3892 pertinere:
671 3827 705 3876 ad
758 3824 853 3886 423,
878 3824 1015 3890 duplicem
1034 3824 1137 3876 famam
1155 3827 1183 3875 iu
1200 3826 1243 3876 his
1261 3827 1299 3876 di-

163 3903 231 3952 quas
245 3889 355 3939 easdem
367 3891 470 3942 Midam
488 3909 593 3959 quoque
606 3895 705 3944 Strabo
756 3894 907 3958 stinguens,
916 3892 1004 3957 magis
1015 3897 1107 3942 tamen
1116 3893 1254 3944 inclinans
1265 3895 1301 3944 ad

163 3957 248 4006 refert
260 3958 333 4006 XIV.
346 3975 372 4024 p.
385 3957 450 4022 666,
468 3961 594 4010 Beroeam
613 3967 704 4011 autem
757 3975 817 4010 eam
840 3961 1012 4025 opinionem,
1035 3975 1115 4024 quam
1138 3962 1171 4010 de
1193 3962 1300 4010 Edessa

164 4023 199 4098 qd
221 4027 321 4074 montis
345 4025 425 4076 huius
447 4029 554 4078 radices
578 4021 620 4091 (ἐν
641 4031 705 4087 ταῖς
756 4027 872 4093 protulit
885 4027 955 4076 Abel
971 4027 1050 4078 modo
1067 4029 1230 4094 expositam3
1255 4031 1300 4077 eui

162 4091 331 4156 υιιωρείαις)
349 4095 431 4144 sitam
444 4095 515 4144 idem
528 4096 632 4160 profert
643 4097 704 4148 VII.
758 4109 886 4145 assensus
909 4109 1014 4160 quoque
1037 4097 1150 4146 Kortiim
1170 4095 1298 4158 (Griecb.

162 4159 185 4222 ξ.
204 4157 247 4208 26.
288 4161 385 4226 ltaque
405 4161 519 4212 Berau'us
540 4178 628 4226 mons,
654 4181 705 4230 quo
758 4163 857 4212 Gescb.
871 4163 908 4212 II.
921 4179 946 4227 p.
963 4163 1010 4212 158
1022 4163 1090 4226 not.)
1103 4162 1173 4213 haec
1187 4163 1220 4212 de
1234 4165 1298 4213 Ber·

162 4231 282 4277 montem
306 4229 419 4280 Burnum
448 4231 487 4293 (in
516 4247 568 4296 quo
596 4233 705 4284 nourinc
757 4231 810 4280 mio
827 4231 973 4296 Midaeque
990 4231 1076 4282 hortis
1093 4231 1205 4292 adiicit,
1229 4248 1298 4297 quae
1348 4245 1354 4266 ¹

162 4295 280 4344 eandem
294 4297 406 4346 subesse
423 4299 545 4348 radicem
557 4298 616 4349 vult
629 4299 657 4350 C.
672 4300 704 4350 O.
756 4299 842 4363 ipsine
859 4300 951 4350 verbIs
968 4300 1169 4350 transscribere
1190 4299 1297 4364 placet:

161 4361 291 4412 Mueller:
310 4364 403 4414 Ueber
419 4364 444 4414 d.
457 4365 567 4416 Maked.
585 4382 648 4432 pag.
660 4365 704 4431 62)
757 4367 845 4429 „Hier
865 4367 957 4418 haben
980 4369 1028 4416 wir
1047 4367 1105 4417 also
1124 4367 1173 4418 das
1196 4370 1297 4418 Werma

162 4431 320 4481 continuari
335 4431 440 4498 dicunt,
460 4433 533 4484 iuter
545 4435 659 4498 Lydiam
677 4439 705 4484 et
755 4435 996 4504 (Borbetomagus,
1010 4437 1036 4490 d.
1047 4439 1064 4488 i.
1076 4436 1220 4488 sledield'?
1233 4437 1296 4490 Kel-
