3068 4964
511 473 775 536 CALLIOPE.
799 477 856 536 lx.
878 489 904 540 ὁ.
927 486 953 540 6.
1233 481 1296 544 227

157 643 299 738 στρατόν
317 649 403 732 ἕξειν
425 644 653 736 τιμωρήσοντά
675 669 752 736 σφι,
780 651 815 716 oi
836 649 874 717 δὲ
891 655 1009 738 ἔμενον
1033 651 1068 718 έν
1091 653 1134 740 τῇ
1154 645 1296 740 Ἀττικῇ·

158 752 228 819 ἐπεὶ
248 750 284 818 δὲ
302 755 337 818 οί
351 749 413 839 μὲν
430 747 618 839 μακρότεραί
635 776 671 818 τε
689 751 743 818 καὶ
762 757 957 840 σχολαίτερα
976 753 1117 840 ἐποίεον,
1136 746 1161 819 ό
1173 752 1210 821 δὲ
1229 756 1296 822 έπι-

157 848 205 920 τόν
223 853 277 920 καὶ
298 849 339 939 δή
359 854 394 920 έν
417 853 459 940 τῇ
481 857 623 939 Βοιωτίῃ
648 853 776 938 ἐλέγετο
801 850 902 940 εἶναι,
927 848 1014 921 οὕτω
1040 849 1081 940 δή
1104 842 1297 942 ὑπεξεκομί-

156 950 258 1022 σαντό
275 980 310 1021 τε
328 949 435 1022 πάντα
453 953 508 1020 καὶ
526 947 620 1020 αὐτοὶ
641 953 799 1040 διέβησαν
818 955 850 1034 ές
867 961 1057 1042 Σαλαμῖνα·
1084 955 1116 1034 ές
1133 961 1296 1024 Λακεδαί-

133 1039 138 1056 ’
156 1051 241 1143 μοναί
258 1081 294 1124 τε
312 1060 459 1143 ἔπεμπον
476 1049 651 1141 ἀγγέλους,
679 1049 747 1143 ἅμα
763 1053 825 1144 μὲν
841 1057 1071 1144 μεμψομένους
1089 1071 1173 1125 τοῖσι
1191 1065 1296 1126 Λακε-

157 1161 372 1244 δαιμονίοισι,
410 1151 459 1224 ὅτι
490 1159 660 1244 περιεῖδον
687 1153 870 1244 ἐμβαλόντα
897 1153 955 1226 τόν
982 1155 1153 1246 βάρβαρον
1180 1159 1213 1238 ἐς
1236 1155 1297 1246 τήν
1403 1177 1404 1181 ’

153 1251 319 1345 Ἀττικήν,
338 1251 408 1325 ἀλλ’
427 1251 467 1324 οὐ
485 1253 566 1345 μετὰ
584 1257 697 1346 σφέων
714 1253 875 1344 ἠντίασαν
894 1261 927 1338 ές
944 1253 1005 1346 τήν
1022 1264 1203 1347 Βοιωτίην,
1230 1255 1297 1349 ἅμα

158 1359 194 1426 δὲ
216 1353 483 1447 όμομνήσοντας,
518 1353 587 1444 ὅσαΙ
604 1379 664 1446 σφι
687 1353 847 1448 ὑπέσχετο
870 1353 888 1428 ό
915 1363 1047 1450 Πέρσης
1073 1364 1296 1449 μεταβαλοῦσι

157 1457 294 1548 δεόσειν,
318 1466 477 1550 προεῖπαί
491 1486 542 1548 τε,
569 1454 619 1528 ὅτι
639 1466 669 1528 εί
684 1456 729 1548 μή
747 1456 910 1550 ἀμυνεῦσι
931 1456 1153 1550 Ἀθηναίοισι,
1178 1457 1222 1542 ὥς
1240 1463 1296 1531 καὶ

157 1671 209 1706 σου
226 1648 355 1722 στρατόν]
385 1656 537 1707 Articulum
561 1649 612 1707 τὸν
635 1662 699 1708 ante
751 1664 913 1724 sequuntur,
940 1674 973 1710 ex
993 1675 1047 1710 uno
1065 1659 1205 1710 Sauerolti
1225 1658 1295 1712 libro

157 1716 188 1775 ἐκ
212 1724 294 1789 vulgo
319 1723 423 1774 illatum
450 1729 478 1774 et
500 1741 516 1774 a
538 1724 699 1786 Sohaelero,
751 1726 867 1777 dederat
884 1720 1026 1792 ἔπεμψαν.
1066 1727 1200 1792 Equidem
1218 1744 1295 1778 revo-

158 1807 236 1856 quem
265 1792 362 1842 Matth.
392 1793 528 1856 sequitur,
564 1797 699 1843 retentum
752 1795 828 1856 cavi,
853 1795 924 1859 quod
948 1795 1048 1860 reliqui
1070 1794 1134 1843 libri
1157 1795 1293 1846 ferebant.

157 1859 283 1923 equidem
306 1875 367 1908 cum
384 1865 500 1909 recontt.
518 1859 578 1909 edd.
598 1861 699 1922 abieci,
750 1861 793 1911 De
814 1862 877 1926 ipra
893 1861 1035 1927 legatione
1053 1861 1126 1912 conf.
1143 1862 1216 1912 Plut.
1234 1864 1296 1912 Ari·

158 1943 218 1976 cum
238 1941 254 1976 a
272 1926 446 1987 Florentino,
471 1927 611 1978 Saucrofti
628 1927 699 1978 libro
750 1929 814 1979 atid.
830 1927 873 1992 10,
893 1931 939 1994 qui
955 1929 1041 1980 solum
1056 1929 1204 1980 Aristidem
1222 1946 1294 1980 com·

158 1998 186 2042 ct
207 1993 294 2043 tribua
315 1995 450 2044 Pariainia
475 1995 552 2046 codd.
575 1995 698 2045 abesset:
750 1998 1004 2047 memoratmisaum
1014 1998 1253 2048 Lacedaemonem
1267 2002 1296 2048 et

157 2061 299 2111 revocavit
316 2061 460 2112 articulum
475 2079 507 2112 ex
519 2062 700 2128 Weeaelingii
751 2065 981 2114 Lacedaemoniis
1005 2065 1215 2130 exprobrantem
1238 2073 1294 2116 tar-

156 2129 278 2178 editione
300 2129 473 2191 Dietechiue;
498 2131 526 2179 in
546 2145 600 2180 uno
623 2131 700 2179 Pari·
751 2131 881 2192 ditatam
896 2132 973 2181 addit
985 2138 1078 2182 tamen
1089 2131 1255 2183 Plutarchus
1265 2134 1295 2182 in

156 2197 216 2246 aino
233 2197 385 2246 iuvenitur:
410 2194 624 2261 προσεδόκουν
640 2191 700 2248 τὸν
751 2200 810 2264 ipao
822 2199 952 2248 Aristidis
965 2199 1087 2262 decreto,
1100 2199 1173 2249 hune
1185 2216 1239 2250 non
1252 2215 1294 2250 so·

156 2255 187 2314 ἒιι
205 2262 254 2329 τῆς
271 2261 307 2314 Π.
325 2257 452 2328 στρατόν.
469 2265 552 2314 -In
569 2281 645 2330 seqq.
665 2265 699 2315 ad
750 2265 805 2315 lum
828 2267 895 2316 ferri
908 2265 1051 2332 legatum,
1076 2267 1124 2316 eed
1143 2266 1292 2329 Cimonem,

155 2332 241 2381 verba
253 2324 284 2381 οί
295 2324 327 2381 δὲ
341 2326 442 2397 ἔμενον
454 2331 488 2382 ob
499 2333 653 2397 particulae
667 2325 699 2382 dh
750 2333 938 2398 Xanthippum
948 2333 1294 2396 campaniaca—Usum
1323 2362 1326 2369 ·

157 2414 234 2448 usum
259 2399 332 2450 cous.
350 2399 447 2450 Matth.
467 2399 513 2452 Gr.
534 2401 578 2450 Gr.
597 2401 620 2460 5.
639 2397 697 2448 616.
750 2401 905 2466 particulae
927 2415 957 2449 τε
979 2399 1063 2450 semel
1086 2400 1193 2464 poeitae
1211 2402 1295 2466 attigi

156 2468 198 2516 Tu
226 2467 289 2516 vide
317 2469 355 2517 eis
383 2483 490 2532 quoque
519 2473 587 2516 nott.
613 2467 648 2516 ad
676 2468 698 2530 1,
752 2465 935 2528 adV11‚188.

155 2531 188 2582 de
206 2533 504 2596 et1x‚6e.7u.vlss,
521 2534 576 2584 llb.
612 2535 644 2584 In
657 2550 700 2583 ae·
784 2531 930 2599 προεῖπαι]
954 2535 1012 2595 „lu
1029 2536 1173 2598 προεῖπαν
1189 2541 1294 2586 mutan-

156 2602 302 2666 qucntibua
325 2594 354 2652 οί
374 2596 427 2666 μὲν
449 2602 484 2651 ad
502 2603 700 2666 Peloponnesios
751 2601 812 2650 dum
835 2601 1030 2665 auspicabatur
1051 2602 1189 2652 Kocuiue:
1213 2619 1292 2668 proe-

156 2675 237 2733 atque
249 2670 466 2720 Lacedaemonios
476 2675 617 2736 spectant,
630 2685 652 2718 s.
663 2669 698 2718 ad
750 2675 823 2717 terea
839 2671 1031 2726 deauratarum,
1049 2671 1200 2719 ulcerarent
1212 2672 1292 2720 Arte·

156 2737 315 2798 exereitum,
323 2753 402 2802 quem
413 2737 624 2802 ePelopouneao
634 2751 698 2788 ven·
749 2736 877 2786 aiensibus
889 2737 1002 2796 auxilio,
1019 2737 1065 2786 λοι
1080 2737 1131 2787 eibi
1145 2741 1214 2802 iproa
1226 2745 1293 2787 tuta·

155 2809 245 2854 turum
263 2819 323 2854 esee
337 2821 415 2869 opem
434 2805 502 2870 ipsis
517 2806 635 2855 laturum
653 2820 698 2853 ex-

155 2877 351 2938 spectaverant
362 2864 404 2936 (έιι
416 2871 466 2936 της
477 2864 699 2936 Πελοποννήσου

156 2932 276 3002 στρατόν
298 2929 378 3006 ἥξειν
402 2932 597 3004 τιμωρήσοντά
625 2941 697 3002 σφι).

156 3032 187 3041 -
200 3007 368 3071 σχολαίτερα
386 3008 486 3056 retinui
504 3023 564 3057 cum
582 3007 698 3056 Bredov.

154 3091 220 3140 pag.
237 3075 300 3136 278,
320 3076 365 3140 qui
383 3075 479 3124 merito
496 3075 602 3135 reiicit,
627 3073 698 3138 quod

156 3145 184 3192 iu
202 3142 342 3192 Sauerolti
360 3142 429 3191 libro
447 3141 548 3206 legitur
565 3133 697 3206 σγσλαιό-

154 3224 232 3272 τερα.
256 3235 289 3244 -
317 3211 457 3259 Intactum
486 3209 584 3274 reliqui
610 3201 641 3259 έν
663 3206 699 3273 τῇ

156 3275 289 3341 Βοιωτίη,
308 3277 431 3342 pluribus
449 3276 526 3326 codd.
545 3277 698 3341 probatum.

156 3345 295 3394 Sanctolti
319 3344 390 3394 liber
413 3359 474 3393 cum
503 3343 567 3393 aliie
596 3335 624 3401 ἐς
647 3336 700 3408 τὴν

155 3411 303 3476 Βοιωτίην,
317 3413 387 3476 quod
399 3411 559 3476 praeierunt
571 3411 698 3460 Grashof.

156 3481 184 3529 iu
202 3479 350 3530 Schulzeit.
370 3479 428 3542 (11).
448 3477 512 3528 1832
525 3494 589 3542 pag.
602 3477 653 3526 984
672 3483 700 3527 et

155 3547 290 3598 Sebacfer
312 3549 340 3596 in
357 3546 560 3596 Animadversa.
584 3547 618 3594 ad
636 3545 698 3594 Plu·

155 3615 244 3664 tarchi
258 3616 313 3664 Vit.
327 3613 387 3664 Vol.
401 3615 433 3664 V.
448 3630 512 3680 pag.
525 3612 584 3663 285.
620 3613 699 3662 Cani.

154 3681 352 3744 Herod.1,21.
659 3739 665 3758 ,

189 3739 263 3800 οὕτω
276 3742 312 3815 δή
325 3741 569 3816 ὑπεξεκομίσαντό
579 3763 608 3826 tp
624 3763 696 3826 nav:

155 3817 201 3882 τα]
224 3818 266 3866 De
289 3833 339 3867 neu
355 3818 552 3883 particularum
571 3833 643 3868 ουτω
661 3814 697 3880 δη

155 3885 563 3946 monuitMattb.Gr.Gr.§.610.
574 3886 616 3934 'l'u
625 3884 697 3946 vide,

156 3955 180 4004 ai
198 3955 270 4004 tanti
288 3959 345 4016 eat,
363 3954 464 4004 Herod.
482 3955 564 4008 VIII.
581 3953 624 4002 40.
642 3951 697 4001 118.

160 4021 214 4071 132.
233 4023 284 4084 lx,
305 4018 344 4070 18.
361 4019 403 4070 23.
422 4021 462 4072 34.
481 4021 523 4072 35.
541 4019 583 4074 49.
601 4018 642 4070 63.
655 4019 697 4069 70.

155 4087 413 4139 88108108118.
430 4115 461 4124 -
479 4091 596 4140 Verbum
614 4081 698 4138 ὑπεκ-

156 4155 326 4220 κομίζεσθαι
345 4156 418 4220 (clam
430 4165 572 4222 exportare
584 4158 641 4220 ενα)
658 4161 699 4205 at·

157 4224 386 4288 tigiadV111,4.
635 4239 638 4245 ·

204 4282 233 4348 ές
260 4284 465 4356 Λακεδαίμονά
498 4307 528 4342 τε
558 4285 698 4358 ἔπεμπον]

157 4358 336 4421 Schaeferue,
362 4375 440 4424 quam
458 4360 557 4409 Matth.
582 4365 610 4409 et
627 4359 699 4409 Bek-

157 4427 208 4478 ker
232 4425 352 4490 itemque
376 4425 500 4476 Dindorf.
523 4433 552 4478 et
573 4425 698 4478 Dietach.

749 2819 803 2853 men
821 2805 946 2868 quoddam
961 2811 1117 2868 paraturos:
1140 2807 1180 2855 aic
1197 2805 1293 2856 redde·

750 2887 806 2920 rem
819 2871 990 2932 Herodotum,
1008 2863 1045 2930 τός
1062 2867 1111 2922 καὶ
1129 2863 1215 2922 αότσί
1228 2887 1293 2923 τινα

749 2929 879 3018 α’λεωρήν
901 2929 1084 3005 εὑρήσονται,
1108 2941 1137 2990 id
1159 2945 1202 2990 cst
1221 2931 1292 2992 οἷπο·

750 3021 878 3071 στροφην
895 2996 1096 3072 ἕτοιμάσονται
1118 3007 1163 3058 vel
1180 2999 1294 3073 ἔκπορί·

751 3088 857 3124 σονται.
881 3075 941 3125 Hoc
953 3075 1112 3140 significatu
1123 3075 1173 3124 eibi
1180 3077 1297 3140 parandi

750 3141 794 3192 vel
807 3144 969 3218 adipiscendi
979 3142 1119 3192 veteribus
1132 3143 1291 3208 frequenta·

750 3215 807 3258 tum
830 3203 967 3272 ευρέσθαι
993 3210 1118 3259 adhibuit
1140 3209 1288 3274 aliquoties

751 3277 852 3326 Herod.
872 3277 946 3326 inira
961 3277 1003 3326 bia
1016 3293 1039 3326 c.
1053 3275 1087 3326 26
1100 3281 1128 3326 et
1139 3276 1173 3326 28
1189 3267 1294 3327 ἄδειαν

751 3335 891 3407 eripiebat
910 3343 955 3394 vel
972 3337 1093 3410 εἰρήνην
1114 3344 1159 3393 vel
1176 3334 1294 3408 α’γαδόν

750 3427 777 3460 τι
800 3408 847 3476 [of.
871 3412 954 3460 etiam
976 3411 1031 3474 111,
1058 3408 1115 3474 148]
1139 3411 1293 3460 locutiones

750 3485 814 3528 eunt
830 3479 1043 3545 usitatipeimae:
1063 3468 1201 3540 εὑρέσθαι
1214 3471 1292 3538 παρὰ

750 3545 806 3594 τῶν
835 3543 914 3594 θεῶν
941 3543 997 3594 τῶν
1025 3537 1173 3608 παρόντων
1197 3543 1294 3594 κακῶν

750 3603 921 3678 οἷπαλλαγήν
938 3611 1008 3661 dixit
1024 3613 1138 3662 lecerat.
1158 3613 1187 3661 in
1203 3612 1291 3676 Evag.

749 3697 813 3746 pag.
823 3679 898 3730 19111
912 3676 984 3746 [cap.
990 3679 1016 3728 5.
1025 3681 1048 3740 ξ.
1056 3675 1110 3744 14].
1120 3679 1292 3729 vid.Dawea.

750 3750 778 3798 ln
790 3748 869 3798 Mine.
883 3747 950 3796 Crit.
963 3762 1027 3814 pag.
1039 3745 1119 3795 258.¹‘
1142 3749 1167 3794 V
1171 3745 1291 3796 aledea.

750 3815 903 3880 Schweigh.
923 3815 951 3863 in
963 3815 1030 3864 Lex.
1044 3813 1144 3864 Herod.
1163 3815 1185 3864 1.
1203 3831 1229 3879 p.
1242 3812 1292 3862 aet

750 3883 916 3934 reddendum
934 3883 1054 3931 cenauit:
1079 3885 1206 3948 „aliquod
1225 3885 1291 3931 leva·

749 3959 854 4002 ιιιειιαιιιι
865 3949 1055 4014 ια’σίμσναδαιιί,
1068 3952 1293 4025 ἰίειαατοιιίμνοα-

749 4037 795 4070 uer
806 4022 911 4084 quelque
923 4017 1118 4080 roulopemeat.“
1136 4017 1195 4066 Vox
1206 4017 1291 4066 αλεω-

751 4084 800 4154 pri,
820 4101 890 4150 quae
904 4084 969 4134 mali
987 4085 1128 4134 cuiusdam
1140 4085 1257 4150 effupa'um
1269 4099 1292 4133 a.

751 4158 908 4205 evectionem
923 4153 1032 4218 proprie
1049 4151 1190 4218 significat
1206 4151 1291 4214 (conf.

751 4221 886 4286 Hesychii
904 4219 993 4272 Gloas.
1010 4221 1033 4273 1.
1051 4237 1115 4286 pag.
1133 4219 1180 4269 118
1198 4220 1240 4268 ed.
1253 4219 1291 4268 M.

751 4289 882 4340 Schmidt.
897 4293 924 4338 et
935 4289 1045 4338 Homer.
1056 4287 1101 4339 lli.
1111 4287 1208 4350 XXIV,
1221 4285 1291 4349 216),

751 4357 813 4407 inde
828 4371 933 4421 quoque
950 4358 1081 4406 ίιασιαεπίί
1095 4355 1235 4405 notionem
1248 4369 1292 4404 aa·

751 4425 877 4490 sumpsit:
902 4429 932 4474 tu
948 4421 1004 4474 vid.
1018 4421 1133 4474 cundem
1146 4423 1293 4472 Homerum

1025 4505 1090 4576 15*
