2984 4962
273 513 275 518 ,
322 449 380 508 DH
403 448 509 510 VITA
530 449 588 508 ΕΤ
610 447 803 508 SORIPTIS
822 445 1058 507 HERODOTI.
1195 453 1257 516 437

120 620 263 691 aequales3
281 620 331 672 sed
343 637 413 690 quae
425 619 495 672 salsa
506 619 539 672 ab
553 620 692 674 Hecataeo
708 619 807 674 reterri
819 619 938 688 viderat,
954 637 986 672 aa
1002 619 1036 671 ob
1051 637 1187 690 magnam,
1203 640 1257 692 que

118 706 248 760 floruisse
269 705 398 760 videntur
413 705 542 758 Hecataei
565 705 683 774 scripta,
705 705 893 758 auctoritatem
911 704 1049 773 corrigere
1065 713 1093 758 et
1113 707 1256 762 emendare

118 807 177 844 cum
198 790 333 844 voluisset
351 790 464 856 Noster,
481 790 544 842 hinc
561 790 588 842 ni
603 790 683 842 fallor
697 790 894 860 explicandum,
912 790 985 862 quod
1003 789 1047 842 bic
1060 790 1116 842 illic
1130 793 1256 846 acerbius

116 877 283 928 Hecataeum
303 875 440 942 tetigerit:
462 875 516 928 nisi
537 875 617 928 etiarn
638 875 773 945 privatam
791 875 925 946 quandem
940 874 1000 928 sive
1015 875 1181 930 inimicitiam
1197 878 1256 932 sive

117 961 322 1014 aemulationem
344 959 418 1012 inter
443 965 588 1030 utrumque
614 959 808 1014 intercessisse
833 967 930 1028 putes,
951 959 985 1013 de
1006 976 1061 1030 qua
1080 967 1169 1014 tamen
1190 962 1256 1014 nibil

117 1047 264 1117 quidquam
281 1044 386 1114 uspiam
400 1044 529 1096 traditum
546 1044 646 1114 reperi.

579 1274 582 1280 ,
646 1234 672 1295 S.
688 1233 714 1284 9.

199 1385 284 1437 Hisce
306 1383 476 1452 argumentis
496 1387 651 1452 permotus,
675 1382 844 1436 Herodotum
860 1401 893 1436 ex
908 1381 1022 1435 aliorum
1037 1383 1097 1436 sive
1111 1383 1254 1439 historico-

116 1489 175 1524 rum
195 1469 514 1538 sivelogographorum,
540 1467 636 1537 quales
657 1477 713 1519 tum
729 1469 824 1536 luere,
845 1467 957 1538 scriptis
982 1467 1054 1520 baud
1079 1487 1146 1522 sane
1171 1471 1255 1524 multa

116 1555 241 1608 hausisse
265 1554 392 1607 arbitror.
428 1553 488 1606 Nec
511 1559 616 1605 tanturn
638 1553 754 1605 tribuam
773 1552 832 1605 loco
854 1553 877 1618 1,
895 1555 906 1605 l
928 1549 1068 1622 (Περσέων
1082 1551 1131 1622 μέν
1149 1574 1201 1608 νυν
1223 1553 1257 1610 oi

114 1635 234 1709 triplos
255 1641 388 1700 Φοίνικας
403 1635 507 1700 αἰτίους
530 1635 615 1706 φασὶ
637 1634 767 1706 γενέσθαι
787 1657 813 1691 κ.
831 1658 855 1691 τ.
870 1635 918 1709 1.),
945 1647 1076 1706 quantum
1093 1639 1178 1692 tribui
1196 1641 1255 1694 vult

114 1725 264 1778 Dablmann
278 1723 294 1776 Ι.
306 1724 322 1776 l.
338 1743 366 1794 p.
381 1725 439 1777 108.
463 1722 754 1794 NamqueHerodotus
765 1729 796 1774 ut
810 1721 882 1788 alibi,
897 1740 921 1774 v.
935 1740 958 1774 c.
974 1723 1000 1774 in
1014 1724 1097 1775 rebus
1109 1724 1253 1793 Aegyptiis

113 1810 267 1880 Aegyptios
282 1808 450 1876 sacerdotes,
466 1809 503 1860 ita
518 1808 544 1860 b.
561 1807 578 1859 l.
593 1807 740 1860 Persarum
754 1807 829 1860 viros
845 1807 940 1859 doctos
957 1808 1017 1860 sive
1034 1808 1132 1876 Magos
1150 1809 1252 1879 laudat,

113 1896 215 1965 quibus
234 1896 301 1946 hanc
321 1893 504 1946 narrationem
522 1893 629 1946 debeat.
663 1893 724 1944 Nec
739 1893 825 1960 magis
843 1891 963 1960 scriptos
985 1894 1077 1945 fontes
1100 1911 1252 1961 agnoscere

113 1997 225 2050 possum
240 1980 277 2046 ll,
298 1982 355 2045 100,
378 1979 425 2030 ubi
447 1977 645 2047 Aegyptiorum
665 1978 824 2030 sacerdotes
843 1993 939 2044 regum
961 1977 1068 2030 nomina
1089 1997 1104 2031 e
1125 1977 1195 2032 libro
1210 1980 1251 2034 di·

113 2071 214 2118 cuntur
231 2065 362 2117 recitasse
384 2063 539 2130 Herodoto,
562 2063 610 2132 qui
624 2063 710 2132 ipsam
725 2061 922 2132 Aegyptiorum
942 2061 1061 2130 linguam
1079 2063 1150 2116 baud
1165 2065 1251 2132 novit,

113 2150 215 2220 quique
236 2149 369 2219 triplicem
390 2165 457 2201 suae
483 2147 650 2199 narrationis
671 2149 772 2198 iontem
793 2147 853 2216 ipse
877 2146 958 2216 paulo
975 2155 1056 2200 antea
1073 2148 1110 2214 ll,
1130 2152 1164 2202 99
1179 2150 1250 2220 (vid.

113 2251 183 2304 quae
200 2239 225 2300 s.
242 2237 268 2286 8.
286 2234 365 2286 initio
381 2231 573 2300 disseruimus)
596 2231 721 2284 indicans
740 2231 825 2284 libros
842 2231 961 2300 scriptos
980 2232 1075 2302 utique
1092 2233 1164 2286 haud
1180 2251 1250 2286 corn-

112 2327 249 2377 memorat,
283 2319 388 2370 Eodem
405 2317 499 2382 modo,
521 2334 576 2387 quo
599 2317 622 2382 1,
640 2321 663 2382 1,
679 2316 780 2368 Persas
801 2321 887 2368 testes
903 2316 969 2368 citat
987 2317 1008 2382 l,
1025 2320 1073 2383 953
1096 2335 1146 2370 nec
1162 2326 1249 2372 tumen

114 2404 178 2456 inde
193 2403 329 2472 sequitur,
346 2402 448 2472 scripta
459 2401 605 2454 Persarum
621 2401 654 2452 de
671 2400 730 2452 suis
750 2402 833 2454 rebus
852 2401 988 2453 volumina
1000 2401 1132 2454 Nostrum
1148 2403 1250 2458 adiisse

114 2496 141 2540 et
166 2487 347 2556 excerpsisse.
380 2487 435 2538 Sed
450 2502 521 2555 qnae
543 2486 594 2550 Ill,
621 2487 655 2538 89
670 2485 704 2538 de
719 2485 906 2554 Satrapiarnm
928 2485 1114 2556 descriptione
1135 2495 1164 2539 et
1188 2489 1249 2552 Vll,

112 2575 147 2627 oo
162 2591 238 2642 seqq.
251 2571 285 2624 de
298 2571 396 2624 Xerxis
410 2570 531 2623 exercitu
548 2569 703 2640 perscribit,
720 2587 752 2622 ea
767 2575 790 2622 si
806 2587 860 2623 non
878 2570 975 2639 omnia,
992 2572 1026 2623 ad
1041 2589 1163 2639 magnam
1176 2581 1250 2625 certe

112 2664 215 2728 partem
230 2675 244 2709 e
260 2657 344 2724 regiis
361 2657 506 2710 Persarum
517 2655 670 2722 annalibus,
686 2655 720 2708 ad
735 2673 806 2725 quos
821 2655 950 2724 scriptori
965 2655 1054 2708 Asiam
1070 2656 1250 2726 perlustranti

112 2743 204 2795 aditus
226 2742 362 2811 patuerit,
387 2743 484 2794 hausta
510 2759 572 2794 esse
594 2741 733 2794 videntur.
760 2740 823 2796 Vid.
847 2746 915 2793 nott.
931 2739 963 2792 ad
981 2741 1030 2793 bos
1047 2741 1121 2793 locos
1136 2741 1196 2794 Vol.
1212 2743 1249 2794 11.

112 2847 139 2897 p.
168 2829 218 2880 119
237 2833 265 2879 et
290 2826 341 2878 111.
358 2846 384 2897 p.
411 2829 460 2880 541
483 2845 552 2896 seq,
576 2843 607 2878 ac
625 2825 667 2878 vel
689 2844 704 2877 e
718 2825 836 2896 publicis
854 2841 947 2893 regum
966 2827 1146 2879 monumentis
1162 2835 1190 2880 et
1208 2828 1250 2880 in·

111 2911 324 2980 scriptionibus,
347 2929 417 2982 qnae
440 2913 528 2981 ipsum
552 2912 657 2964 vidisse
679 2919 707 2963 et
728 2911 904 2963 consuluisse
927 2910 1015 2964 videri
1032 2911 1084 2963 iam
1101 2915 1216 2982 capras
1234 2917 1249 2965 7

110 2997 227 3049 diximus
242 2997 291 3064 (ci.
310 3005 379 3049 nott.
391 2997 425 3049 ad
438 2997 489 3062 lll,
506 2999 540 3052 30
555 3005 583 3049 et
597 2999 631 3052 89
639 2995 677 3064 *),
695 2995 819 3050 nonnihil
831 2997 936 3049 Noster
950 2997 1058 3049 trabere
1069 2997 1154 3066 inque
1170 3015 1249 3050 suum

112 3099 191 3134 usum
213 3087 375 3134 convertere
403 3081 500 3150 potuit.
533 3081 679 3135 Pertinent
705 3082 894 3152 hucquoque,
918 3098 988 3152 quae
1010 3081 1247 3134 deitinereSnsa

111 3167 230 3218 ducente
243 3165 328 3217 tradit
342 3164 375 3231 V,
395 3169 438 3233 5⁶2,
459 3167 505 3218 ubi
528 3167 583 3218 vid.
601 3174 671 3218 nott.
689 3166 724 3222 T.
747 3165 800 3218 Ill.
822 3185 850 3235 p.
865 3169 908 3219 51.
943 3165 974 3218 ln
993 3167 1110 3219 Graecia
1124 3177 1250 3238 exegeras

111 3270 136 3303 s.
153 3251 302 3320 perlegetur
317 3248 462 3300 consulere
477 3257 560 3319 atque
577 3268 624 3316 ea,
645 3267 715 3319 quae
734 3268 766 3302 ex
786 3251 878 3303 borum
901 3267 948 3302 ore
970 3259 1128 3320 acceperat,
1144 3253 1249 3304 referre

110 3335 215 3404 potuit:
233 3351 265 3386 ex
282 3333 332 3384 hoc
346 3335 422 3385 sonte
437 3334 552 3396 fiunisse
567 3335 696 3387 videntur
709 3333 831 3386 Prellero
847 3335 896 3403 (ad
910 3334 1048 3388 Polemon.
1065 3354 1092 3404 p.
1112 3339 1168 3390 165.
1186 3334 1248 3404 199)

111 3437 152 3486 ea,
175 3435 246 3491 quae
271 3418 305 3469 de
323 3417 461 3484 Delphicis
477 3419 600 3470 donariis
618 3409 766 3472 traduntur
788 3419 808 3484 l,
827 3422 867 3474 14.
883 3423 917 3472 20
942 3419 1001 3486 (ubi
1018 3420 1082 3472 baec
1102 3419 1249 3486 leguntur:

110 3505 229 3571 Δελφῶν
249 3499 313 3556 οῖδα
329 3496 380 3571 ἐγώ
399 3494 472 3556 οὕτω
492 3496 613 3565 ἀκούσας
634 3500 777 3571 γενέσθαι)
799 3507 841 3556 25.
863 3507 906 3557 50.
922 3507 966 3556 51.
997 3504 1072 3566 Quin
1089 3523 1103 3556 e
1120 3507 1247 3574 sophista-

112 3609 170 3643 rum
191 3587 292 3642 scholis
314 3587 446 3658 quaedam
466 3587 499 3640 ad
522 3588 656 3640 Herodoti
672 3587 758 3640 libros
772 3588 919 3640 transiisse
935 3588 1098 3657 praesertim
1115 3589 1142 3639 in
1164 3605 1246 3657 qnae-

111 3674 250 3726 stionibus
265 3673 299 3726 de
315 3671 465 3742 republica
481 3673 689 3740 constituenda,
706 3671 753 3724 illo
768 3679 890 3742 tempore
905 3673 1016 3725 maxime
1030 3673 1158 3740 agitatis,
1175 3673 1247 3724 hand

111 3777 182 3812 vana
197 3760 228 3812 111
243 3757 381 3828 suspici03
402 3758 458 3810 vid.
481 3758 555 3824 Vlll,
574 3761 632 3810 140.
655 3760 711 3822 §.1
735 3757 800 3828 ibiq.
827 3763 894 3810 nott.
911 3757 958 3823 111,
977 3761 1019 3810 48.
1036 3757 1087 3824 111,
1104 3759 1138 3810 89
1153 3757 1247 3828 ibique
1274 3759 1277 3764 “

111 3851 180 3898 nott.
193 3843 254 3899 Vol.
273 3843 309 3897 II.
326 3862 353 3913 p.
368 3845 427 3896 152.
459 3843 520 3896 Nec'
530 3843 595 3895 inde
607 3843 771 3912 mirabimur,
785 3841 891 3911 Persis,
907 3841 968 3894 aliis
980 3842 1112 3910 barbaris,
1130 3843 1247 3897 subinde

111 4011 311 4018 ——-—-..---

177 4107 202 4172 *)
221 4111 294 4160 Hinc
308 4115 383 4160 reete
397 4110 587 4175 pronuntiasse
599 4110 723 4160 existimo
737 4109 887 4174 Oppertum
905 4107 956 4172 (iaz
974 4108 1090 4159 Journal
1102 4109 1245 4174 Asiatiqnc

111 4179 169 4228 Ser.
183 4179 229 4228 lv.
243 4179 320 4228 Tom.
333 4179 431 4228 xvul.
446 4195 472 4243 p.
483 4177 542 4239 349)
557 4178 640 4228 haec:
660 4179 714 4240 „Si
726 4177 908 4242 l'inscription
921 4177 954 4227 de
968 4178 1118 4228 Bisoutonn
1131 4193 1165 4227 no
1179 4193 1245 4227 nous

112 4247 260 4296 constatait
273 4263 324 4310 quc
338 4247 362 4294 le
376 4246 442 4308 fait,
458 4261 509 4310 quc
521 4245 548 4294 le
562 4245 626 4311 pere
639 4245 672 4296 de
685 4246 829 4305 l’histoirc=
846 4247 952 4311 quoiqu'
966 4245 983 4294 il
999 4245 1038 4296 ait
1052 4243 1096 4294 c'td
1109 4243 1245 4296 calumnie

113 4319 141 4364 et
153 4311 233 4363 traitd
247 4313 280 4363 de
293 4319 424 4374 manteau,
439 4319 482 4364 est
493 4313 643 4364 l'bietoricn
655 4314 682 4363 ie
692 4314 752 4379 plus
764 4311 873 4364 sinebrc
884 4321 912 4364 01
924 4313 949 4363 le
960 4313 1021 4379 plna
1034 4314 1243 4362 consciencieux

111 4382 145 4430 de
159 4380 326 4446 l'antiquite',
347 4397 414 4430 nous
427 4382 467 4431 lui
478 4383 583 4432 serious
596 4382 743 4433 redcvable
757 4382 789 4432 de
804 4382 946 4447 beaucoup
960 4397 994 4432 au
1008 4397 1067 4431 nom
1081 4381 1114 4430 de
1127 4377 1243 4446 l'apprd-

112 4449 217 4500 ciation
231 4448 264 4498 de
277 4447 305 4499 la
317 4448 461 4500 literatura
474 4451 621 4516 grecque.“
