3040 4962
243 420 283 481 70
675 409 943 471 HERODOTI

194 592 402 676 51Θηβαίων
418 580 469 655 ὅτι
485 579 549 654 οὐκ
568 581 728 673 ἐμήδιζον.
754 577 833 653 Ἀπό
853 583 890 652 δὲ
902 589 957 670 τῆς
978 580 1150 670 διαβάσιος
1168 585 1230 652 τοῦ
1247 576 1396 671 ‘Elino-

242 687 382 775 πόντου,
411 691 513 758 ἔνθεν
535 682 741 776 πορεύεσθαι
763 681 904 774 ἤρξαντο
927 689 962 754 οἱ
983 683 1161 774 βάρβαροι,
1189 687 1249 754 ἕνα
1277 679 1399 754 αὐτοῦ

244 795 476 880 διατρίψαντες
493 789 593 876 μῆνα,
613 789 649 856 ἐν
661 789 708 878 τῷ
727 783 897 874 διέβαινον
916 788 948 866 ἐς
965 783 1027 874 τὴν
1039 781 1219 875 Εὐρώπην,
1240 789 1276 855 ἐν
1293 789 1396 876 τρισὶ

244 888 384 982 ἑτέροισι
417 890 498 978 μησὶ
523 891 671 976 ἐγίνοντο
697 889 733 956 ἐν
767 889 808 976 τῇ
835 883 981 977 Ἀττικῇ,
1007 884 1199 956 Καλλιάδεω
1224 883 1396 976 ἄρχοντος

240 988 457 1081 Ἀθηναίοισι.
494 991 551 1060 nul
569 986 719 1080 αἱρέουσι
739 990 861 1078 ἐρῆμον
877 984 913 1057 τδ
932 985 1032 1076 άστυ,
1056 995 1115 1057 καί
1133 993 1225 1069 τινας
1248 985 1397 1076 ὀλίγους

244 1089 436 1186 εὑρίσκουσι
459 1093 527 1162 τοῖν
547 1087 737 1178 Ἀθηναίων
761 1091 796 1159 ἐν
818 1093 866 1182 τῷ
889 1093 952 1184 ἱρῷ
970 1087 1100 1178 ἐόντας,
1125 1097 1243 1180 ταμίας
1264 1117 1300 1160 τε
1323 1093 1399 1160 τοῦ

245 1198 323 1287 ἱροιῐ
345 1197 401 1264 καὶ
425 1191 568 1281 πένητας
591 1187 809 1284 ἀνθρώπους,
836 1198 870 1262 οἳ
894 1188 1099 1282 φραξάμενοι
1124 1187 1186 1281 τὴν
1202 1187 1397 1282 άκρόπολιν

245 1495 286 1544 ita
297 1494 496 1550 excitaverant,
510 1497 541 1542 ut
552 1493 647 1542 urbem
659 1492 740 1541 incen
761 1505 788 1540 e·
839 1491 1025 1542 Parthenonis
1054 1491 1143 1542 locum
1168 1493 1285 1542 tenebat
1328 1493 1391 1543 vid.

245 1565 296 1611 ret.
326 1561 493 1611 Plataeeuses
505 1559 719 1612 Atheniensibus
734 1559 789 1608 ium
840 1563 908 1610 nott.
927 1559 963 1609 ad
974 1560 1012 1621 V,
1025 1555 1086 1625 72],
1107 1561 1135 1609 in
1153 1559 1235 1622 cella)
1254 1559 1391 1626 depositi,

245 1627 349 1678 auxilio
373 1631 510 1677 venerunt
539 1627 575 1677 ad
597 1627 790 1677 Marathonem
841 1627 905 1677 inde
918 1628 978 1691 quis
991 1626 1114 1691 colligat,
1128 1628 1161 1678 de
1175 1627 1270 1678 eodem
1282 1628 1392 1678 Miner·

245 1691 788 1760 contrsPerssspugnantibusffl,108),
841 1711 893 1746 vae
910 1693 1013 1760 templo
1030 1695 1116 1745 verba
1133 1695 1204 1746 haec
1227 1686 1259 1746 ἒν
1275 1694 1315 1758 τῷ
1332 1690 1391 1762 ἱρῷ

245 1761 382 1824 iidemque
402 1765 499 1812 eontra
515 1763 634 1814 Xerxem
657 1762 686 1810 in
704 1760 790 1812 Grae·
843 1777 904 1814 csse
928 1761 1112 1827 accipienda?
1146 1763 1237 1828 Atque
1257 1764 1299 1814 ita
1315 1779 1391 1816 sune

245 1843 337 1879 corum
356 1827 447 1878 classe
466 1827 502 1878 ad
519 1827 695 1879 Artemisium
718 1827 789 1878 mili·
841 1830 911 1880 huso
929 1830 1015 1881 verba
1035 1831 1127 1896 accipi
1149 1829 1208 1882 vult
1225 1830 1308 1882 Rossc
1334 1831 1391 1882 Ar-

244 1899 320 1946 tassc
333 1895 461 1946 dicuutur
474 1912 491 1946 s
502 1896 601 1946 Nostro
611 1896 683 1958 VIII,
695 1895 723 1945 1:
736 1897 789 1946 itu·
842 1897 968 1964 chilolog.
980 1897 1113 1948 Autslitze
1131 1915 1157 1964 p.
1173 1896 1234 1960 130;
1258 1899 1390 1964 equidem

245 1979 297 2029 quo
315 1963 345 2013 hi
363 1977 469 2030 quoque
487 1964 588 2014 Xerxis
612 1964 681 2012 irum
699 1979 789 2013 move·
842 1971 934 2016 temen
952 1965 1047 2016 malim
1064 1965 1151 2016 verbs
1169 1956 1200 2016 lv
1217 1964 1257 2032 τῷ
1269 1959 1321 2033 ἱρῷ
1332 1967 1389 2017 hoc

244 2036 314 2092 rant,
329 2031 376 2097 qui
386 2046 478 2082 eorum
487 2031 582 2082 urbem
593 2030 709 2082 dammis
718 2030 791 2082 trudi
841 2032 902 2084 loco
921 2035 1049 2099 accipere
1067 2048 1150 2084 sensu
1164 2032 1263 2084 latiore
1280 2033 1315 2085 de
1328 2039 1389 2085 toto

244 2100 335 2150 iussit.
714 2149 718 2155 ,
841 2100 903 2152 loco
921 2101 975 2150 diis
999 2116 1032 2151 uc
1055 2101 1224 2166 potissimum
1241 2103 1388 2152 Minervae

842 2172 1004 2219 consecrato
1027 2169 1056 2218 in
1080 2184 1158 2232 erce,
1182 2168 1387 2234 complectente

453 2265 520 2319 cn·
538 2268 585 2318 LI·
841 2236 1069 2318 Hecatompedou
1087 2252 1110 2287 s.
1123 2237 1327 2317 Parthenonem
1340 2253 1388 2287 ac·
1461 2269 1464 2277 ·

277 2364 338 2422 Ἀπδ
362 2363 394 2422 δὲ
416 2367 467 2436 τῆς
491 2347 642 2435 διαβάσιος
660 2365 711 2419 τοῦ
728 2358 787 2417 Ἑλ·
840 2319 897 2422 ddi
912 2303 1388 2438 aduffimiellbblertbddlddribdddpblld

244 2432 416 2507 λησπάντου]
435 2440 453 2489 i.
469 2454 493 2488 c.
508 2437 787 2501 abscindensque,
841 2453 924 2490 sensu
937 2440 1029 2504 accipi
1042 2455 1121 2505 posse
1134 2443 1212 2504 puto.
1232 2439 1302 2504 quod
1315 2441 1386 2506 legi-

244 2525 292 2573 quo
305 2510 497 2571 Hellespontum
511 2505 676 2556 traiecerunt.
707 2503 790 2553 Haud
841 2513 885 2557 tur
898 2522 959 2572 cap.
972 2505 1019 2557 53:
1038 2501 1068 2556 τά
1083 2498 1147 2588 ἱρὸν
1159 2499 1339 2624 ovlq'ouvtsc
1356 2513 1387 2558 et

245 2574 328 2624 alitor
351 2565 411 2623 άπὸ
435 2575 608 2638 intempore
632 2569 788 2632 indicando,
842 2591 903 2640 cap.
922 2573 967 2624 ὁδε
995 2565 1033 2633 ele,-
1050 2564 1197 2640 α’νεβησαν
1229 2571 1293 2632 ςτὸ
1311 2569 1385 2640 ἱρόν,

244 2641 292 2688 ubi
311 2641 479 2690 Latinius.
497 2647 554 2704 post
573 2643 690 2704 ponunt,
714 2637 789 2698 vm,
841 2637 932 2692 uesci
951 2633 1125 2708 ἐμπρήσαντι
1138 2635 1170 2692 τδ
1183 2635 1254 2706 ἱρόν.

245 2707 287 2756 54.
304 2706 346 2756 55.
382 2705 466 2756 Plura
483 2705 600 2756 Fischer
623 2705 658 2756 ad
676 2703 788 2754 Weller.

244 1426 320 1485 vm,
333 1424 389 1490 25):
408 1425 495 1488 undo,
509 1425 613 1492 opinor,
633 1424 702 1474 iram
713 1424 789 1540 regis
839 1421 948 1490 templi,
966 1423 1037 1488 quod
1050 1429 1115 1474 ante
1128 1423 1246 1474 Periclis
1260 1428 1395 1559 temfora

874 2741 979 2808 ταμίας
997 2741 1097 2794 τετοῦ
1114 2739 1190 2810 ἱροῦ]
1223 2743 1316 2795 Prima
1338 2744 1385 2796 bic

841 2813 945 2862 mentio
980 2815 1154 2877 quaestorum
1188 2827 1327 2862 sacrorum
1357 2815 1387 2862 in

841 2879 943 2945 templo
967 2881 1123 2940 Minervae,
1154 2879 1202 2929 ubi
1225 2880 1385 2946 primarium

840 2947 952 2997 Atticas
972 2948 1095 2998 civitatis
1115 2947 1335 3010 munerarium,
1357 2950 1386 2998 iu

842 3030 894 3078 quo
906 3015 998 3065 omnis
1007 3015 1130 3077 donaria,
1144 3015 1306 3079 vectigalis,
1319 3017 1386 3066 mul-

841 3087 911 3143 ctas,
923 3080 979 3131 elia
989 3082 1017 3131 id
1029 3098 1115 3148 genus
1126 3083 1310 3148 deponebant,
1321 3099 1386 3135 con·

841 3149 901 3198 dite
918 3150 946 3198 in
963 3149 1146 3200 Parthenonis
1168 3149 1240 3200 cella
1257 3151 1384 3216 quadum.

840 3215 943 3265 Postea
956 3217 1078 3268 crebrior
1091 3233 1182 3268 corum
1199 3217 1229 3267 fit
1241 3221 1343 3270 mentio
1357 3221 1386 3270 in

840 3283 1065 3347 discriptionibus
1078 3285 1176 3336 aliisve
1187 3289 1385 3338 monumentis:

840 3349 911 3399 unde
924 3351 1019 3401 decem
1033 3353 1120 3402 tuisse
1134 3367 1243 3404 numero
1257 3360 1385 3419 quaesto-

840 3432 884 3468 res
902 3434 916 3468 e
935 3419 1043 3470 civibus
1061 3421 1206 3470 ditioribus
1221 3421 1325 3472 electos
1344 3424 1385 3472 in-

839 3485 999 3552 telligimus.
1011 3487 1096 3538 Plura
1106 3488 1228 3542 Bocckh.
1236 3489 1384 3540 Oeconom.

245 2773 297 2823 ΙΙΙ.
310 2788 335 2822 ο.
348 2789 412 2838 pag.
429 2772 477 2822 108
488 2788 546 2838 seq.
564 2773 588 2822 A
602 2787 653 2836 quo
666 2777 789 2838 tempore

245 2839 327 2902 (hacc
345 2845 388 2888 est
403 2839 536 2889 Herodoti
554 2839 705 2901 sententis)
725 2841 789 2889 Per-

245 2921 293 2956 sae
312 2905 522 2972 Hellespontum
540 2907 725 2967 traiecerunt,
744 2907 788 2956 iti-

244 2973 319 3023 neris
338 2972 377 3036 (in
389 2971 536 3038 Europam)
555 2973 665 3022 initium
684 2974 790 3024 iacien-

193 3049 196 3056 '
244 3045 301 3102 tes,
314 3055 397 3090 unum
410 3041 450 3090 ibi
462 3041 502 3102 (in
511 3039 607 3091 Helles
628 3041 702 3105 onto)
715 3057 789 3092 men-

245 3123 314 3170 sem,
340 3108 448 3173 inipso
466 3109 585 3158 transitu
604 3057 648 3172 d'st
665 3109 693 3158 in
712 3124 788 3159 exer-

245 3176 302 3236 citu
326 3175 477 3226 ordinando
501 3181 530 3226 et
549 3175 701 3240 lustrando)
725 3191 788 3226 con·

243 3247 380 3308 sumptum
410 3244 583 3305 commorati,
615 3243 678 3294 iude
706 3245 788 3294 trium

244 3313 379 3362 meusium
391 3312 481 3378 spatio
494 3311 664 3361 devenerunt
677 3312 705 3360 in
718 3312 788 3360 Atti·

245 3395 306 3430 cam
325 3395 396 3430 suno
413 3377 463 3428 480
482 3394 499 3428 u
516 3378 579 3428 Chr.
594 3395 620 3428 n.
640 3395 661 3429 s.
680 3379 787 3444 Olymp.

243 3447 290 3512 75,
312 3447 340 3510 1,
366 3463 418 3514 quo
437 3445 544 3497 Callias
568 3447 671 3497 archon
690 3462 788 3566 eponq·

244 3532 303 3567 mus
323 3516 377 3566 fuit
394 3515 519 3566 Athenis.
551 3505 653 3578 αὐτοῦ,
675 3516 692 3566 i.
712 3532 737 3565 e.
772 3531 789 3565 ν

243 3575 498 3662 τουτο
529 3583 701 3634 nm
839 3553 1088 3674 essesut
1107 3555 1385 3676 ussurus>

244 3649 536 3780 fflofflg'lfflfss‘.)
564 3651 618 3770 Ἥ,
643 3650 788 3770 almi&
840 3659 1000 3741 Hermanno
1005 3707 1010 3739 :
1040 3640 1386 3747 &qhehqqmmltgrthq

245 3778 411 3834 Καλλιάδεω
429 3776 568 3851 ἄρχοντος
589 3735 732 3837 vidgnott.
752 3787 787 3837 sd
839 3757 1053 3875 δ’ί151·.“(ξὶ·9.“
1072 3758 1113 3809 1⁰·
1129 3759 1178 3840 ¹²⁸,
1204 3755 1320 3840 In‘hstl
1336 3777 1385 3810 ω’
1505 3746 1513 3897 ί

244 3849 324 3912 vm,
343 3850 384 3901 43·
838 3841 972 3890 puseus
998 3841 1069 3890 ερων
1082 3843 1234 3893 χρημάτων
1246 3843 1296 3893 της
1308 3829 1385 3894 Αθη-

279 3929 329 3984 cul
341 3926 479 4000 αἱρέουσι]
499 3936 625 3990 Subitum
643 3939 787 3988 transitum
839 3891 926 3974 νᾳίας
936 3896 1385 3980 mmmm-“lantu‘i⁰i¹¹⁸⁰fipti⁰'

838 3960 920 4010 nibus
932 3975 1019 4024 nuper
1031 3963 1115 4013 odrtrs
1134 3980 1151 4013 s
1162 3963 1310 4028 Raugubc:
1329 3966 1384 4014 An-

246 4007 398 4066 imniorum
416 4003 451 4052 ab
470 4005 573 4055 ⁸⁰li⁸i⁰
587 3997 739 4068 (symm)
753 4006 788 4056 δᾶ
840 4025 955 4092 tiquitds
975 4027 1154 4096 Helleniqucs
1172 4031 1209 4081 II.
1233 4047 1259 4096 p.
1281 4032 1320 4081 14.
1344 4032 1384 4082 ld.
1511 4023 1516 4170 q

246 4083 378 4134 ΡΠΙΘΙΕΠ8
391 4070 547 4120 ¹¹⁰²³Vlm¹¹³
561 4071 595 4122 Μ]
607 4073 645 4136 V,
658 4073 699 4123 55·
839 4095 880 4145 47.
901 4093 949 4145 148
967 4111 1024 4161 seq.
1059 4097 1138 4163 Apud
1156 4097 1312 4149 Cornelium
1330 4101 1383 4150 Ne·

280 4144 312 4204 ἱν
323 4152 362 4218 τῷ
374 4145 427 4218 ἱρῷ
439 4145 548 4218 ἐόντας]
568 4156 646 4218 Quod
659 4159 788 4208 contiuuo
839 4167 893 4227 pot.
904 4164 1081 4215 Themistool.
1094 4167 1111 4216 4
1123 4167 1183 4216 init.
1197 4166 1303 4217 Xerxes
1315 4169 1384 4218 dici-

247 4227 493 4272 commcmorantur
515 4219 615 4288 ταμίαι
639 4223 690 4275 τοῦ
714 4218 786 4290 ἱροῦ,
839 4233 1004 4294 turnacum,
1027 4233 1183 4284 interfectis
1198 4237 1382 4296 sacerdotibus,

247 4289 293 4354 qui
307 4294 467 4354 quaestores
484 4293 661 4341 suntscrarii
678 4293 787 4342 intem·
840 4312 906 4362 quos
930 4299 959 4348 in
982 4315 1047 4350 erce
1071 4302 1228 4364 invenerat,
1254 4304 1382 4356 incendio

246 4355 292 4424 plo
309 4357 452 4410 Minervae
471 4357 663 4424 (Parthenonis
686 4375 708 4412 e.
729 4361 788 4412 eius
839 4364 985 4419 delevisse.
