2984 4962
315 471 373 531 DF.
397 471 501 531 VITA
522 471 580 531 ΕΤ
602 469 793 532 SORIPTIS
816 469 1051 532 HERODOTI.
1187 475 1245 536 411

118 643 204 711 ginem
222 643 289 696 dare
305 643 434 713 potuerit.
465 642 548 706 Quod
569 643 639 696 euim
662 660 678 694 a
699 642 914 696 Montelelconio
934 644 962 696 in
980 643 1111 696 Biblioth.
1131 641 1247 698 coislin.

117 745 176 798 pag.
199 731 251 784 609
266 727 367 781 editum
382 733 426 782 est
441 727 631 798 proverbium,
651 728 771 798 indeque
788 735 926 798 receptum
946 727 975 780 in
989 727 1248 797 Paroemiographo·

117 830 172 866 rum
183 812 358 866 collectiones
373 812 441 886 (vid.
467 814 502 865 T.
524 813 546 866 l.
571 831 597 882 p.
613 815 666 866 400
688 812 732 865 ed.
751 812 902 881 Gotting.),
926 812 967 866 sic
981 830 1012 864 se
1028 813 1122 866 habet:
1145 809 1184 874 εἰς
1196 807 1249 883 τὴν

111 885 261 966 Ἡροδότου
275 892 373 952 οιιιᾰν·
395 892 440 952 tat
462 898 518 951 τῶν
538 891 576 968 μὴ
597 890 861 967 τελεοιουογούνταν
880 888 1088 967 depositone·
1111 896 1180 968 φαολ
1196 892 1249 968 ydq

110 975 258 1051 Ἡρόδοτον
281 975 331 1037 οόν
355 976 531 1052 λογογράφον
549 975 716 1052 Ὀλυμπιάσι
740 983 829 1048 δεῖξαι
865 981 1038 1054 βουληθέντα
1068 977 1120 1054 τὴν
1149 977 1250 1038 ἑαυτοῦ

115 1064 234 1136 &soctan
251 1060 460 1142 ἀναβάλλεσθαι
477 1061 580 1138 ἡμέραν
601 1062 629 1134 ἐξ
649 1061 764 1138 ἡμέρας,
785 1062 930 1136 φάσκοντα
952 1069 1032 1130 σκιᾶς
1052 1065 1078 1123 εἰ
1092 1063 1250 1141 ἐπιλάβοιτο

114 1147 142 1206 ἐν
154 1154 192 1226 τῷ
205 1150 309 1222 τεμένει
325 1155 376 1208 τοῦ
388 1146 548 1224 Ὀλυμπίου,
561 1153 662 1219 δείξειν
675 1147 727 1223 τὴν
743 1149 879 1222 ἱστορίαν·
893 1147 950 1226 los}
965 1146 1018 1222 γὰρ
1031 1154 1130 1216 δεινῶς
1146 1149 1250 1224 noceri-

113 1241 171 1292 λιον
185 1232 217 1293 sd
231 1240 347 1307 χωρίον·
368 1235 469 1294 ἔλαθεν
485 1227 537 1293 οὖν
556 1232 643 1293 αὐτὸν
663 1239 829 1293 διαλυθεῖσα
843 1231 862 1308 ἡ
876 1233 1032 1309 πανήγυρις
1045 1231 1098 1294 oria
1112 1233 1249 1306 ἐκιδειξοὶ·

113 1339 195 1392 μενον
209 1318 259 1386 τὰς
272 1319 400 1392 [οτοοίας.

196 1407 251 1460 Sed
265 1409 299 1462 de
315 1409 364 1461 hac
377 1413 438 1479 ipsa
452 1409 615 1462 recitatione
635 1407 703 1480 quid
719 1408 826 1462 omnino
842 1407 1018 1462 statuendum
1032 1408 1085 1476 eit,
1103 1415 1249 1479 antequam

113 1493 267 1546 accuratius
283 1493 432 1562 videamus,
448 1493 590 1548 dicendum
607 1493 660 1547 erit
674 1493 708 1546 de
725 1511 774 1560 eo,
788 1492 862 1564 quod
876 1507 961 1562 supra
975 1492 1061 1546 fluida
1081 1493 1249 1563 potissimum

113 1595 144 1629 ao
155 1577 314 1631 Marcellino
325 1579 444 1632 testibus
456 1577 598 1632 retulimus
607 1577 810 1646 deThucydide
823 1595 909 1648 puero
920 1585 1066 1648 praesente
1082 1577 1248 1632 etHerodoti

114 1661 273 1716 recitatione
299 1663 417 1721 excitata
444 1664 479 1716 ad
504 1663 590 1717 simile
619 1679 689 1734 opus
716 1663 890 1716 historiarum
923 1662 1101 1716 condendum.
1140 1663 1249 1718 Etenim

113 1746 205 1816 plures
222 1748 396 1816 exstiterunt,
413 1748 460 1820 qni
475 1748 510 1801 de
527 1750 576 1801 hac
593 1747 750 1801 narratione
773 1764 890 1817 prorsus
906 1746 1064 1800 dubitarent
1083 1747 1249 1820 eandemque

112 1832 179 1885 adeo
199 1831 280 1902 plane
295 1833 455 1886 reficerent:
482 1833 555 1888 inter
574 1850 645 1904 quos
661 1833 747 1903 primo
770 1831 830 1885 loco
854 1832 1001 1903 ponendus
1014 1831 1194 1886 Heilmannus
1220 1834 1248 1888 in

111 1915 175 1969 Vita
195 1917 377 1986 Thucydidis,
403 1935 483 1988 quam
505 1917 729 1989 interpretationi
751 1917 931 1970 Germanicae
951 1917 1092 1988 praefixit,
1122 1923 1205 1988 atque
1224 1919 1249 1972 ei

110 2001 283 2072 adstipulans
295 2002 391 2073 Poppo
405 2003 433 2055 in
449 2002 579 2072 Prolegg.
595 2003 630 2056 ad
644 2001 801 2071 Thucydid.
817 2001 877 2054 Vol.
894 2002 917 2054 I.
935 2021 961 2072 p.
975 2006 1009 2055 24
1022 2020 1100 2074 seqq.
1116 2005 1177 2071 ³35,
1192 2010 1249 2058 tum

110 2087 310 2156 chronologicis
334 2088 487 2140 rationibus
515 2089 630 2153 ductus,
662 2087 756 2159 „quod
786 2086 949 2155 Thucydide
977 2103 1062 2157 puero
1091 2087 1249 2142 Herodotus

110 2171 187 2224 modo
198 2172 327 2226 tredecim
338 2189 425 2226 annos
437 2177 503 2225 natu
516 2174 601 2227 maior
615 2172 701 2225 libros
718 2190 785 2225 suos
802 2173 906 2226 demum
918 2171 1010 2226 multis
1021 2172 1104 2226 terris
1117 2190 1248 2242 peragra-

110 2256 147 2308 tis
161 2257 281 2326 scriptos
299 2257 416 2310 recitare
433 2257 505 2310 haud
523 2257 603 2310 facile
617 2257 753 2328 potuerit,
774 2265 830 2312 tum
846 2275 911 2310 vero
929 2257 1008 2311 etiam
1025 2275 1073 2318 eo,
1095 2257 1169 2326 quod
1184 2259 1249 2312 haec

110 2357 156 2393 res
173 2340 234 2409 ipae
249 2359 344 2410 perse
363 2341 533 2396 incredibilia
548 2343 689 2410 rideatur,
708 2359 769 2396 cum
783 2342 954 2410 Thucydidis
975 2341 1086 2410 ingenio
1101 2349 1248 2411 repugnet,

110 2424 158 2494 qui
174 2425 250 2494 vulgi
266 2425 366 2479 iudicis
385 2433 597 2497 contemptorem
615 2446 646 2480 ee
668 2427 796 2480 ostendat
811 2445 901 2497 neque
922 2425 1001 2480 ollam
1020 2443 1139 2496 unquam
1159 2426 1248 2480 Hero-

109 2507 168 2560 doti
185 2509 316 2563 historiae
332 2511 421 2578 abiis,
437 2529 507 2581 quae
521 2512 582 2582 ipse
596 2514 622 2565 in
640 2512 755 2566 historia
770 2511 920 2582 spectanda
932 2515 1050 2581 putaret,
1067 2509 1249 2565 alienissimae

108 2592 313 2650 admirationem
333 2596 462 2666 prodet.“
494 2597 574 2660 Quae
595 2597 722 2668 pluribus
740 2597 804 2650 licet
825 2599 947 2651 refutare
965 2595 1105 2649 studuerit
1116 2590 1248 2668 Heyse*)

108 2678 278 2748 probaturus
300 2681 372 2734 baud
393 2681 577 2736 incredibilem
601 2682 690 2736 videri
713 2683 782 2735 hanc
809 2683 843 2735 de
864 2679 1024 2750 Thucydide
1056 2681 1247 2750 narrationem,

108 2763 182 2832 quod
196 2763 267 2818 idem
284 2771 443 2820 statuerunt
460 2767 571 2836 liniger
580 2763 637 2837 **),
653 2762 826 2835 Vdmel***)‚
842 2766 902 2819 aliia
925 2775 1012 2819 tamen
1028 2767 1115 2820 fictam
1131 2783 1248 2836 prorsus

79 2907 82 2914 ,
107 2847 256 2903 habendam
272 2869 334 2906 esse
354 2853 423 2905 hanc
437 2853 532 2906 lamam
547 2859 707 2906 statuerunt
723 2853 759 2920 ii,
782 2852 830 2922 qui
851 2869 952 2904 omnem
967 2850 1038 2904 illam
1060 2851 1094 2904 de
1112 2852 1247 2905 Herodoti

107 2933 270 2989 recitatione
296 2937 439 3007 Olympica
465 2938 650 2992 narrationem
676 2939 711 2991 ad
731 2936 839 2990 fabulae
863 2936 1037 3006 relegerunt,
1061 2934 1147 2989 veluti
1163 2935 1246 2990 Dahi-

105 3034 223 3072 mannue
232 3021 274 3092 †),
286 3021 368 3076 Mure
377 3023 439 3090 ³5³5),
454 3021 516 3090 alii3
532 3024 691 3077 dubitanter
700 3023 914 3094 pronuntiarunt
927 3023 957 3090 ii,
970 3023 1017 3093 qui
1027 3020 1098 3075 illam
1110 3021 1248 3074 recitatio-

107 3119 169 3154 nem
185 3103 245 3156 fieri
261 3106 387 3174 potuisse
399 3107 463 3160 licet
476 3107 584 3162 minime
601 3114 744 3176 negarent,
762 3115 850 3161 tamen
867 3126 912 3176 ea,
935 3125 1004 3178 quac
1027 3107 1060 3160 de
1083 3106 1248 3174 Thucydide
1314 3129 1319 3139 ·

106 3195 256 3256 praesente
269 3191 414 3257 feruntur,
436 3209 502 3244 sera
521 3193 567 3245 vix
594 3193 688 3246 haberi
704 3211 786 3262 posse
811 3193 862 3245 sibi
880 3191 1096 3262 persuaderent,
1124 3191 1247 3244 utlirill-

107 3287 225 3324 mannus
235 3273 313 3338 †††),
328 3271 487 3345 Gdller*†),
504 3292 535 3328 ac
547 3277 717 3345 potissimum
727 3273 958 3345 Lahmeyer**†),
980 3276 1028 3345 qui
1045 3275 1186 3328 admodum
1202 3293 1245 3328 ac·

108 3360 208 3408 curate
233 3356 302 3409 hanc
327 3359 517 3426 quaestionem
541 3361 671 3414 tractarit
696 3369 780 3430 atque
797 3361 839 3415 vel
865 3367 979 3430 propter
1003 3359 1111 3412 dubiam
1134 3359 1247 3413 testium

106 3440 189 3492 fidem
206 3440 275 3494 baruc
290 3442 473 3495 narrationem
488 3443 644 3498 addubitari
662 3464 745 3515 posse
762 3448 905 3515 protessus
922 3451 973 3497 est.
1003 3445 1138 3513 Equidem
1154 3461 1246 3513 quam-

105 3541 187 3594 quam
208 3543 298 3596 neque
319 3527 422 3580 Suidae
444 3545 534 3598 neque
552 3529 707 3583 Marcellini
730 3529 911 3583 narrationem
930 3545 1047 3597 prorsus
1069 3529 1172 3595 fictam,
1197 3528 1246 3581 sed

105 3627 140 3662 ex
167 3611 371 3681 antiquioribus
397 3610 482 3693 certe]
499 3614 623 3668 lontibus
649 3615 756 3668 dirutam
778 3633 839 3668 esse
861 3613 924 3667 mihi
950 3612 1103 3682 persuadeo
1128 3612 1247 3682 indeque

173 3859 188 3892 *
407 3863 413 3876 e
453 3863 460 3876 a
550 3865 556 3876 ι
573 3865 580 3878 s

173 3860 482 3998 *lqnffngfflffigg
493 3868 629 3982 titini-udde
641 3865 966 3996 &dimidiumque
986 3949 1012 4000 p.
1030 3931 1047 3982 9
1065 3946 1122 3996 seq.
1136 3932 1167 3980 24
1186 3947 1244 3996 seq.

173 3995 229 4063 m)
256 4000 287 4049 ln
314 4003 524 4080 programmate,
554 4001 624 4066 quod
652 3999 715 4052 1833
740 4001 919 4052 Fraueot’urti
945 3999 1058 4066 prodiit:
1087 3999 1147 4061 Quo
1173 4015 1244 4050 anuo

104 4063 203 4114 Thurii
222 4065 329 4117 conditi
347 4067 403 4118 aiut
420 4084 456 4133 pa
478 4105 485 4117 .
503 4066 528 4118 9.

175 4130 208 4196 †)
226 4135 358 4186 Herodot.
377 4151 404 4200 p.
424 4085 483 4186 ald.

177 4199 230 4260 ††)
248 4201 361 4265 History
380 4203 411 4253 ol
428 4202 474 4254 tbe
492 4201 631 4270 language
651 4209 705 4255 eto.
724 4205 770 4256 1v.
789 4221 816 4270 p.
834 4201 884 4254 267
903 4219 978 4270 seqq.

176 4267 248 4334 †††)
268 4269 448 4322 Griechiecha
465 4271 634 4323 Denkwiirdi
655 4272 702 4325 lrk.
720 4289 747 4340 p.
768 4271 824 4324 178.

174 4331 221 4398 *ἢ
240 4336 268 4385 io
285 4337 351 4387 Vita
368 4337 491 4400 Thucyd.
510 4355 535 4405 p.
554 4289 654 4392 dil—43
672 4341 714 4392 ed.
732 4356 788 4392 sec.

175 4398 238 4469 Ἦ)
256 4403 298 4454 De
316 4403 405 4456 libelli
422 4405 594 4472 Plutarchei,
614 4407 658 4477 qui
676 4408 710 4460 de
729 4408 904 4476 malignitate
921 4406 1056 4460 Herodoti
1074 4405 1247 4472 inscribitur,

103 4471 163 4523 fide
183 4475 211 4521 et
229 4472 395 4523 auctoritate
408 4471 544 4542 (Gotting.
565 4473 646 4542 1848)
663 4491 689 4542 p.
710 4475 749 4527 14.
