3066 4964
517 419 778 488 CALLIOPE.
802 421 859 479 IX.
878 427 922 482 85.
940 427 984 482 86.
1252 421 1313 483 345

181 599 251 668 ἐπεὶ
270 599 325 666 καὶ
344 592 551 685 Αἰγινητέων
570 595 637 664 ἐστὶ
660 589 780 662 αὐτόθι
804 588 1000 679 καλεόμενος
1024 587 1143 678 τάφος,
1168 587 1226 660 τδυ
1250 586 1314 678 ἐγω

179 695 290 768 ἀκούω
319 700 373 769 καὶ
398 695 478 768 δέκα
502 702 587 766 ἔτεσι
610 691 751 786 ὕστερον
773 689 855 783 μετὰ
876 693 995 779 ταῦτα,
1033 688 1224 779 δεηθέντων
1246 695 1314 762 των

181 797 398 888 Αἰγινητέων,
418 801 521 888 χοῖσαι
540 795 695 885 Κλεάδην
712 793 771 865 τδν
789 789 990 881 Αὐτοδίκου,
1008 789 1116 883 ἄνδρα
1133 791 1313 882 Πλαταιέα,

179 899 352 991 πρόξεινον
371 899 466 970 ἐόντα
484 894 603 968 αὐτοῖν.

250 997 306 1082 Ὡς
326 998 358 1071 δ’
371 998 436 1090 ἄρα
453 1007 586 1083 ἔθαψαν
602 995 680 1079 τούς
700 994 835 1088 vesperis
853 999 889 1067 ἐν
900 999 1086 1086 Πλαταιῇσι
1103 1001 1138 1066 οἱ
1144 990 1312 1086 Ἕλληνες,
1320 1009 1361 1073 86

181 1100 301 1174 αὐτίκα
324 1100 558 1191 βουλομένοισί
573 1121 632 1188 σφι
652 1097 765 1170 ἐδόκεε
782 1096 1020 1189 στρατεύεσθαι
1043 1099 1096 1168 ἐπὶ
1114 1093 1171 1179 τὰς
1189 1096 1313 1186 Θήβας,

182 1266 239 1318 lat.
275 1269 329 1317 Pro
352 1256 446 1316 αὐτῶν
466 1267 572 1343 inipso
591 1281 653 1330 cap,
669 1265 723 1314 fine
775 1264 1088 1328 quaedamcompurent,
1102 1262 1314 1328 eumquelocum

180 1335 254 1386 male
276 1335 340 1385 olim
362 1337 423 1384 erat
443 1323 570 1396 ἒωυτωνς
598 1338 627 1384 tu
649 1333 722 1384 coni.
775 1333 803 1380 in
816 1347 916 1396 mappa
935 1330 1200 1382 adiectuindicavit.
1236 1331 1314 1392 Quod

181 1405 242 1463 vll,
261 1402 285 1452 5.
315 1403 392 1464 Quod
413 1401 447 1451 ad
465 1403 552 1467 ipsum
568 1401 624 1452 loci
643 1415 722 1466 argu·
774 1399 846 1448 idem
864 1399 934 1448 fecit
952 1399 997 1447 Fr.
1017 1397 1193 1458 Muenacher‚
1218 1398 1314 1448 eadem

180 1475 313 1529 mentum,
333 1467 597 1520 narratDodwellus
615 1467 721 1531 (itiner.
775 1467 833 1515 iere
857 1466 1009 1515 directione
1033 1465 1080 1516 sed
1104 1465 1198 1514 urbem
1226 1465 1314 1530 ipsam

180 1538 203 1598 1,
215 1535 233 1587 9
245 1553 259 1588 e
272 1553 342 1587 vers.
356 1536 476 1586 Sickleri
488 1537 519 1585 Τ.
531 1538 552 1596 Ι,
560 1537 584 1584 2.
598 1551 662 1601 pag.
669 1534 722 1598 75),
775 1534 886 1598 propius
903 1533 997 1582 horum
1019 1533 1204 1597 sepulcrorum
1224 1532 1314 1583 locum

180 1621 211 1655 se
223 1605 316 1654 horum
330 1604 516 1669 sepulcrorum
528 1619 563 1654 ne
576 1603 723 1668 vestigium
774 1601 803 1650 iu
824 1617 924 1666 mappa
944 1601 1085 1662 indicans,
1107 1605 1189 1664 atque
1206 1601 1234 1650 in
1254 1600 1315 1666 ipso

182 1672 288 1736 quidem
302 1673 446 1737 reperisse.
469 1672 618 1721 Exstitisse
629 1675 721 1719 tamen
772 1667 866 1718 libello
884 1669 925 1717 De
942 1667 1018 1718 rebb.
1032 1667 1204 1718 Plataecnes.
1222 1685 1285 1734 pag.
1299 1667 1316 1718 6

181 1739 324 1789 Strabonis
349 1743 456 1801 aetate,
487 1755 520 1788 ex
542 1739 618 1788 hisco
642 1739 722 1788 huius
772 1735 843 1786 haec
853 1736 1137 1796 scribens:„Exstant
1149 1743 1241 1786 nostro
1251 1751 1316 1801 quo·

181 1807 323 1872 scriptoris
336 1807 510 1857 verbissatis
528 1797 623 1870 colligi
660 1819 721 1856 osse
774 1819 826 1921 que
847 1809 968 1870 tempore
990 1803 1116 1868 ingentes
1138 1803 1225 1854 cistae
1246 1803 1315 1870 lapi·

180 1875 301 1924 ridetur:
325 1867 404 1939 ταφή
422 1888 451 1924 τε
469 1871 616 1923 δείκνυται
635 1822 721 1938 δημο·
793 1887 842 1922 eae
865 1873 893 1920 in
914 1871 1002 1920 latere
1024 1871 1117 1935 oppidi
1139 1871 1314 1929 occidentali,

182 1939 230 1991 σία
241 1940 297 1992 τῶν
308 1935 536 2006 τελευτησάντων
550 1933 581 1992 ἐν
590 1939 625 2006 τῇ
634 1939 720 2006 μολγῃ,
774 1939 870 2004 quibus
879 1939 1045 1988 Graecorum
1057 1953 1149 2002 pugna
1155 1938 1315 1990 Plataeensi

181 2007 227 2058 lib.
245 2009 292 2059 IX.
317 2009 418 2074 cap.2.
442 2007 582 2074 pag.⁴il2‚
607 2023 723 2072 quocum
774 2007 925 2056 occisorum
943 2021 1006 2056 ossa
1024 2005 1135 2056 condita
1154 2005 1314 2058 inisseSta-

182 2077 254 2126 coni.
265 2076 405 2126 Plutarch.
418 2075 473 2125 Vit.
484 2076 596 2125 Aristid.
612 2073 720 2140 capii,
775 2073 949 2137 ckelbergiue
965 2073 1090 2134 coniicit;
1111 2073 1159 2122 sed
1174 2089 1234 2123 cunr
1245 2075 1315 2124 Pau·

180 2144 250 2194 unde
272 2145 407 2194 coniicias
430 2142 558 2207 sepulcra
582 2147 660 2192 extra
680 2157 722 2190 ur·
774 2141 868 2190 sanias
889 2140 1015 2204 sepulcra
1036 2141 1169 2190 orientem
1187 2145 1315 2206 spectaro

181 2209 242 2260 bem
259 2225 313 2261 non
330 2210 411 2273 longe
435 2225 451 2258 a
469 2211 545 2258 fonte
563 2207 723 2274 Gargaphie
774 2207 875 2256 diserte
900 2207 989 2268 dicat,
1017 2213 1065 2256 aut
1087 2209 1256 2271 transposita
1281 2223 1316 2257 ea

182 2277 232 2338 (de
251 2293 305 2342 qua
322 2276 377 2325 vid.
398 2276 448 2335 lx,
472 2275 505 2324 25
525 2275 620 2339 ibique
637 2273 723 2335 nott.)
775 2289 836 2324 esse
854 2274 1065 2323 existimandum
1083 2277 1137 2334 est,
1156 2273 1184 2322 id
1197 2274 1267 2337 quod
1280 2274 1315 2322 ob

181 2349 276 2394 erecta
300 2343 398 2402 tuisse
428 2342 462 2392 ad
486 2342 624 2391 introitum
647 2342 723 2390 urbis
774 2341 906 2388 cistarum
927 2339 1023 2389 molem
1040 2339 1114 2388 haud
1132 2339 1315 2402 probaverim,

181 2411 351 2474 potissimum
375 2408 461 2458 fuisse
482 2412 599 2458 testatur
618 2408 724 2457 Pausa·
776 2410 824 2454 aut
854 2407 994 2456 sententia
1018 2405 1223 2469 Stackelbergii
1251 2407 1315 2456 reii-

182 2477 244 2525 nias
256 2476 274 2524 l.
288 2489 371 2539 supra
383 2474 414 2536 1.,
429 2475 506 2524 cuius
518 2474 604 2524 verba
616 2475 723 2539 potiora
775 2473 882 2524 cienda.
907 2473 959 2523 Sed
972 2471 1198 2525 verisimillimum
1211 2478 1261 2534 ast,
1274 2473 1316 2525 his

181 2541 234 2591 hnc
259 2541 417 2592 adscribere
437 2541 543 2606 placet:
574 2535 661 2592 κατὰ
686 2535 722 2592 δὲ
774 2541 853 2591 cistis
870 2556 933 2592 ossa
945 2540 1150 2590 Plataeensium
1163 2555 1213 2592 sua
1230 2547 1315 2592 morto

181 2601 723 2740 nutriret:suitur
773 2607 1317 2728 deirruuuuiruuritu

182 2742 251 2802 δοος
269 2739 473 2809 μαχεσαμένων
495 2739 564 2794 εἰσί·
588 2747 648 2802 τοῖς
670 2695 723 2808 pio
773 2693 867 2808 {iniero
891 2745 968 2794 locus
992 2749 1052 2794 erat
1075 2744 1135 2794 lovi
1158 2745 1316 2795 Liberatori

180 2797 233 2861 οὐν
253 2812 367 2889 λοιποῖς
397 2806 472 2862 ἔστιν
485 2803 601 2877 Ἕλλησι
624 2811 722 2890 μγῆμα
773 2827 866 2873 sacer,
890 2813 938 2862 ubi
959 2813 1053 2876 quinto
1070 2827 1176 2878 quoque
1199 2829 1270 2864 auno
1287 2813 1315 2863 in

179 2874 722 2946 τοινον·ΑαιιεδαιμονίωνδδιιαλΑδη-
772 2879 902 2930 honorem
920 2881 1006 2942 Iovis,
1027 2879 1072 2944 qui
1090 2881 1234 2930 victoriam
1254 2880 1316 2931 Pla·

180 2945 271 2996 ναίων
287 2948 347 3004 τοῖς
364 2946 499 2998 πεσοῦσιν
516 2942 579 3013 ἰδία
601 2943 631 2997 τέ
649 2943 722 2999 εἰσιν
761 2953 913 2998 trecensem
925 2947 1039 2998 Graecis
1052 2947 1175 3007 dederat,
1190 2965 1261 3013 agon
1275 2965 1315 2999 ar·

180 3007 210 3062 oi
225 3006 313 3078 τεὶφοι
327 3010 376 3064 καλ
394 3006 505 3080 ἐλεγεῖά
523 3007 580 3066 ἔστι
598 3015 722 3081 Σιμωνί-
773 3019 914 3076 mutorum,
928 3016 972 3066 cui
984 3031 1082 3066 nomen
1096 3016 1315 3073 eratLiberalia,

181 3079 235 3132 δυυ
258 3076 441 3145 γεγραμμένα
466 3073 512 3132 ἐπ’
536 3073 644 3140 αὐτοῖς.
679 3083 721 3133 Ad
773 3083 976 3133 celebrabatur.
1010 3084 1065 3132 Ara
1090 3083 1129 3132 ibi
1156 3089 1238 3148 atque
1259 3089 1314 3133 sta-

180 3163 250 3214 quaa
268 3147 433 3199 illustranda
444 3150 497 3200 boc
511 3155 607 3200 narrat
619 3151 720 3201 Clerka
772 3157 821 3199 tua
833 3151 907 3200 Iovis
924 3150 1084 3210 exstabant,
1102 3167 1234 3200 marmore
1252 3151 1315 3200 albo

179 3215 197 3267 l.
212 3216 229 3266 l.
243 3232 308 3282 pag.
319 3215 362 3278 80,
381 3231 414 3266 eo
427 3217 534 3280 quidem
549 3216 623 3276 loco,
642 3233 721 3282 quem
773 3223 930 3267 exstructae
945 3220 1074 3278 (Pausun.
1088 3219 1135 3278 IX,
1148 3219 1172 3278 2,
1186 3219 1244 3276 4).“
1268 3217 1315 3266 Ni-

180 3299 290 3348 pugnae
308 3283 396 3332 locum
415 3281 563 3348 indigenae
577 3284 666 3334 adhuc
679 3285 720 3334 in·
771 3285 810 3334 hil
823 3286 877 3334 nisi
895 3284 1014 3349 lapidum
1033 3285 1201 3348 quorundam
1218 3285 1315 3349 ingen-

180 3350 276 3400 dicunt
294 3351 360 3410 (vid.
373 3355 441 3399 nott.
456 3349 490 3398 ad
509 3351 554 3406 lx,
568 3350 624 3412 51),
645 3351 721 3400 nulla
772 3353 838 3400 tium
859 3351 956 3402 molem
975 3367 1009 3400 ae
1032 3351 1217 3416 sarcophagos
1235 3365 1313 3414 quos-

179 3433 246 3468 sane
259 3417 386 3483 sepulcra
398 3432 428 3467 se
442 3417 589 3475 invenisse,
604 3417 660 3476 sed,
673 3419 721 3466 ubi
772 3418 835 3466 dam
856 3419 971 3468 rudioris
993 3419 1084 3482 operis
1109 3418 1196 3466 adhuc
1221 3418 1248 3465 iu
1272 3416 1315 3466 iris

180 3485 244 3534 oiim
262 3485 324 3550 ipsa
337 3485 543 3535 Plataeensium
560 3485 624 3534 urbs
637 3484 723 3533 fuerit
772 3490 894 3533 veterum
913 3485 1088 3534 Plataearum
1110 3483 1178 3534 locis
1201 3484 1316 3547 reperiri

180 3553 242 3614 sita,
253 3557 426 3602 extramuros
437 3551 508 3601 arcis
516 3553 721 3616 antiquissimos
772 3551 1039 3614 testaturGoettliug
1052 3550 1247 3612 (Geaammelte
1260 3549 1314 3600 Ab·

181 3617 328 3684 aliquotae
340 3619 443 3670 vidisse
457 3619 570 3682 antique
583 3617 721 3683 sepulcra,
773 3615 892 3680 handll.)
905 3634 966 3682 pag.
984 3615 1038 3667 136.
1063 3611 1197 3680 Κλεάδην
1215 3617 1314 3682 reliqui

180 3691 208 3736 et
229 3691 327 3750 postea
348 3703 364 3736 a
386 3688 449 3736 vico
472 3685 582 3736 Kokhla
601 3687 722 3736 Leuctra
773 3700 833 3734 cnm
847 3685 995 3734 editoribus
1006 3693 1101 3736 contra
1111 3684 1239 3749 Medicei,
1251 3683 1314 3736 Flo·

178 3767 274 3803 versus
286 3755 439 3819 proiectum
458 3769 487 3804 aa
505 3755 533 3803 in
546 3753 662 3818 planitie
680 3759 721 3802 tu·
772 3753 887 3813 reatini,
905 3753 1022 3802 aliorum
1041 3751 1247 3816 auctoritatem,
1268 3753 1314 3818 qui

180 3821 267 3871 mulos
291 3821 421 3886 quosdam
444 3821 567 3888 lapidum
591 3823 721 3886 congerie
772 3821 890 3878 (iderunt
916 3812 1057 3886 ’Κλεάδην
1098 3821 1176 3885 Apud
1205 3821 1314 3872 Plutar-

180 3888 305 3938 obtectos
323 3889 559 3940 animadvertisse.
591 3888 720 3953 Suspice·
773 3887 852 3938 chum
868 3889 911 3939 De
924 3887 1060 3954 malignit.
1075 3888 1177 3939 Herod.
1192 3889 1314 3954 pagata

180 3955 328 4006 turLeako
340 3955 466 4019 (¹l'ravels
480 3957 507 4005 in
515 3956 607 4006 North.
615 3957 721 4010 Greece
772 3961 862 4006 exstat
871 3947 1002 4014 Κλεάδας
1015 3947 1029 4006 δ
1044 3948 1213 4014 Πλαταιεύς.

180 4023 217 4072 11.
235 4039 262 4088 p.
275 4021 326 4073 366
340 4023 409 4088 seq.)
430 4023 498 4074 haec
520 4023 647 4089 sepulcre
667 4025 721 4074 sita

181 4089 266 4139 iui'see
284 4095 348 4140 ante
367 4091 496 4156 ternplum
513 4091 589 4142 Iovis
606 4091 721 4142 Libera·
929 4123 986 4174 CM,
1014 4125 1153 4176 LXXXVI

180 4155 246 4205 toris
264 4157 345 4220 (quod
364 4158 451 4223 ipsum
469 4159 497 4207 in
515 4159 648 4210 victoriae
665 4173 721 4208 me·
989 4161 995 4173 ‘
1156 4163 1161 4178 '

181 4223 293 4272 moriam
316 4229 436 4274 eructum
457 4226 509 4275 init
530 4230 594 4276 ante
615 4231 721 4292 portam
806 4217 1020 4288 στρατεύεσθαι]
1032 4227 1063 4276 lu
1074 4226 1136 4277 aliis
1146 4227 1222 4277 codd.
1234 4241 1313 4292 στοα-

180 4289 374 4342 Plataeensem
403 4291 567 4344 Eleutheros
599 4293 719 4357 versus),
771 4289 874 4345 τεύειν.
896 4293 1032 4356 Conf.V1‚
1046 4294 1070 4343 7.
1095 4295 1249 4344 Proximum
1263 4287 1314 4348 αὐ-

180 4371 233 4422 qno
253 4357 315 4408 loeo
336 4359 473 4411 ecclesiae
494 4361 601 4412 dirutae
622 4361 722 4411 rudera
772 4361 827 4412 τοῖν
844 4359 916 4427 (sive
929 4367 960 4412 ut
973 4361 1036 4412 oliui
1049 4361 1179 4414 exstabat
1191 4353 1313 4427 αὐτέων)
