2980 4978
320 447 377 506 DE
395 445 501 506 VITA
520 446 578 506 ET
599 443 791 505 SORIP'PIS
813 442 1045 504 HERODOTI.
1189 445 1251 507 479

124 627 194 669 tores
214 621 297 685 etque
317 632 428 683 osores,
453 614 495 668 vel
516 631 549 668 ea
566 615 702 681 indicant,
727 631 796 684 quae
817 614 851 666 de
872 615 972 682 aerio,
995 631 1085 668 rerum
1105 613 1249 682 scriptore,

123 700 167 770 qui
182 700 264 770 paulo
279 706 343 770 post
354 699 489 752 Herodoti
504 687 619 752 aetatem
629 699 739 765 floruit,
755 698 945 768 Xenophontis
960 705 987 752 et
1000 697 1159 752 Artaxerxis
1173 698 1251 751 Mne-

123 784 205 836 monis
224 783 401 854 aequalis*),
422 785 586 853 accepimus.
625 783 694 836 Nam
711 783 756 836 ille
777 784 806 835 in
827 784 941 836 historia
962 801 1013 836 sua
1028 800 1081 836 nou
1096 791 1201 835 tautum
1217 783 1250 834 ab

123 868 259 921 Herodoto
281 868 372 922 :unitis
389 869 457 921 locis
476 869 659 937 dissensisse,
683 885 775 921 rerum
796 869 875 920 etiarn
893 867 1025 921 mendacii
1045 885 1105 921 eum
1124 868 1252 934 arguisse

124 953 294 1023 perhibetur:
320 947 418 1020 σχεδόν
432 947 462 1007 ἐν
482 945 586 1006 ἅπασιν
601 946 776 1022 ἀντικείμενα
790 946 929 1025 Ἡροδότῳ
949 949 1090 1021 ἱστοριῶν,
1112 945 1180 1007 citici
1203 949 1250 1004 sai

123 1032 244 1106 ψενοτὴν
262 1031 347 1092 αὐτὸν
363 1030 512 1091 ἀποκαλῶν
532 1031 562 1092 ἐν
580 1040 690 1100 πολλοῖς
704 1035 752 1091 sci
765 1032 927 1108 toparchia,
953 1047 984 1090 ut
998 1037 1037 1090 ait
1052 1037 1167 1090 Photius
1179 1035 1250 1088 Bibi.

125 1123 190 1176 Cod.
203 1121 342 1190 inr.**)
374 1121 456 1186 Quod
470 1123 603 1194 quomodo
619 1122 803 1192 accipiendum
819 1123 871 1190 sit,
894 1123 1020 1193 piuribus
1038 1121 1119 1175 docui
1137 1122 1166 1173 in
1184 1121 1251 1172 Pro-

124 1207 194 1276 iegg.
209 1207 243 1258 ad
256 1207 378 1276 fragmm.
395 1207 526 1260 Ctesiana
540 1226 567 1276 p.
582 1211 616 1260 42
631 1225 710 1277 seqq.
730 1216 757 1259 et
770 1207 798 1258 iu
813 1207 991 1261 annotatione
1005 1207 1040 1259 ad
1056 1206 1180 1275 singulos
1196 1206 1238 1257 He

124 1291 210 1344 rodoti
226 1290 316 1358 locos,
336 1292 384 1360 qui
402 1291 445 1343 hic
455 1292 483 1344 in
501 1309 612 1344 censum
625 1292 754 1358 veniunt,
769 1291 891 1346 indicare
907 1293 1017 1360 studui,
1033 1291 1062 1344 iu
1077 1309 1133 1361 quo
1147 1291 1182 1342 ab
1196 1290 1251 1342 He-

124 1375 218 1428 rodoto
232 1375 278 1428 iiie
293 1376 455 1444 dissentiat,
471 1377 499 1428 in
515 1393 570 1447 quo
585 1377 752 1430 consentiat:
772 1379 844 1429 coni.
861 1377 938 1430 modo
953 1385 1021 1432 nott.
1038 1376 1071 1428 ad
1087 1377 1139 1444 ΙΙΙ,
1156 1380 1186 1444 l,
1204 1375 1251 1427 nbi

124 1459 241 1513 Ctesiam
256 1478 315 1513 cum
332 1461 473 1514 Herodoto
488 1461 703 1514 consentientem
720 1458 955 1531 reperimusi'sed
970 1461 1176 1514 dissentientem
1192 1459 1252 1529 piu-

124 1544 198 1597 rihus
213 1544 296 1611 locis,
317 1552 347 1597 ut
359 1545 382 1610 Ι,
397 1548 440 1598 83.
456 1549 499 1600 05.
515 1546 566 1614 ΙΙΙ,
583 1551 608 1598 2.
627 1549 667 1600 15.
685 1549 855 1603 subuleo.
875 1549 931 1600 153.
950 1547 997 1614 Vi,
1014 1549 1072 1600 117.
1089 1545 1150 1610 Vll,
1167 1550 1199 1610 4,
1219 1545 1251 1596 ad

124 1646 192 1700 quos
213 1629 287 1682 iocos
303 1629 360 1685 vid.
374 1630 527 1684 annotatio:
553 1631 615 1682 add.
633 1629 692 1682 Vol.
711 1631 733 1682 Ι.
754 1647 815 1698 pag.
830 1634 892 1684 844.
932 1631 1011 1684 Unde
1033 1630 1101 1682 satis
1124 1629 1252 1697 iutelligi-

123 1720 182 1780 tur,
215 1731 305 1784 neque
330 1715 519 1768 auctoritatem
539 1715 674 1768 Herodoti
697 1714 869 1783 labefactari,
896 1731 986 1785 neque
1008 1715 1086 1768 fidem
1107 1714 1252 1778 Herodoti,

124 1815 201 1868 quam
223 1816 353 1852 summam.
368 1817 431 1854 essa
451 1817 536 1871 supra
559 1807 584 1864 s.
603 1803 635 1853 10
656 1800 841 1868 ostendimus,
863 1800 979 1868 infringi
1000 1801 1050 1867 iis,
1072 1815 1143 1869 quae
1158 1805 1254 1852 contra

122 1883 290 1938 Herodotum
313 1884 440 1938 aCtesia
460 1885 502 1936 hic
517 1885 573 1938 iilic
588 1886 783 1954 proferuntur,
807 1901 885 1954 quem
906 1884 958 1938 aiio
982 1891 1057 1938 certe
1074 1884 1187 1936 consilio
1208 1901 1253 1936 res

123 1964 266 2022 Persarum
291 1976 318 2022 et
339 1970 505 2022 Graecorum
527 1969 674 2040 scripsisse
697 1987 831 2040 quemque
859 1969 920 2022 aliis
943 1987 958 2022 e
980 1969 1104 2022 fontibus
1127 1967 1254 2022 hausisse

124 2053 247 2106 norimus
258 2062 395 2108 auctorem
410 2054 550 2106 Herodoto
563 2061 637 2106 certe
652 2054 869 2124 postponendum
881 2073 932 2108 neo
945 2061 1033 2108 tamen
1047 2071 1163 2124 prorsus
1175 2071 1253 2122 sper-

123 2137 239 2190 nendum
256 2156 315 2192 cum
332 2139 360 2190 in
376 2138 516 2190 nonnullis
531 2138 575 2191 vei
594 2139 698 2190 rectius
712 2139 851 2192 Herodoto
872 2139 1021 2194 tradidisse
1045 2138 1185 2209 potandus
1207 2137 1252 2191 sit.

122 2223 181 2276 Nec
193 2240 258 2276 vero
270 2229 383 2293 propter
393 2223 546 2290 argumenti
558 2221 759 2276 similitudinem
771 2223 906 2290 miramur,
923 2242 939 2277 a
951 2224 1114 2294 quibusdam
1127 2227 1254 2292 posterae

123 2307 220 2360 aetatis
236 2307 418 2378 scriptoribus
435 2315 464 2360 et
478 2307 647 2360 Herodotum
663 2314 691 2360 et
704 2305 825 2360 Ctesiam
840 2309 992 2376 parimodo
1008 2310 1042 2362 iis
1055 2307 1189 2371 adscribi,
1207 2305 1254 2374 quai

123 2391 230 2444 subulas
250 2391 425 2444 narraverint
440 2409 527 2462 neque
548 2392 656 2444 omuino
676 2409 743 2444 vera
757 2392 944 2460 prodiderint:
971 2393 1028 2446 vid.
1044 2393 1122 2444 modo
1138 2390 1254 2443 Lucian.

126 2475 187 2530 Ver.
203 2475 276 2530 Hist.
293 2477 335 2544 H,
351 2478 393 2530 31.
416 2477 507 2532 Strab.
523 2476 569 2532 ΙΙΙ.
586 2494 613 2546 p.
629 2477 681 2529 508
698 2475 759 2529 οοΙΙ.
775 2476 836 2529 XlI.
849 2493 878 2545 p.
896 2479 957 2530 550.
978 2476 1080 2528 XVIH.
1097 2494 1123 2545 p,
1138 2477 1190 2528 018
1205 2475 1254 2526 fin.

124 2560 192 2612 lude
214 2559 256 2612 vei
277 2560 350 2630 apud
366 2560 525 2614 Ciceronem
547 2562 588 2614 De
608 2559 680 2628 legg.
703 2561 733 2629 1,
758 2564 770 2614 l
791 2562 855 2614 baec
872 2567 997 2614 exstant:
1026 2577 1207 2632 „quamquam
1228 2566 1256 2610 et

124 2645 196 2714 apud
210 2646 372 2700 Herodotum
393 2651 496 2716 patrem
517 2645 646 2698 historiae
663 2651 691 2698 et
711 2644 784 2714 apud
799 2645 1003 2716 Theopompum
1020 2653 1086 2698 sunt
1100 2646 1254 2698 innumero-

124 2729 192 2782 biles
208 2729 347 2783 subulae.“
387 2735 427 2782 Ac
442 2738 513 2784 teste
527 2731 652 2798 Diogene
666 2729 759 2782 Laert.
775 2729 803 2782 in
819 2730 942 2784 Prooem.
959 2735 985 2797 s.
1000 2735 1017 2786 9
1032 2723 1255 2798 καταγινώσκου-

122 2831 166 2868 σιν
176 2808 329 2884 Ἡροδότου
344 2811 373 2868 oi
384 2809 418 2869 :oi
433 2814 495 2884 :rapi
510 2811 621 2884 Μόνον
637 2809 835 2884 reciperatores.
850 2835 874 2870 τ.
890 2819 915 2870 i..
959 2816 1049 2887 Atque
1066 2816 1255 2886 Harpocratio-

122 2901 163 2954 ur‘s
178 2899 263 2968 Aelii,
289 2900 445 2969 sophistae,
475 2902 608 2972 quoddam
627 2907 791 2953 memoratur
814 2901 946 2970 scriptum
965 2899 1029 2971 :rapi
1050 2902 1100 2955 rori
1120 2900 1256 2966 κατεψεῦ-

122 2987 191 3038 σθαι
208 2979 259 3054 τὴν
271 2978 421 3052 Ἡροδότου
434 2981 555 3054 ἴστορίαν
567 2984 642 3052 m),
666 2985 784 3054 itemque
796 2986 966 3041 Manethonis
980 2986 1109 3056 Aegyptii
1125 2985 1193 3038 iiber
1208 2985 1254 3036 ad-

123 3087 223 3122 versus
245 3069 414 3124 Herodotum
435 3073 574 3140 profertur
596 3070 668 3138 apud
686 3069 839 3140 Etymolog.
857 3071 952 3140 Magn.
975 3090 998 3124 s.
1022 3087 1046 3124 ν.
1066 3065 1257 3138 Λεοντοκόμος

124 3173 151 3224 p.
167 3157 228 3220 510,
243 3157 276 3209 23
292 3155 367 3221 (ubis
391 3149 426 3208 ἐν
442 3157 485 3228 τῷ
504 3149 573 3224 πρὸς
587 3149 752 3222 Ἡρόδοτον)
770 3162 797 3207 et
812 3155 940 3208 Eustoth.
956 3156 990 3209 ad
1003 3156 1113 3208 Homeri
1131 3155 1208 3207 iliad.
1224 3148 1256 3220 λ’,

122 3242 185 3294 430.
199 3256 226 3307 p.
239 3241 288 3292 857
302 3239 345 3290 ed.
356 3238 434 3291 Rom.
450 3241 510 3310 (ubi
526 3235 560 3294 ἐν
574 3245 646 3300 τοῖς
659 3233 917 3308 πρόςἩρόδοτον)ι
937 3240 992 3293 nisi
1003 3240 1046 3292 hic
1057 3240 1164 3310 potius,
1181 3238 1255 3308 quod

124 3323 238 3376 credere
254 3321 355 3390 malim,
377 3323 412 3374 de
426 3331 504 3392 parte
521 3324 635 3394 quadam
650 3323 742 3393 operis
762 3323 799 3388 de,
810 3323 936 3394 Aegypto
958 3325 1073 3394 eiusque
1090 3324 1173 3377 rebus
1190 3340 1252 3374 con·

124 3406 222 3476 scripti
242 3407 414 3476 cogitandum
434 3415 491 3476 est,
513 3409 540 3460 iu
557 3425 610 3476 qua
627 3407 767 3461 Herodoto
791 3407 825 3460 de
847 3409 931 3461 rebus
943 3408 1121 3478 Aegyptiacis
1136 3406 1256 3460 tradenti

125 3491 270 3546 oblocutus
282 3491 492 3558 erathianetho,
508 3493 555 3563 qui
570 3500 642 3546 teste
652 3491 769 3560 Iosepho
785 3498 880 3544 contra
890 3493 988 3562 Apion.
1004 3494 1024 3556 Ι,
1037 3496 1063 3547 3.
1077 3495 1102 3554 5.
1117 3496 1147 3546 14
1162 3492 1190 3543 in
1203 3490 1255 3542 Ae-

124 3577 204 3646 gypti
218 3577 331 3630 historia
346 3571 433 3632 πολλοὶ
450 3571 501 3632 τόν
518 3571 667 3646 Ἡρόδοτον
685 3571 783 3645 ἐλέγχει
797 3577 854 3630 τόν
867 3573 1062 3646 Αἰγυπτιακῶν
1076 3569 1126 3630 ὑπ’
1142 3568 1257 3644 ἀγνοίας

122 3657 308 3732 moventem
333 3663 406 3715 coni.
419 3663 498 3716 etiam
513 3661 546 3714 R.
559 3663 582 3714 I.
597 3661 683 3715 Hruin
699 3661 741 3714 De
752 3661 910 3714 Manethon.
925 3662 1075 3729 Sebennyt.
1090 3679 1117 3730 p.
1130 3658 1255 3714 LXXVII

123 3767 185 3818 seq.
202 3754 230 3800 et
244 3767 270 3818 p.
289 3750 338 3804 143
352 3765 411 3817 seq.
447 3745 589 3800 Bunsenio
610 3747 754 3799 videbatur
770 3747 885 3814 cogitari
906 3765 988 3817 posse
1008 3745 1042 3798 de
1058 3745 1193 3815 excerptis
1207 3763 1256 3812 po-

123 3840 200 3887 stera
220 3841 310 3887 aetate
331 3850 365 3886 err
386 3832 561 3885 Manethonis
582 3849 665 3902 opere
687 3831 821 3884 coniectis
840 3837 869 3884 et
889 3832 918 3884 in
938 3848 1021 3884 unum
1043 3819 1112 3900 opus
1136 3829 1256 3883 collectis

123 3917 194 3988 (vid.
211 3917 330 3988 Aegypt.
342 3917 420 3970 Steli.
437 3917 463 3970 in
481 3917 507 3970 d.
525 3916 692 3984 Weitgesch.
708 3916 730 3968 Ι.
747 3935 773 3984 p.
795 3919 844 3970 100
858 3917 918 3968 sire
934 3915 955 3968 Ι.
972 3934 998 3986 p.
1015 3918 1047 3969 67
1062 3915 1107 3968 ed.
1123 3913 1254 3983 Angiic).

126 4004 241 4056 Potionis
260 4002 401 4055 cuiusdam
426 4001 521 4055 librum
541 3999 622 4070 :rapi
642 4001 702 4071 τῆς
726 3995 916 4068 Ἡροδότου
936 4001 1068 4070 κλοπῆς
1088 4007 1171 4070 atque
1193 3997 1255 4064 :sepi

122 4087 173 4156 τῆς
185 4089 305 4157 Κτησίου
320 4089 425 4158 κλοπῆς
444 4095 573 4142 memorat
587 4087 690 4140 Euseb.
712 4087 741 4138 in
756 4085 886 4156 Praepar.
903 4085 1010 4154 thng.
1027 4085 1058 4138 X.
1079 4103 1142 4155 pag.
1158 4087 1209 4138 407
1222 4084 1255 4136 D.

193 4315 223 4416 ἓ
239 4319 301 4400 Vid.
313 4319 439 4401 Proiegg.
455 4321 489 4410 nd
503 4320 575 4372 Otos.
589 4319 725 4386 Fragmm.
738 4335 801 4386 pag.
818 4318 848 4370 13
861 4333 935 4384 seqq.

194 4385 740 4520 *ΙΙΙνΙΙΙΙΙ,ὓόῗιΙΙΙΜο,ΕόςόόόόόκῖοόόεὲῑξΙ
749 4387 843 4520 Ι[Ι53730
855 4469 912 4520 seq.
932 4453 1035 4505 Hodoc.
1049 4470 1073 4520 p.
1087 4450 1128 4504 00.
