2984 4962
335 483 392 542 Du
414 481 519 542 VITA
540 483 598 542 ET
617 481 810 542 SCRIPTIS
834 481 1068 542 HERODOTI.
1207 486 1269 548 419

133 653 196 719 rim,
214 651 260 722 qni
282 651 353 722 (rid.
371 653 465 721 lleyse
480 653 497 706 1.
518 653 535 704 Ι.
552 672 579 722 p.
595 655 630 707 08
646 658 674 705 et
694 653 791 721 laeger
814 672 841 722 p.
857 656 903 720 27)
919 653 1090 708 Herodotum
1107 654 1200 724 primis
1222 673 1268 708 co·

132 737 214 804 lonis,
243 737 291 807 qui
307 737 429 790 Thurios
454 743 592 791 ennodii
607 755 632 790 a.
649 737 715 791 Chr.
739 755 766 790 n.
788 738 994 804 discesserunt,
1022 740 1160 792 accenseri
1186 757 1268 810 posse

132 829 266 890 negantes
280 821 386 892 aliquot
406 830 470 891 post
484 823 565 876 annis
581 823 609 875 in
626 821 757 875 coloniam
772 823 824 874 iam
838 822 971 876 conditam
992 823 1066 876 illum
1084 842 1114 876 ee
1131 825 1268 894 recepisse

131 913 254 975 ponunt:
281 913 312 958 nt
337 907 388 958 iam
407 924 459 959 non
485 907 732 978 quadragenarius,
755 907 803 959 sed
825 908 1081 979 quinquagenarius
1097 910 1180 962 ferme
1205 909 1269 962 illuc

130 991 233 1043 abiisse
259 991 400 1058 putandus
426 991 472 1044 sit.
504 991 575 1058 Sed,
600 992 653 1044 alia
668 997 699 1044 nt
723 998 839 1056 taceam,
866 991 970 1046 diserta
985 992 1067 1044 Plinii
1081 1001 1109 1046 et
1123 993 1268 1046 Strabonis

130 1075 286 1128 testimonis
316 1092 401 1146 supra
432 1076 511 1128 allata
538 1093 655 1146 prorsus
681 1077 871 1144 refragantur,
904 1078 974 1131 bene
998 1084 1125 1131 mouente
1157 1095 1268 1148 quoque

130 1160 267 1213 Voenrelio
284 1159 301 1212 1.
322 1159 339 1212 Ι.
352 1179 379 1230 p.
395 1165 420 1212 7.
437 1163 462 1213 8.
486 1161 583 1231 Itaque
597 1161 825 1230 acquiescendum
841 1169 884 1212 est
902 1162 929 1214 in
951 1179 992 1230 ea,
1014 1179 1094 1232 quam
1117 1162 1267 1234 posuimus,

128 1245 276 1314 sententia,
291 1243 469 1313 Herodotum,
486 1245 532 1315 qui
548 1263 619 1298 anno
633 1250 684 1298 444
706 1264 731 1298 a.
748 1246 814 1298 Chr.
837 1263 863 1298 n.
881 1245 1003 1299 Thurios
1025 1247 1120 1317 utique
1144 1254 1268 1302 cesserat

128 1331 261 1396 colonus,
283 1337 381 1398 postea
401 1331 551 1400 etquidem
573 1329 645 1383 circa
667 1347 766 1382 annum
787 1333 835 1384 431
859 1331 956 1384 iterum
971 1331 998 1384 in
1016 1331 1158 1388 Graeciam
1174 1349 1267 1386 rerer-

127 1415 197 1466 tisse
216 1431 302 1483 eaque
324 1415 467 1468 occasione
488 1414 609 1468 Athenas
625 1415 742 1468 risisse:
767 1416 839 1486 quod
857 1416 927 1468 idern
942 1415 1054 1483 Lysiam
1072 1416 1172 1470 iecisse
1191 1433 1265 1468 acce-

128 1499 226 1568 pimus.
260 1499 380 1551 Athenas
395 1500 482 1568 igitur
504 1501 527 1552 si
544 1499 640 1552 inrisit
655 1499 760 1552 Noster
774 1500 846 1554 circa
862 1517 962 1554 anuum
978 1503 1039 1568 431,
1054 1501 1116 1554 belli
1131 1501 1266 1570 Pelopon-

128 1583 232 1635 nesiaci
245 1583 331 1650 initia,
348 1601 418 1654 quae
433 1593 619 1638 commemorat
634 1584 681 1650 IX,
698 1587 731 1636 73
750 1585 809 1651 (ubi
831 1585 887 1638 rid.
905 1587 989 1650 uolt.)
1012 1585 1108 1638 ridere
1133 1585 1266 1638 eiusdem·
1315 1651 1320 1661 ¹

126 1685 183 1738 que
209 1667 272 1720 belli
299 1668 367 1720 mala
392 1675 421 1722 et
435 1669 601 1722 calamitates
617 1685 784 1736 cognoscere
800 1669 905 1738 potuit,
931 1687 1001 1740 ques
1027 1670 1268 1724 itaeommemorat

126 1751 176 1816 Vl,
195 1756 238 1819 08,
265 1759 295 1805 ut
309 1755 465 1806 accuratius
491 1754 618 1822 cognitae
643 1753 774 1806 habuisse
800 1753 861 1806 illae
877 1755 1030 1824 suspiceris
1057 1755 1223 1825 longiusque
1238 1755 1265 1807 in

123 1837 189 1905 ipse
204 1838 320 1890 Graecia
337 1848 475 1892 versatum
496 1857 558 1892 esse
574 1839 706 1892 Nostrum
733 1837 897 1891 concludas:
923 1839 1018 1908 itaque
1045 1839 1124 1892 etiam
1151 1841 1178 1892 in
1201 1841 1267 1892 haec

123 1929 249 1992 tempora
270 1923 360 1992 apen's
377 1923 545 1989 Herodotei,
569 1923 641 1993 quod
657 1931 714 1976 tum
729 1929 804 1975 certe
821 1925 908 1990 magis
923 1924 1090 1978 eleboratum
1106 1943 1168 1978 esse
1185 1924 1267 1978 adeo-

122 2023 180 2076 que
208 2007 363 2060 absolutum
391 2009 449 2062 lere
472 2009 582 2076 debuit,
607 2008 793 2060 recitationem
817 2008 931 2062 Athenis
960 2011 1057 2062 lectam
1082 2028 1098 2062 a
1126 2009 1266 2062 nonnullis

121 2091 195 2144 viris
211 2092 299 2144 doctis
319 2091 437 2160 relegari
454 2111 539 2164 snpra
556 2093 688 2146 vidimus:
713 2093 758 2146 cui
778 2092 899 2162 opinioni
916 2111 985 2163 quae
1003 2095 1128 2160 obstant,
1151 2094 1188 2146 ibi
1214 2093 1265 2146 iam

120 2176 349 2244 significavimus.

661 2339 728 2444 §.a

211 2531 289 2594 Quae
310 2535 453 2600 praeterea
467 2531 608 2583 Herodoto
628 2531 778 2584 acciderint
799 2537 826 2584 et
846 2531 935 2602 qualis
955 2531 1039 2584 luerit
1061 2531 1132 2584 ritae
1154 2548 1263 2600 careus,

117 2635 155 2669 ex
181 2632 236 2685 qno
250 2615 372 2669 Thurias
395 2621 531 2682 cesserat,
553 2616 633 2686 plane
654 2616 821 2684 ignoramus,
844 2633 903 2669 cunr
921 2616 987 2669 nihil
1005 2616 1152 2688 quidquam
1172 2617 1206 2670 de
1221 2617 1263 2670 bis

116 2701 189 2754 alibi
214 2701 341 2753 traditum
361 2707 451 2754 exstet
475 2709 503 2752 et
527 2717 613 2770 panca
627 2708 733 2754 tantum
758 2701 895 2771 exipsius
915 2701 1049 2754 Herodoti
1071 2702 1183 2771 scriptis
1198 2719 1262 2754 con·

114 2786 228 2840 iecturl
248 2785 341 2856 potius
358 2785 470 2857 assequi
492 2785 580 2838 liceat.
615 2786 672 2850 Qui
694 2803 752 2839 curn
774 2787 917 2838 occasione
939 2785 1029 2839 oblata
1055 2787 1187 2840 nonnulla
1206 2795 1262 2840 tra—

113 2873 176 2936 dat,
204 2888 274 2940 quae
298 2871 331 2923 ed
359 2871 464 2924 seriora
489 2872 792 2943 pertineanttempora,
817 2871 882 2924 inde
904 2870 1098 2941 consequitur,
1123 2891 1155 2924 eo
1174 2889 1262 2942 usqne

110 2957 196 3010 illum
212 2956 369 3010 extendisse
386 2957 476 3010 vitam.
509 2956 656 3010 Pertineut
677 2958 752 3023 haec,
775 2973 845 3027 quae
861 2973 946 3027 supra
961 2957 1011 3009 iam
1032 2955 1172 3024 attigimus
1186 2963 1212 3024 ς.
1235 2961 1261 3022 4,

111 3044 150 3096 ad
174 3058 223 3094 res
245 3045 423 3096 aanoldis.
445 3043 497 3096 430
511 3057 600 3112 usque
618 3044 652 3094 ad
673 3059 771 3096 annum
794 3045 845 3096 425
860 3049 925 3094 aute
945 3041 1010 3094 cur.
1028 3059 1055 3094 ιι.
1076 3042 1135 3094 fere
1151 3047 1261 3109 gestau

111 3143 214 3197 neque
241 3125 310 3176 euim
332 3126 364 3176 ad
384 3141 484 3178 annum
507 3129 558 3178 408
582 3141 671 3196 usque
689 3127 821 3180 Nostrum
843 3127 925 3179 vitam
942 3126 1100 3180 extendisse
1115 3125 1260 3192 credimus,

110 3221 146 3266 ut
179 3208 244 3261 olim
261 3227 276 3260 e
292 3209 358 3260 locis
375 3210 397 3274 l,
415 3212 465 3262 130
481 3217 509 3261 et
525 3209 575 3276 111,
600 3213 630 3263 15
651 3211 721 3264 salso
748 3211 894 3264 intellectis
921 3212 1038 3282 probare
1065 3211 1154 3263 conati
1181 3217 1262 3262 erant

109 3295 170 3350 riri
189 3293 281 3358 docti,
297 3309 386 3362 neque
404 3293 477 3344 aliud
495 3293 566 3344 ritae
582 3293 692 3363 longius
709 3295 857 3364 productae
870 3296 1014 3363 vestigium
1027 3295 1054 3347 in
1070 3313 1152 3364 opere
1163 3311 1259 3364 super·

108 3381 183 3434 stite
210 3377 352 3442 invenias,
376 3377 430 3430 nisi
445 3377 497 3429 huc
517 3379 620 3430 referre
642 3379 711 3432 velis
727 3379 812 3431 locum
828 3379 889 3446 VII,
912 3381 969 3446 170,
989 3379 1035 3431 ubi
1053 3378 1158 3444 clades,
1181 3395 1260 3448 quara

106 3461 268 3520 Tarentini
282 3461 358 3530 passi
371 3467 446 3529 sunt,
463 3461 577 3514 omnium
595 3464 707 3516 maxima
721 3463 795 3516 inter
812 3465 935 3516 Graecos
951 3463 1039 3515 luisse
1056 3463 1172 3515 dicitnrr
1189 3453 1259 3515 edoce

105 3545 208 3624 φόνος
224 3541 383 3616 Ἐλληνικὸς
402 3543 567 3616 μέγιστος
588 3536 693 3610 οὗτος
720 3542 761 3616 δὴ
783 3542 921 3616 ἐγένετο
943 3549 1010 3600 τῶν
1032 3539 1134 3616 ἡμεῖς
1158 3546 1259 3614 ἴδμεν

104 3659 135 3694 κ.
157 3655 185 3693 τ.
204 3637 246 3687 l..=
258 3649 328 3702 quae
345 3633 427 3685 verba
442 3631 611 3685 Herodotum
627 3633 672 3686 rix
688 3633 808 3685 scribere
823 3632 948 3701 potuisse
965 3631 1096 3697 existimo,
1117 3630 1140 3682 si
1157 3648 1258 3700 cogno·

103 3725 206 3778 visset
224 3716 324 3771 cladem
340 3717 486 3786 maximam,
503 3733 582 3787 quam
597 3718 624 3770 in
640 3717 733 3770 Sicilia
747 3715 929 3770 Athenienses
948 3733 1019 3769 anuo
1036 3717 1086 3770 413
1105 3731 1130 3767 a.
1146 3713 1212 3768 Chr.
1230 3733 1256 3768 u.

102 3803 248 3884 perpessi
264 3809 339 3870 suut,
358 3802 517 3873 praesertim
533 3819 591 3854 cum
605 3802 811 3856 Atheniensium
830 3803 913 3854 rebus
929 3807 1030 3854 tantam
1046 3815 1136 3852 curam
1153 3799 1258 3852 Noster

101 3887 296 3965 impenderit,
319 3895 350 3939 ut
373 3889 456 3942 verbo
482 3891 556 3940 certe
579 3887 661 3941 huius
684 3886 792 3940 Siculae
808 3886 893 3939 cladis
909 3886 1071 3939 mentionem
1086 3883 1213 3954 iecisset,
1232 3884 1256 3936 si

101 3997 168 4046 earn
186 3973 329 4044 cognitam
349 3972 498 4026 ullomodo
517 3971 660 4026 habuisset
668 3969 706 4041 *).
742 3972 837 4036 Quare
852 3972 902 4024 hoc
916 3971 978 4042 ipso
1000 3987 1072 4024 anno
1087 3969 1255 4022 Herodotum

101 4069 132 4120 in
147 4045 238 4115 'viris
254 4075 308 4110 nou
329 4057 444 4130 aruplius
459 4057 548 4111 luisse
566 4058 702 4110 arbitror:
725 4057 818 4128 itaque
834 4062 898 4110 ante
914 4072 1012 4109 annum
1027 4057 1078 4110 413
1097 4071 1122 4106 a.
1141 4053 1206 4106 Chr.
1227 4071 1254 4107 u.

100 4190 319 4213 ..fl-...-

177 4277 206 4343 2)
229 4275 323 4336 Quare
342 4275 424 4325 etiam
450 4274 583 4325 accedere
607 4289 660 4324 non
678 4287 786 4340 possum
808 4272 981 4324 Dahlaranuo
1003 4269 1140 4337 (Herodot
1166 4285 1192 4336 p.
1216 4267 1250 4320 38

100 4349 184 4419 seq.)
213 4351 245 4395 et
264 4341 443 4393 Grotelandio
461 4341 640 4407 (Geechichte
660 4357 684 4391 ιι.
704 4341 859 4407 Geograph.
878 4356 931 4391 von
948 4339 1093 4420 Altitalieu
1111 4339 1132 4389 1.
1152 4353 1177 4402 p.
1197 4336 1251 4400 34),

99 4424 154 4492 qui
174 4410 352 4465 Herodotum
369 4410 439 4460 haec
457 4409 542 4460 rerba
560 4411 705 4474 scripsisse
729 4413 828 4474 putant
850 4413 916 4458 ante
934 4408 1006 4458 hanc
1024 4421 1112 4472 ipsam
1131 4405 1252 4454 cladem:

99 4501 191 4562 quam
214 4479 242 4532 si
262 4483 358 4542 postea
376 4477 560 4542 cognovisset,
580 4482 655 4527 certe
673 4477 709 4540 id,
730 4477 837 4542 opinor,
856 4476 1049 4595 indicasset*

980 4563 1021 4623 27
