3026 4970
216 435 278 496 304
649 427 915 488 HERODOTI

213 599 276 691 γάρ
296 597 598 690 δήπαρηγορέοντο
616 596 674 668 τόν
689 593 971 688 Ἀμομφάρετωό
993 625 1029 668 τε
1053 594 1231 690 Εὐρυάναξ
1256 601 1312 669 καί
1335 594 1353 669 ὁ

213 707 420 790 Παυσανίης,
438 698 483 790 μή
500 698 714 771 κινδυνεύειν
730 703 891 788 μένοντας
908 698 1054 789 μούνους
1065 707 1354 791 Λακεδαιμονίων,

212 801 255 873 ού
279 832 343 883 κως
368 809 519 872 ἔπειθον·
544 805 576 883 ές
593 797 612 871 δ
630 805 662 882 ές
680 799 792 871 νείκεά
809 829 845 870 τε
863 799 1087 890 συμπεσόντες
1105 797 1278 891 ἀπικέατο,
1297 804 1354 871 καί

211 899 229 974 ό
248 907 351 995 κήρνξ
369 907 436 974 τοῖν
451 899 640 990 Ἀθηναίων
658 900 839 992 παρίστατό
857 923 916 990 σφι
934 899 1122 992 ἀπιγμένος.
1158 905 1297 974 νεικέων
1316 903 1354 972 δὲ

212 1001 488 1095 δἈμομφάρετος
511 1002 670 1094 λαμβάνει
695 1005 819 1094 πέτρον
839 1000 1043 1094 ἀμφοτέρῃσι
1065 1007 1140 1094 τῇσι
1164 1007 1273 1094 χερσὶ,
1297 1007 1353 1074 καλ

211 1109 318 1187 τιθείς
341 1103 405 1197 πρὸ
428 1111 543 1176 ποδῶν
564 1109 632 1175 των
657 1113 872 1193 Παυσανίεω,
901 1102 1004 1195 ταύτῃ
1028 1108 1070 1195 τῇ
1092 1103 1194 1198 ψήφῳ
1218 1113 1354 1194 ψηφίζε-

212 1221 311 1297 σθαι,
331 1215 412 1297 ἔφη,
430 1204 475 1298 μή
492 1205 634 1296 φεύγειν
650 1203 728 1287 τούς
745 1210 890 1295 ξείνους,
909 1209 1037 1289 ξείνους
1055 1209 1162 1295 λέγων
1179 1203 1256 1286 τούς
1273 1213 1354 1296 βαρ-

211 1308 345 1401 βάρους.
377 1305 395 1378 ὁ
421 1309 475 1397 ot,
500 1306 702 1399 μαινόμενον
725 1309 781 1377 καὶ
804 1304 844 1376 ού
868 1305 1037 1398 φρενήρεα
1061 1311 1189 1378 καλέων
1211 1311 1354 1396 ἐκεῖνον,

212 1410 295 1501 πρός
314 1439 348 1481 τε
365 1406 424 1480 τόν
443 1406 633 1498 Ἀθηναίων
655 1407 786 1500 κήρυκα
809 1411 1037 1498 ἐπειρωτῶντα
1060 1405 1100 1478 τά
1124 1411 1355 1498 ἐντεταλμένα,

212 1515 322 1600 λέγειν
338 1507 356 1581 ὃ
375 1520 571 1599 Παυσανίης
590 1514 722 1580 έκέλευε
739 1507 779 1580 τά
796 1503 962 1600 παρεόντα
979 1530 1039 1598 σφι
1057 1507 1242 1600 πρήγματα,
1262 1507 1356 1600 ἐχρή-

189 1663 191 1668 -
213 1615 262 1696 ϊζέ
275 1641 312 1682 τε
328 1615 396 1681 τοῖν
410 1608 599 1700 Ἀθηναίων
617 1613 854 1702 προσχωρῆσαί
867 1639 903 1680 τε
920 1607 1002 1701 πρός
1022 1609 1182 1700 ἑωυτούς,
1210 1613 1266 1680 καί
1284 1637 1357 1680 ποι-

168 1724 207 1783 56
218 1716 284 1783 έειν
302 1715 452 1803 περὶτῆς
474 1710 603 1784 ἀπόδου
625 1711 666 1783 τά
690 1741 753 1804 περ
776 1707 819 1783 ἀν
837 1715 891 1782 καί
916 1729 1020 1801 σφεῖς.
1053 1715 1120 1782 Καὶ
1137 1707 1155 1782 ό
1172 1713 1235 1802 μὲν
1251 1707 1357 1781 ἀπαλ-

213 1813 351 1884 λάσσετο
371 1817 403 1895 ές
420 1811 498 1894 τούς
505 1811 712 1903 Ἀθηναίους.
732 1811 809 1895 τούς
828 1814 865 1883 δὲ
884 1815 955 1883 ἐπεὶ
973 1809 1254 1906 ἀνακρινομένους
1272 1810 1357 1904 πρός

247 2006 388 2078 μένοντας
409 2007 551 2078 μούνους]
578 2012 638 2063 Hoc
662 2013 759 2078 opinor
809 2009 883 2077 λινε]
897 2011 993 2061 Oratio
1003 2011 1127 2062 nonnihil
1137 2012 1255 2062 turbate.
1275 2011 1356 2073 Quod

213 2097 266 2130 non
285 2081 320 2130 sd
337 2095 419 2130 unum
436 2084 547 2146 spectet
564 2079 757 2145 Amomphare-
810 2080 883 2128 enim
900 2079 979 2128 initio
995 2079 1103 2144 periodi
1121 2084 1212 2130 exstat
1229 2071 1244 2129 ό
1259 2072 1305 2140 δέ,
1327 2079 1354 2128 id

213 2155 283 2210 tum,
309 2148 357 2197 sed
382 2148 417 2198 sd
437 2147 679 2212 Amomphsretum
704 2148 758 2196 una
811 2147 916 2211 aliquot
933 2147 1025 2197 verbis
1047 2147 1203 2196 interiectis
1220 2147 1357 2212 repetitur

214 2231 274 2266 oum
285 2215 398 2266 cohorte
408 2216 663 2266 sunPitsnotsrum.
677 2216 758 2264 Hunc
811 2216 889 2278 qussi
907 2215 966 2278 ipso
983 2215 1092 2264 nornine
1109 2215 1217 2280 prolato
1237 2205 1252 2264 ό
1275 2213 1354 2264 Παν-

213 2284 272 2333 scil.
287 2283 502 2341 adhortabantur,
521 2299 553 2332 ne
564 2283 620 2347 ipse
632 2299 685 2333 enm
696 2287 757 2342 ruis,
810 2279 925 2346 συνίης,
939 2296 991 2346 qno
1005 2281 1099 2332 eodem
1113 2297 1172 2331 oum
1183 2286 1291 2346 spectet
1302 2297 1355 2330 τια-

213 2354 256 2417 ηιιί
266 2353 315 2402 soii
326 2367 361 2402 eo:
372 2351 484 2401 omnibus
493 2353 577 2401 relicti
587 2351 759 2414 sesentSpor·
810 2343 894 2410 λέων,
922 2363 992 2412 quse
1010 2354 1160 2414 sequuntur
1181 2349 1267 2398 verbs
1283 2341 1356 2412 πρός

212 2423 286 2478 tanin,
298 2422 413 2484 pertento
424 2435 453 2469 ne
465 2419 637 2470 obiiceret-
650 2419 692 2469 Ad
705 2419 758 2467 for·
809 2431 838 2466 τε
856 2408 906 2466 τόν
922 2409 1082 2534 Ἀθηναίων
1103 2413 1216 2482 κήρυκα
1238 2409 1354 2480 ἐπειρω-

213 2487 313 2537 rnuiam
332 2479 361 2544 ἐς
373 2475 389 2537 δ
401 2485 506 2552 (donec)
524 2486 579 2536 vid.
599 2492 668 2536 nott.
687 2485 722 2535 αδ
734 2487 756 2546 Ι,
808 2482 900 2533 τωντα
917 2477 952 2532 τά
984 2478 1171 2550 ντεταλμένα,
1189 2483 1233 2534 vel
1252 2485 1293 2532 its
1307 2500 1354 2533 ex·

217 2553 270 2604 ilii.
289 2556 339 2615 111,
352 2554 394 2616 48,
413 2569 446 2604 ne
460 2554 549 2619 plura.
578 2553 641 2602 Mox
657 2553 758 2617 reliqui
809 2551 960 2616 pudienda,
982 2557 1013 2600 ut
1035 2567 1049 2601 e
1071 2553 1243 2618 praegressis
1260 2557 1353 2600 mente

213 2612 352 2672 ἀπικέατο
371 2621 454 2685 (quae
472 2621 569 2671 eoristi
589 2620 676 2670 formu
693 2619 755 2682 est),
808 2621 950 2683 repetetur
975 2613 1064 2683 λέγων
1094 2624 1141 2669 eut
1164 2619 1252 2669 simile
1277 2619 1354 2682 quid,

214 2690 291 2738 ouius
310 2688 371 2737 loco
385 2703 399 2736 ο
413 2688 554 2738 Senorofti
570 2687 643 2737 libro
656 2687 756 2737 altero·
810 2701 896 2751 eoque
922 2686 1005 2736 etism
1029 2686 1167 2736 referatur
1189 2685 1288 2736 vooulo
1312 2700 1353 2748 τε,

214 2771 264 2820 que
278 2770 347 2804 unus
358 2755 520 2804 Dietsohius
533 2754 610 2804 dedit
622 2744 756 2816 ἀπίκατο,
808 2753 893 2803 semei
904 2753 949 2803 hio
963 2754 1063 2819 posits,
1078 2759 1108 2803 ut
1118 2753 1236 2805 vidimus
1249 2753 1353 2814 stU,

214 2837 283 2886 quse
305 2821 570 2886 plusquamperieoti
594 2827 637 2871 est
657 2823 757 2872 forma:
811 2820 870 2870 188:
894 2821 938 2871 vel
960 2821 1140 2886 sequentibus
1162 2822 1201 2870 its
1222 2825 1284 2870 suut
1305 2821 1354 2870 sd·

214 2889 251 2938 of.
265 2904 348 2966 supra
360 2889 409 2950 lx,
424 2889 453 2938 17
467 2889 560 2952 ibique
570 2895 640 2938 nott.
809 2889 954 2948 struendo,
976 2894 1007 2938 ut
1023 2889 1092 2938 dues
1110 2889 1241 2938 orationis
1259 2893 1355 2952 partes

247 2971 337 3020 ταυτῃ
353 2953 388 3020 τῇ
399 2947 490 3020 ψήφῳ
503 2981 533 2989 -
547 2949 613 3013 τούς
631 2953 754 3021 ξείνους]
808 2955 880 3005 huno
897 2957 955 3007 fere
974 2957 1003 3004 in
1015 2956 1122 3006 modurn
1141 2973 1189 3022 per
1206 2955 1306 3020 duplex
1323 2969 1354 3005 τε

214 3024 232 3072 i.
248 3039 271 3072 e.
289 3025 337 3072 hoo
348 3026 445 3072 ανίσαίο
457 3039 511 3072 eam
522 3039 551 3073 ee
566 3024 640 3086 ferre
657 3030 757 3073 senten·
809 3024 940 3089 ooniungi
960 3029 1126 3075 statuamus:
1155 3015 1226 3088 πρός
1246 3037 1281 3073 τε
1301 3015 1355 3072 τὸν

213 3093 283 3155 τίων,
297 3105 346 3140 non
355 3091 492 3155 sopiendos
503 3106 559 3140 erre
570 3094 722 3155 pereqrinor
734 3106 755 3142 s.
805 3080 854 3140 itu
875 3089 964 3140 ναίων
987 3083 1099 3157 κήρυκα
1121 3084 1214 3155 λέγειν
1239 3081 1355 3141 ἐκέλευε

214 3160 309 3208 hostes.
339 3157 418 3218 Quen
438 3158 535 3208 eadem
547 3173 680 3208 enarrans
693 3159 756 3208 Plu·
808 3107 970 3224 -λχρήϊζί
986 3173 1034 3219 τε,
1059 3159 1130 3223 quod
1142 3157 1253 3208 dicendi
1265 3173 1355 3223 genus

213 3226 302 3276 tsroh.
320 3225 431 3276 Aristid.
451 3241 512 3292 osp.
529 3225 568 3275 17.
585 3242 648 3292 pag.
662 3224 712 3277 328
724 3227 756 3276 Ε.
810 3227 952 3292 attigimus
965 3225 999 3275 ad
1010 3225 1102 3288 V11,8.
1115 3227 1138 3286 ξ.
1149 3225 1171 3275 l.
1190 3226 1259 3275 Tum
1272 3241 1356 3292 preo-

213 3294 254 3344 sio
280 3292 371 3344 effert:
401 3283 546 3360 ἀράμενος
570 3295 636 3344 ταῖν
660 3295 757 3359 χεροῖν
808 3294 908 3358 positio
918 3287 989 3357 πρὸς
998 3297 1109 3358 spectet
1119 3294 1153 3342 od
1163 3287 1265 3357 λέγειν.
1284 3293 1356 3342 Utut

214 3355 318 3426 πέτρον
330 3355 423 3428 μέγαν
440 3352 687 3427 δἈμομφάρετος,
706 3357 756 3412 καί
809 3366 863 3424 est,
886 3361 957 3411 hneo
970 3361 1029 3411 sere
1048 3361 1156 3410 exsistit
1168 3361 1223 3410 looi
1242 3364 1355 3410 senten-

212 3423 381 3495 καταβαλών
390 3423 507 3496 πρότοίν
513 3427 612 3480 ποδοῖν
620 3427 672 3480 τοῦ
678 3429 756 3480 Παυ-
807 3429 861 3478 tin:
875 3429 926 3478 Hic
937 3443 997 3479 vero
1007 3429 1171 3491 (Pausanias
1184 3427 1253 3490 soii.)
1267 3443 1353 3477 ornen-

213 3496 327 3560 σανίον,
351 3492 460 3564 ταύτην
478 3493 534 3563 ἔφη
551 3495 653 3564 ψῆφον
671 3487 757 3556 αὐτὸς
807 3503 855 3546 tern
867 3512 913 3546 neo
929 3498 969 3546 ταί
979 3503 1116 3561 compotens
1133 3500 1270 3560 increpans
1286 3498 1355 3545 iilum

213 3562 278 3630 περί
291 3563 341 3632 τῆς
352 3558 446 3631 μάχης
458 3565 607 3617 τίθεσθαι.
627 3591 659 3600 -
679 3565 756 3631 Apud
808 3563 1084 3629 (Amomphuretum),
1103 3566 1151 3613 ianr
1169 3565 1204 3614 od
1216 3563 1355 3613 Athenien-

212 3633 380 3684 Herodotum
391 3649 462 3698 quse
472 3638 634 3699 sequuntur:
647 3629 758 3694 ξείνους
808 3633 873 3680 rium
882 3643 1034 3696 praeconem
1043 3647 1177 3682 eorumne
1189 3633 1354 3696 internoque·

214 3695 302 3764 λέγων
320 3694 386 3759 τούς
399 3694 574 3768 βαρβάρους,
598 3701 695 3750 eodem
712 3717 757 3750 ex·
805 3703 870 3762 tem,
889 3715 953 3766 quae
970 3701 1020 3764 ipsi
1035 3701 1157 3749 mundata
1173 3706 1260 3760 erum,
1281 3701 1355 3748 iussit

214 3771 290 3816 stunt
306 3768 361 3828 lx,
380 3767 425 3826 11,
445 3769 494 3818 ubi
511 3769 566 3818 vid.
580 3773 649 3819 nott.
679 3769 757 3830 Quae
808 3781 862 3816 eum
879 3766 1065 3832 (praeconem)
1089 3768 1175 3816 dicere
1192 3765 1354 3830 (Athenien-

213 3835 299 3886 verbo
310 3833 372 3883 tolli
385 3835 456 3899 quod
467 3835 527 3886 vult
535 3836 629 3886 Nubes
640 3836 669 3885 in
681 3837 757 3885 Mne·
809 3835 909 3898 sibus),
932 3851 996 3901 quoe
1008 3835 1048 3884 nic
1059 3841 1210 3898 operentur,
1232 3836 1354 3899 simulque

215 3915 317 3963 mosyn.
331 3901 382 3950 111.
395 3917 459 3966 pag.
473 3901 538 3967 480,
551 3903 626 3952 nulls
640 3902 706 3952 mihi
718 3904 758 3953 vi·
806 3905 882 3966 petiit
894 3902 927 3962 (s.
942 3915 1002 3952 eum
1016 3907 1110 3968 potere
1124 3899 1215 3963 iussit)
1228 3901 1259 3950 ab
1272 3901 1354 3950 Atte-

214 3967 295 4016 detur
312 3967 412 4018 idonos
429 3983 529 4020 osuss:
548 3971 621 4021 coni.
639 3975 707 4020 nott.
722 3970 757 4020 ad
809 3969 947 4028 aiensibus,
969 3977 995 4018 nt
1008 3971 1044 4020 ad
1059 3985 1086 4019 se
1100 3973 1214 4020 uenirent
1231 3975 1306 4034 atque
1319 3970 1354 4018 de

215 4033 315 4097 lx,10;
335 4050 369 4085 uo
381 4037 494 4100 passim,
508 4037 672 4088 observante
679 4039 756 4089 Wes-
808 4037 921 4087 δυειιεα
929 4039 1048 4101 facerent
1058 4053 1098 4100 οα,
1112 4051 1272 4103 quaeeunque
1282 4035 1356 4100 ίμεοῖε

214 4102 344 4167 solingio,
362 4103 442 4152 huius
454 4105 528 4154 modi
538 4105 700 4156 iterationes
712 4121 757 4155 oo·
807 4105 928 4154 uidissent
937 4106 1072 4168 facientes.
1114 4107 1121 4124 ¹

215 4175 339 4232 currunt,
357 4175 389 4220 ut
400 4171 454 4233 111,
471 4170 509 4222 12.
527 4173 574 4228 VI,
589 4169 644 4222 109.
662 4199 696 4208 -
716 4173 758 4222 Ad

214 4254 319 4364 plolqepp
340 4230 486 4304 φρενήρης
520 4239 592 4289 conf.
622 4245 691 4290 nott.
723 4241 757 4290 od
1003 4273 1070 4325 cm
1088 4275 1160 4326 LVI·

248 4367 264 4424 ὁ
282 4367 314 4424 δέ
327 4399 359 4410 -
372 4367 465 4439 λέγειν
482 4365 681 4440 δΠαυσανίης
699 4367 757 4426 ίαέ-
842 4366 908 4433 τούς
925 4367 957 4425 δὲ
975 4365 1037 4426 ἐπεὶ
1055 4367 1301 4440 ἀνακρινομένους
1324 4391 1353 4426 ιι.
