2984 4962
310 429 369 488 Du
388 429 493 488 VITA
513 429 571 488 ET
590 427 782 488 SORIP'I’IS
804 424 1036 488 HERODO'I'I.
1179 430 1241 490 415

110 598 254 652 Chronico.
279 615 307 668 p.
330 603 380 654 169
402 600 454 652 sub
483 599 591 669 Olymp.
611 597 760 666 LXXXIII,
785 594 838 665 4*)
864 599 969 654 Athenis
989 597 1106 652 habitam
1130 603 1158 650 et
1181 597 1241 667 qui·

109 683 226 753 quidem,
242 683 266 736 si
283 701 348 738 vere
362 684 455 755 prodit
468 683 617 750 Eusebius,
634 701 706 736 anno
722 683 821 736 aChr.
836 701 863 736 n.
878 687 929 738 445
940 682 1079 752 s.0lymp.
1091 681 1241 748 LXXXIII,

107 773 133 835 4,
151 775 208 838 aut,
226 785 297 840 quae
308 767 440 837 scaligeri
456 769 502 839 (ad
516 769 621 822 Euseb.
635 768 653 820 l.
670 767 702 836 l.)
719 775 763 821 est
783 769 875 837 opinio
895 768 1065 822 Herodotum
1085 783 1242 835 magnorum

108 853 361 908 Panathenaeorum
371 853 549 908 sollemnibus
560 854 692 907 recitasse
704 853 881 922 suspicantis,
897 869 969 906 anno
977 851 1242 922 olympuxxxul,

106 942 123 994 3
138 957 162 991 5.
179 941 231 994 mo
245 955 270 991 a.
286 938 353 992 Chr.
367 957 405 1006 n.,
420 955 581 1010 quamquam
591 938 682 990 iudice
697 937 803 1004 lleysio
815 955 842 1007 p.
858 941 891 990 54
904 937 970 990 nihil
986 945 1060 990 certe
1076 937 1175 1004 obstat,
1188 951 1242 1005 quo

106 1023 197 1076 minus
220 1023 407 1077 recitationem
419 1024 672 1077 Panathenaeorum
696 1021 828 1076 minorum
843 1023 915 1076 festo
937 1021 1085 1092 quotannis
1112 1020 1244 1074 celebrari

106 1108 189 1161 solito
206 1109 322 1162 habitam
337 1126 400 1162 esse
411 1109 609 1162 existimemus:
627 1114 745 1178 utroque
762 1109 831 1160 enim
843 1107 870 1160 in
888 1109 960 1160 sesto
977 1107 1086 1176 poetica
1099 1113 1128 1158 et
1141 1105 1245 1160 musica

106 1193 255 1246 certamina
269 1193 356 1248 locum
370 1193 499 1248 habuisse
517 1201 635 1246 constat.
658 1192 727 1244 Vide
742 1193 875 1260 Heyeium
888 1192 907 1244 l.
917 1191 935 1244 l.
958 1192 1022 1255 Qua
1037 1191 1064 1244 in
1081 1191 1243 1244 recitatione

107 1278 200 1330 Attica
214 1297 268 1331 non
291 1278 371 1331 aliter
387 1285 471 1349 atslue
493 1279 521 1332 in
537 1277 695 1347 Olympiaca
716 1295 772 1330 earn
787 1278 879 1346 operis
893 1283 1011 1348 partem,
1027 1293 1106 1347 quam
1121 1275 1243 1330 elabora-

106 1371 163 1416 tam
178 1369 260 1433 atque
275 1369 396 1432 paratam
422 1363 517 1417 habuit
539 1363 673 1432 scriptor,
697 1362 859 1431 praelectam
885 1361 988 1430 luisse,
1013 1359 1107 1432 utique
1136 1361 1244 1414 videtur

23 1477 28 1490 ·
106 1455 339 1501 consentaneum:
361 1465 431 1518 quae
453 1455 541 1500 tamen
558 1447 642 1500 luerit
662 1447 716 1499 ista
731 1443 810 1516 pars,
835 1465 889 1500 non
908 1447 994 1516 magis
1010 1445 1095 1498 habeo
1111 1453 1186 1498 certo
1202 1444 1242 1496 di-

106 1550 171 1586 cere
187 1549 266 1602 quam
276 1533 385 1604 Heyse,
401 1531 449 1603 qui
466 1539 556 1598 recte,
572 1529 685 1600 opinor,
702 1531 743 1584 sie
758 1531 872 1584 statuit:
889 1531 960 1600 „Vel
974 1531 1084 1584 maxime
1099 1537 1244 1584 consenta-

106 1635 189 1670 neum
207 1617 330 1686 videtur,
352 1635 408 1670 eam
429 1617 599 1686 potissimum
614 1623 718 1687 partem
737 1617 787 1668 hac
799 1617 941 1669 occasione
956 1617 984 1669 in
1000 1618 1085 1670 lucem
1102 1634 1164 1668 esse
1180 1632 1243 1685 pro-

105 1709 236 1772 tractam,
261 1719 331 1772 quae
353 1702 486 1766 Graeciae
505 1709 533 1756 et
547 1709 611 1754 ante
627 1719 719 1754 omnes
733 1701 940 1754 Atheniensium
957 1701 1066 1754 fortiter
1082 1707 1110 1754 et
1123 1699 1244 1769 gloriose

105 1787 181 1840 iacta
202 1789 363 1840 enarrabat:
385 1785 496 1840 Persica
517 1787 577 1838 dico
599 1785 677 1839 bella.
705 1785 830 1850 Quorum
845 1786 1045 1840 enarrationem
1062 1787 1086 1839 si
1103 1785 1244 1838 audivisse

104 1872 241 1925 statueris
271 1871 470 1940 Athenienses,
494 1871 574 1924 lacile
598 1871 750 1939 intelliges,
777 1887 827 1924 cur
852 1889 906 1923 non
933 1872 1002 1924 satis
1030 1872 1083 1924 sibi
1099 1869 1245 1924 habuerint

104 1956 237 2010 laudibus
254 1963 282 2010 et
293 1956 391 2026 plausu
408 1965 571 2027 prosecutos
587 1974 649 2008 esse
665 1963 817 2022 auctorem,
834 1956 883 2008 sed
904 1956 1019 2026 insuper
1041 1956 1159 2028 praemio
1184 1971 1244 2008 eum

102 2041 280 2095 donaverint.
307 2041 458 2095 Praemium
478 2041 548 2094 enim
571 2040 700 2094 retulisse
720 2041 890 2094 Herodotum
907 2059 997 2112 neque
1018 2059 1069 2112 per
1092 2060 1123 2094 se
1143 2041 1244 2110 impro-

101 2125 196 2180 babile
209 2133 266 2194 est,
283 2143 372 2196 neque
388 2143 513 2196 magnum
533 2126 622 2178 virum
644 2125 766 2194 dedecet,
782 2125 860 2178 modo
878 2144 912 2178 ne
927 2134 1084 2196 corruptum
1099 2125 1149 2179 sed
1164 2141 1244 2178 orna·

101 2217 162 2264 tum
190 2212 241 2264 hoc
267 2211 355 2280 pretio
381 2203 620 2281 cumputea“**).
652 2211 690 2264 Et
714 2210 778 2264 hinc
802 2213 919 2264 tortasse
944 2211 1077 2280 originem
1097 2211 1152 2264 ista
1171 2209 1245 2279 cepit

101 2297 187 2363 sama,
212 2313 266 2366 qua
285 2295 312 2347 in
334 2295 449 2348 historia
466 2295 682 2348 Atheniensibus
706 2295 785 2348 ninris
806 2295 925 2363 lavisse,
941 2295 1085 2366 Spartanis
1106 2297 1244 2349 insensum

101 2382 197 2434 luisse
212 2379 382 2432 Herodotum
395 2379 558 2447 clamabant,
573 2380 690 2448 partium
705 2379 763 2433 scil.
780 2379 873 2434 studio
887 2381 1042 2434 abductum.
1071 2382 1150 2444 Quae
1166 2395 1245 2450 quam

99 2465 198 2518 inanis
221 2465 259 2516 sit
285 2463 436 2517 criminatio
458 2473 540 2535 atque
555 2463 659 2532 sutilis,
674 2465 742 2518 satis
759 2465 897 2519 docebunt
918 2465 952 2518 ad
965 2465 1013 2534 Vl,
1030 2467 1089 2520 loa.
1104 2464 1165 2532 VII,
1184 2465 1243 2518 102.

99 2549 183 2614 VIII,
201 2551 225 2603 3.
240 2547 288 2616 IX,
305 2553 338 2602 22
361 2554 468 2602 notata:
490 2565 651 2619 quamquam
673 2550 742 2602 satis
759 2551 825 2604 inde
844 2550 1033 2620 cognoscitur,
1055 2549 1158 2620 quanti
1179 2547 1245 2602 curi

100 2634 217 2688 omnino
243 2633 348 2687 Noster
373 2633 581 2687 Atheniensium
607 2652 652 2687 ras
679 2635 819 2705 amplexus
847 2653 982 2706 quamque
1004 2634 1137 2689 benevolo
1155 2635 1244 2687 animo

97 2737 171 2789 erga
186 2717 297 2772 eosdem
317 2719 402 2774 tuerit
422 2719 547 2785 affectus,
563 2725 594 2773 ut
611 2719 653 2772 vel
670 2720 733 2773 inde
749 2721 821 2773 haud
838 2719 997 2774 incredibile
1017 2721 1153 2789 videatur,
1170 2717 1244 2790 quod

96 2807 134 2860 ds
157 2803 321 2858 recitatione
337 2804 452 2857 Athenis
477 2803 510 2857 ab
531 2805 672 2858 Herodoto
696 2807 770 2858 lacta
789 2805 919 2859 traditum
935 2806 1102 2876 accepimus;
1123 2823 1194 2875 quae
1220 2803 1244 2857 si

96 2907 203 2946 revera
220 2889 318 2942 accidit
333 2907 421 2956 anno,
438 2907 492 2960 quo
507 2890 601 2960 posuit
612 2889 762 2957 Eusebius,
784 2895 835 2946 445
850 2899 915 2944 ante
930 2891 996 2944 Chr.
1015 2909 1051 2960 n.‚
1069 2890 1158 2944 omnia
1173 2889 1244 2942 bena

95 2991 260 3044 congruere
277 2973 465 3043 intelligimus,
481 2976 506 3028 si
522 2976 629 3045 quidem
646 2975 815 3046 probabilius
831 2977 955 3042 ridetur,
971 2976 1149 3046 Herodotum,
1167 2981 1243 3028 ente-

94 3079 184 3133 quam
203 3057 326 3112 Thurios
342 3077 401 3112 cum
418 3059 622 3114 Atheniensium
638 3061 742 3114 colonis
757 3063 989 3131 proficisceretur,
1006 3062 1055 3114 hac
1071 3061 1131 3132 ipsa
1144 3060 1243 3114 recita-

93 3147 178 3200 tione
201 3142 419 3196 Atheniensibus
435 3162 466 3196 se
480 3144 546 3196 adeo
562 3146 762 3200 commendasse
783 3148 1016 3218 conspicuumque
1030 3145 1195 3212 reddidisse,
1213 3147 1244 3198 ut

92 3233 229 3302 ipsorum
243 3226 348 3280 colonis
374 3227 493 3280 adscribi
508 3230 622 3282 eundem
642 3237 812 3300 paterentur.
846 3231 936 3284 Unum
956 3231 984 3283 id
999 3231 1089 3284 minus
1105 3229 1243 3297 congruit,

92 3314 175 3388 quod
193 3310 360 3364 Plutarchus
378 3311 421 3364 vel
438 3312 530 3380 potius
545 3313 655 3380 Diyllus
670 3315 839 3368 Herodotum
854 3317 946 3368 decem
962 3315 1064 3368 talenta
1078 3317 1150 3367 dono
1167 3331 1243 3366 acca-

92 3402 176 3473 pisse
204 3395 292 3448 tradit
313 3413 345 3448 ex
371 3396 481 3448 decreto
502 3395 717 3468 Atheniensium,
744 3399 818 3470 quod
843 3400 956 3470 scripsit
970 3401 1093 3467 Anytus:
1118 3399 1192 3468 quod
1220 3397 1244 3449 si

91 3502 198 3540 verum
216 3487 269 3548 est,
285 3479 346 3550 ipsa
361 3479 485 3534 recitatio
503 3481 537 3534 ad
551 3481 632 3550 longe
653 3485 807 3552 posteriora
830 3491 951 3554 tempora
971 3483 1111 3536 reliciatur
1129 3499 1244 3537 necesse

91 3579 155 3640 est,
173 3569 240 3622 sive
255 3571 320 3635 post
334 3583 434 3619 annum
448 3569 499 3619 412
514 3569 583 3637 (quo
598 3584 670 3620 anno
687 3567 732 3622 vix
747 3567 775 3620 in
792 3569 863 3621 vivis
878 3567 994 3640 amplius
1008 3567 1096 3620 fuisse
1111 3567 1244 3620 Nostrum

90 3649 245 3719 existimo)
254 3652 322 3704 hanc
333 3651 517 3704 recitationem
524 3653 621 3704 lactum
633 3657 740 3706 statuas
749 3668 808 3706 cura
817 3653 849 3708 C.
860 3654 907 3707 Fr.
914 3653 1071 3706 Hermanno
1080 3651 1151 3724 (vid.
1160 3649 1195 3703 Τ.
1204 3649 1242 3703 ΙΙ.

89 3765 299 3785 --—--—-

88 3833 211 3906 oivs'pvos
236 3825 321 3886 ταῦτ’
344 3827 516 3900 Ἀθηναίοις,
541 3823 594 3885 oris
617 3822 654 3886 dv
677 3831 780 3886 siccas
803 3826 871 3886 ouidi
900 3833 1060 3900 περιεῖδον,
1085 3825 1171 3900 ἐνάτῃ
1193 3825 1244 3885 rdr

89 3903 286 3986 Φιλιππίᾷην
297 3901 519 3981 555555155555
531 3902 779 3987 Acssdcrpovs'oor
792 3895 839 3980 ini
857 3896 910 3969 τὴν
924 3897 1021 3986 μρὶχην
1040 3893 1070 3981 ἐκ
1088 3901 1139 4020 eje
1150 3894 1243 3982 μιξχης

88 3985 296 4051 γεγενημςνον
314 3967 363 4021 καὶ
381 3987 471 4022 ταυτα
485 3968 658 4049 5555555555
675 3965 717 4050 sic
735 3971 874 4048 Znaprns
892 3963 922 4034 ἐξ
945 3972 1070 4046 ,455555
1089 3971 1098 4034 (
1123 3985 1241 4030 cautor

89 4031 627 4172 ‘¹'li‘i'aii'llli32'aviiil0iif“oii
640 4054 838 4173 iilll‘ii'i'i
850 4038 1243 4172 {tltlt'tlitttlttit

89 4129 131 4246 A?
141 4128 292 4254 'thde
313 4123 489 4226 lloo'sourdz
501 4167 637 4240 ψήφισμα
661 4169 838 4240 γράψαντος,
861 4167 936 4241 ἀνὴρ
958 4165 1108 4241 Ἀθηναῖος
1130 4165 1166 4224 oo’
1186 4171 1243 4224 sois

88 4244 350 4344 napppeipppsvmv
368 4234 399 4294 ἐν
417 4236 533 4340 11555545ε
546 4242 666 4320 Adplioc
685 4240 809 4321 εἴρηκςν.
911 4303 916 4322 ἱ
957 4309 968 4321 ι
1005 4301 1012 4322 ,

181 4311 195 4379 )
214 4311 275 4362 bbr
292 4307 362 4362 haec
380 4310 517 4388 lagunas,
533 4309 680 4374 Hpodosoe
698 4303 823 4377 ἐτιμηθη
841 4327 919 4376 παρα
933 4327 989 4362 των
1006 4309 1164 4377 ,45555155
1176 4309 1242 4377 βου-

87 4387 145 4454 λῆς
165 4369 355 4440 increpatorie
372 4381 468 4436 aoror'c
486 4394 537 4438 τας
555 4376 681 4446 βίβλους.

163 4445 210 4512 ν’)
229 4443 296 4494 vm.
315 4443 333 4494 1.
351 4445 369 4494 ι.
387 4461 413 4511 p.
432 4445 474 4496 oo.
