3026 4970
495 432 760 494 CALLIOPE.
782 436 841 494 IX.
869 446 908 496 15.
931 443 971 494 16.
1239 437 1301 500 243

235 599 396 692 Ἐχόντων
415 603 452 672 δὲ
469 600 527 673 τὸν
545 601 649 674 πόνον
672 608 791 676 τοῦτον
813 607 881 676 τῶν
905 603 1086 696 βαρβάρων
1115 601 1301 694 Ἀτταγῖνος

159 700 177 774 ὁ
197 703 391 793 Φρύνωνος,
409 700 495 794 ἀνὴρ
514 712 672 794 Θηβαῖος,
691 704 1027 796 παρασκευασάμενος
1044 704 1208 798 μεγάλως,
1229 705 1300 776 ἐκοί-

159 815 214 875 des
234 808 286 875 ἐπὶ
305 809 411 889 ξείνια
429 802 532 876 αὐτόν
555 834 591 875 τε
610 805 808 898 Μαρδόνιον
831 809 887 878 καὶ
912 805 1117 897 πεντήκοντα
1141 811 1302 896 Περσέων

158 903 236 987 τούς
254 905 512 996 λογιμωτάτους·
531 911 711 995 κληθέντες
731 910 767 979 δὲ
785 899 876 980 οὗτοι
895 915 1036 980 εἵποντο.
1063 899 1106 996 ἦν
1125 910 1161 978 dl
1179 906 1216 980 τό
1235 915 1301 982 dei.-

159 1035 245 1080 πνον
263 1006 464 1098 ποιεύμενον
483 1011 518 1079 ἐν
537 1007 677 1100 Θήβῃσι.
702 1008 789 1080 Τάδε
808 1011 845 1080 δὲ
863 1008 929 1099 ἤδη
946 1007 986 1080 τὰ
1006 1014 1159 1081 ἐπίλοιπα
1176 1008 1347 1099 ἤκουον16

160 1107 390 1200 Θερσάνδρου,
409 1107 531 1200 ἀνδρὸς
548 1112 610 1200 μὲν
625 1108 847 1202 Ὀρχομενίου,
867 1121 1005 1202 λογίμου
1025 1113 1062 1182 bt
1081 1116 1113 1194 ἐς
1131 1109 1170 1182 τὰ
1187 1117 1302 1203 πρῶτα

161 1214 198 1281 ἐν
213 1207 406 1304 Ὀρχομενῷ.
444 1218 507 1300 ἔφη
533 1212 570 1281 δὲ
594 1208 612 1282 ὁ
631 1216 842 1304 Θέρσανδρος
860 1217 1026 1302 κληθῆναί
1045 1217 1100 1285 καὶ
1118 1210 1217 1295 αὐτὸς
1235 1209 1301 1284 ὑπὸ

157 1309 349 1400 Ἀτταγίνου
369 1315 423 1382 ἐπὶ
441 1309 477 1382 cd
504 1320 641 1384 δείπνου
664 1321 777 1385 τοῦτο·
813 1319 979 1404 κληθῆναι
1008 1316 1045 1384 δὲ
1069 1318 1123 1385 καὶ
1143 1323 1302 1405 Θηβαίων

159 1411 284 1502 ἄνδρας
319 1413 538 1504 πεντήκοντα·
575 1424 633 1485 καί
655 1437 769 1506 σφεων
790 1412 831 1486 οὐ
855 1419 955 1506 χωρὶς
981 1419 1156 1508 ἑκατέρους
1179 1426 1301 1504 κλῖναι,

160 1511 244 1584 ἄλλα·
261 1517 398 1605 Πέρσην
415 1543 450 1586 τε
468 1519 523 1585 καὶ
543 1524 693 1606 Θηβαίου
712 1521 747 1588 ἐν
766 1526 863 1608 κλίνῃ
884 1517 1015 1609 ἑκάστῃ.
1036 1513 1081 1599 ὦς
1100 1519 1136 1588 bl
1151 1513 1215 1588 ἆπό
1235 1523 1301 1588 δεί-

144 1618 246 1688 ’πνου
264 1606 367 1706 ἦσαν,
388 1615 628 1707 διαπινόντων,
647 1617 706 1690 τόυ
723 1623 859 1710 Πέρσην
877 1617 935 1690 τόν
952 1615 1145 1710 ὁμόκλινον,
1160 1614 1302 1690 Ἑλλάδα

192 1805 356 1880 Ἀτταγῖνος]
381 1815 457 1866 Idem
475 1818 704 1880 memoramini,
756 1817 1302 1886 heecsieaccepit:eiqueseorsimutroc-

160 1880 194 1932 811
208 1889 235 1932 et
248 1883 321 1948 apud
333 1883 451 1932 Peucen.
465 1883 528 1948 VII,
545 1883 584 1934 10.
597 1887 621 1946 ς’.
637 1885 648 1934 l
663 1887 704 1934 in·
757 1903 804 1952 qne
816 1887 979 1938 discubuisse.
997 1887 1093 1937 Malim
1104 1887 1229 1952 equidem
1241 1901 1302 1936 curn

161 1954 204 1999 ter
227 1949 362 2000 Graeciae
383 1952 550 2016 proditores;
578 1953 704 2018 idemque
757 1954 911 2019 Schweigb.
921 1955 1068 2006 transitivo
1080 1971 1163 2005 seusu
1174 1955 1301 2020 accipere

161 2033 259 2068 nomen
273 2017 355 2067 etiarn
366 2018 508 2068 Athenaeo
521 2020 704 2070 restituitCe·
756 2022 870 2072 verbum
887 2020 997 2073 κλίνειν
1021 2021 1103 2088 (quod
1125 2023 1301 2073 intransitive

161 2086 301 2136 enubentis
313 2085 363 2146 IV,
379 2085 420 2138 30.
439 2102 502 2152 pag.
523 2086 609 2138 lesu.
628 2105 655 2153 p.
672 2086 704 2137 81
757 2090 822 2153 poni
835 2089 961 2154 equidem
978 2091 1096 2155 prebere
1113 2089 1243 2156 nequeo),
1262 2091 1302 2140 ita

159 2151 377 2218 Sclrvveigh.,ubi
385 2153 559 2204 adllerodoti
569 2155 657 2205 locum
667 2171 709 2205 re·
756 2161 787 2204 ut
798 2157 947 2220 Attaginus
958 2157 1059 2223 hospes
1076 2159 1183 2208 dicatur
1195 2159 1301 2219 κλῖναι,

160 2221 288 2288 spicitur‚
301 2221 363 2271 coll.
375 2221 521 2272 Muelleror
541 2222 705 2274 Orchomen.
758 2223 775 2272 i.
792 2239 815 2273 e.
829 2229 967 2274 collocasse
979 2230 1083 2276 seorsim
1095 2233 1216 2291 utrosque
1228 2230 1254 2274 iu
1267 2228 1301 2274 le-

160 2305 223 2356 pag.
242 2289 290 2350 27,
315 2304 393 2353 quern
412 2289 582 2352 landawe,
608 2291 706 2356 quide
758 2293 813 2341 ctis.
838 2293 930 2352 Quare
943 2293 1015 2342 haud
1028 2309 1096 2357 opus
1108 2293 1229 2342 scribere
1242 2291 1301 2341 κλι-

161 2356 307 2420 Phrynone
331 2357 401 2406 citat
417 2357 575 2407 'Phicrsclnr
601 2358 705 2423 Epceh.
759 2357 859 2422 νῆναι,
878 2359 948 2423 quod
966 2359 997 2409 G.
1017 2359 1142 2410 Dindori.
1161 2359 1303 2424 proposuit

161 2424 187 2473 d.
201 2423 266 2472 hild.
281 2424 370 2473 Kunst
382 2441 409 2490 p.
419 2423 453 2473 80
466 2425 508 2474 ed.
522 2426 605 2490 prior.
620 2442 645 2490 p.
656 2425 707 2475 276
757 2425 785 2474 in
799 2425 941 2476 'l'besuuro
958 2427 1040 2492 Ling.
1055 2428 1154 2478 Graec.
1172 2427 1217 2476 1v.
1238 2442 1301 2492 pag.

160 2497 216 2540 not.
237 2491 278 2541 ed.
293 2491 418 2542 alterius.
431 2519 461 2527 -
480 2493 522 2542 Ad
539 2492 705 2542 locutionem
760 2491 838 2556 1650,
857 2498 931 2543 recte
949 2509 1055 2557 negans
1072 2495 1167 2544 κλίναι
1185 2494 1210 2544 h.
1224 2493 1242 2544 l.
1259 2494 1300 2543 in·

162 2551 210 2608 ἐπὶ
223 2556 315 2624 ξείνια
328 2561 399 2609 conf.
411 2559 442 2617 V,
459 2559 490 2610 18
502 2560 595 2626 ibique
610 2561 704 2610 allatu.
757 2561 905 2612 transitive
928 2561 1020 2627 accipi
1042 2577 1134 2628 posce.
1169 2561 1257 2626 Supra
1275 2561 1297 2618 Ι,

161 2627 193 2676 ln
211 2642 286 2691 seqq.
304 2643 352 2691 pro
369 2627 442 2692 vulg.
457 2621 558 2679 ’ἕποντο
575 2629 706 2679 revocavi
759 2627 821 2678 126:
851 2623 1054 2694 tabelliones
1082 2628 1302 2686 κατακλίνας

162 2693 350 2744 el'lcrentino
363 2695 480 2759 aliisque
494 2695 572 2745 libris
586 2695 705 2761 complu·
758 2696 807 2758 (se.
826 2686 842 2746 ὁ
860 2695 965 2761 Κῦρος)
991 2689 1019 2756 ἐς
1042 2695 1165 2762 λειμῶνα
1190 2687 1301 2761 εὐώχεε.

160 2762 235 2812 ribus
254 2757 386 2822 εἵποντο,
412 2763 482 2826 quod
499 2765 571 2813 idem
592 2779 706 2814 revoca·
757 2764 889 2814 Adaeum
901 2766 978 2816 vocis
992 2755 1143 2828 ἑκατέρους
1154 2765 1302 2831 pertinent,

160 2835 223 2880 runt
233 2829 359 2879 Dindcrl.
375 2831 545 2893 etffletsch„
559 2832 583 2881 si
598 2831 706 2895 quidem
758 2847 829 2896 quae
848 2833 882 2881 nd
894 2832 951 2892 ΙΙΙ,
968 2829 985 2881 8
1002 2835 1107 2883 notavi.
1142 2833 1212 2884 Add.
1225 2833 1301 2896 v111,

159 2897 260 2947 Noster
288 2899 316 2946 in
346 2897 397 2947 boc
421 2899 506 2949 verbo
531 2905 706 2964 augmentum
760 2897 802 2948 lb:
827 2888 900 2950 οὕτω
924 2893 955 2950 δὲ
973 2890 1177 2966 α’γωνιζόμενοι
1195 2894 1303 2966 διέστη-

160 2965 287 3014 omittere
300 2980 354 3014 non
367 2965 449 3026 solet,
464 2967 628 3017 observante
641 2967 707 3016 Bre·
759 2979 813 3016 σαν
825 2963 909 3032 puple
927 2957 1100 3033 ἑκάτεροι.
1116 2997 1147 3006 -
1165 2969 1243 3030 Quod
1256 2969 1304 3018 At-

159 3033 221 3084 dov.
245 3047 309 3097 pag.
333 3031 392 3084 303.
433 3034 508 3084 Idem
538 3034 596 3085 ieci
621 3050 705 3100 supra
757 3035 868 3100 teginua
881 3035 906 3084 h.
917 3035 936 3084 l.
947 3031 1160 3104 Πέρσηυτεκαὶ
1171 3033 1303 3102 Θηβαῖον

160 3101 240 3162 Vlll,
260 3097 316 3150 103.
757 3092 789 3154 ἓν
800 3101 884 3168 κλίνῃ
901 3093 1005 3170 ἑκάστῃ
1023 3105 1172 3156 collocavit
1184 3105 1302 3168 indeque

758 3171 842 3219 etiarn
860 3170 1063 3222 'l'bersandrum
1080 3172 1302 3232 Orchomenum,

443 3270 515 3320 κο-
757 3238 1303 3371 ταλαιπωρίακιαι

196 3368 315 3436 λογίμου
332 3363 364 3420 dl
383 3361 411 3428 te
428 3363 463 3420 τὰ
482 3367 591 3436 πρῶτα]
611 3373 706 3422 Virum
759 3376 804 3421 cto
821 3371 894 3422 haud
907 3373 1017 3436 mirum,
1036 3373 1085 3423 scd
1104 3373 1146 3422 rei
1164 3373 1218 3436 ipsi
1235 3373 1303 3422 antis

161 3438 293 3504 intelligit
305 3439 413 3488 maxime
428 3453 450 3488 s.
464 3441 531 3488 inter
542 3441 637 3503 priores
648 3456 707 3504 spe·
759 3444 975 3489 consentaneum
1004 3441 1125 3490 videtur:
1154 3453 1242 3502 neque
1270 3454 1303 3487 ex

160 3513 261 3556 ctetica.
298 3505 343 3556 Sic
357 3505 404 3568 VI,
421 3504 481 3555 100:
501 3497 554 3556 ἒών
566 3497 707 3571 τιᾶνἘρε-
758 3521 821 3555 mee
834 3507 942 3570 quidem
961 3507 1102 3560 sententia
1116 3506 1303 3555 testimonium

160 3566 313 3638 upriustri
331 3572 429 3638 πρῶτα
446 3575 544 3636 etlll,
563 3572 605 3624 78.
646 3575 706 3636 Quo
757 3572 857 3622 haberi
878 3575 981 3639 poterit
997 3575 1111 3624 intimae
1133 3571 1303 3623 coniunctio-

162 3642 258 3693 eodem
275 3641 348 3692 hund
365 3642 423 3692 scio
441 3658 477 3692 un
490 3642 629 3708 pertinent
642 3657 707 3707 quo·
758 3641 809 3700 nis,
824 3655 895 3706 quae
908 3641 978 3690 iuter
992 3640 1103 3690 Thebas
1116 3645 1144 3690 et
1154 3638 1300 3689 Orchome-

162 3725 214 3774 que
227 3699 348 3776 α’νήκειν
361 3701 389 3768 ἐς
401 3703 441 3760 τὰ
454 3708 584 3772 πρῶτα,
604 3709 637 3759 de
653 3725 706 3772 quo
757 3723 822 3757 num
835 3707 899 3758 clim
912 3708 1100 3758 intercesserit
1113 3712 1195 3772 atque
1209 3723 1226 3756 a
1239 3707 1302 3757 Pin-

162 3779 198 3828 ci.
216 3783 284 3828 nott.
304 3777 340 3827 ed
357 3779 395 3842 V,
412 3777 454 3828 49.
472 3779 535 3842 Vll,
556 3775 706 3828 lue-111
758 3775 824 3826 darc
841 3775 936 3827 Istbm.
954 3776 981 3835 1,
999 3775 1029 3825 51
1048 3775 1188 3825 illustrata
1206 3775 1255 3824 sit:
1275 3775 1302 3824 id

161 3845 392 3896 antecedentibus
417 3845 451 3895 ad
475 3846 561 3896 verba
581 3841 650 3896 τάδε
673 3837 705 3896 dl
756 3841 1301 3908 enimstetuitGrcte:Histcryol'Greece

161 3912 704 3977 vid.uott.adVIl‚b;quodenimavett.
756 3911 788 3962 V.
803 3909 963 3990 pag.213.⁸
1139 3962 1150 3984 τ

162 3980 223 4030 cdd.
242 3980 340 4029 aberet
358 3973 403 4038 db,
422 3981 450 4030 id
463 3980 705 4046 Schweighaeuae-
790 3995 828 4037 ως
852 3973 884 4028 δὲ
907 3971 966 4028 α’πο
990 3975 1111 4029 δείπνου
1130 3975 1214 4043 ησαν]
1239 3977 1300 4028 Vid.

162 4063 220 4096 rum
245 4051 357 4097 secutus
382 4063 396 4097 e
420 4047 605 4112 compluribus
628 4047 706 4098 codd.
757 4052 826 4096 nott.
841 4047 876 4096 ad
888 4047 934 4109 Vl,
952 4045 999 4096 129
1011 4051 1040 4096 et
1051 4047 1083 4108 V,
1099 4045 1204 4108 18,ubi
1217 4047 1302 4095 etiam

162 4129 224 4164 curn
236 4119 354 4164 recentt.
369 4114 429 4164 edd.
442 4117 562 4180 reposui.
596 4115 707 4166 Delcci
758 4113 792 4164 dc
816 4115 900 4164 verbo
924 4111 1084 4176 διαπίνειν,
1115 4114 1148 4163 de
1177 4128 1229 4178 quo
1255 4113 1302 4164 Cr.

163 4187 324 4246 argumento
348 4182 453 4234 consul.
476 4182 506 4234 C.
525 4183 558 4237 0.
576 4183 705 4234 Mueller:
759 4182 843 4232 ctiam
867 4181 987 4232 conferri
1004 4181 1064 4233 vult
1080 4179 1206 4232 Plutonis
1222 4181 1303 4230 Rem-

163 4247 327 4298 Orehomen.
337 4265 400 4315 peg.
411 4249 469 4310 415,
481 4266 498 4300 a
510 4251 555 4301 Cr.
567 4250 705 4301 laudatus.
757 4249 831 4314 publ.
844 4249 889 4311 1v,
901 4248 924 4300 l.
937 4266 1001 4316 pag.
1012 4249 1061 4300 421
1075 4265 1140 4315 pag.
1152 4247 1199 4299 167
1211 4247 1302 4323 Beklr.

197 4313 249 4365 καί
270 4330 365 4382 σφεων
388 4307 423 4368 ου’
447 4314 530 4383 puple
555 4309 707 4382 ἑκατέρους
757 4316 799 4367 Ad
812 4331 930 4384 sequens
943 4309 1138 4368 διαπινόντων
1150 4315 1239 4382 suppl.
1251 4331 1303 4366 αν·

162 4379 268 4450 κλῖναι]
292 4383 369 4436 Unus
387 4385 473 4436 codex
490 4380 590 4450 σφέας.
623 4385 706 4437 Vella
757 4383 821 4436 τοῖν.
849 4385 950 4436 Sensus
964 4391 1018 4437 est:
1038 4383 1303 4449 eumecendperurtd

1031 4469 1098 4539 16*
