3026 4970
529 311 792 376 ιιιιιοιι.
817 313 875 374 1x.
899 321 942 376 n.
966 321 1010 377 ιι.
1091 399 1094 406 ¹
1277 315 1339 378 aas

198 490 253 558 nal
272 483 398 578 ἀρετῆς.
435 484 563 558 τούτων
591 481 623 556 δ’
642 474 729 574 ἦσαν
754 479 885 555 ὁπλῖται
911 492 1009 574 χίλιοι
1032 485 1087 554 nnl
1114 481 1338 574 ιιινιιιιόσιιι·

197 687 233 735 tis
247 685 356 735 omniuo
369 683 557 736 confidendum
573 685 623 749 sit,
642 683 675 736 de
689 700 741 750 quo
792 683 933 751 praebuit,
952 682 1109 734 hahendam
1122 698 1185 735 esse
1199 684 1338 738 existima-

196 753 269 802 idem
287 753 329 803 vir
346 753 444 804 doctus
462 753 606 804 admodum
623 752 740 815 dubitat,
793 767 861 804 mns.
1009 805 1021 831 v
1248 761 1252 771 ⁴

196 820 367 871 Herodotum
390 835 445 870 non
465 821 534 871 eatis
556 825 686 871 accurate
708 821 741 870 de
826 816 935 871 τούτων
952 811 985 870 δ’
1000 833 1076 886 qous
1092 809 1207 870 ὁπλῖται
1223 835 1250 872 ιι.
1264 835 1288 870 s.
1302 819 1336 886 λ.1

196 889 239 938 hle
250 888 375 938 edoctum
384 888 471 938 inisse
481 889 650 941 existimans.
663 887 742 950 Quod
794 889 882 952 Quam
899 887 1056 938 Herodotus
1079 886 1125 938 hic
1148 889 1339 940 recensionem

197 969 249 1020 qno
263 956 320 1006 iure
333 955 484 1006 contendat
494 956 668 1018 Niebuhrius,
681 957 741 1022 ipse

196 1023 305 1074 viderit.
325 1024 379 1084 Qui
389 1023 462 1073 enim
471 1024 650 1088 reputaverit,
661 1039 742 1089 qnam

195 1091 318 1142 studiose
330 1091 430 1142 Noster
442 1092 471 1141 in
483 1092 576 1142 omnia
587 1091 743 1156 inquisierit

196 1173 331 1224 quamque
344 1163 483 1222 accurate,
498 1173 568 1223 quae
581 1159 742 1221 invenisset,

195 1223 335 1290 retulerit,
360 1226 466 1276 nullam
486 1226 631 1276 dubitandi
647 1226 681 1276 de
698 1225 742 1275 his

195 1294 328 1356 numeria,
349 1295 395 1360 qui
412 1293 486 1344 haud
502 1294 561 1344 scio
575 1309 610 1343 sn
622 1293 742 1358 publicis

196 1377 302 1427 quoque
324 1361 495 1412 documentis
516 1361 610 1412 traditi
628 1362 741 1422 luerint,

195 1444 308 1480 eausam
321 1443 381 1480 esse
395 1429 449 1479 sibi
458 1429 543 1480 facila
553 1428 740 1494 persuadebit.

194 1521 229 1532 --
238 1497 304 1547 Post
313 1497 454 1562 Tegeatae
466 1498 617 1562 proximum
627 1496 740 1561 Sparta·

196 1563 238 1614 nis
255 1563 345 1614 locum
359 1568 456 1614 tenere
469 1563 596 1614 dicuntur
609 1564 740 1625 Corinthii,

197 1631 243 1696 qni
271 1631 312 1681 uti
341 1632 414 1681 inter
436 1630 620 1696 Peloponnesi
643 1635 741 1696 gentes

197 1699 314 1748 maxime
338 1699 488 1749 floruerunt
512 1698 623 1764 opibus,
647 1699 689 1750 ita
712 1699 741 1749 in

197 1767 257 1832 ipso
274 1765 536 1832 Peloponnesiorum
553 1766 666 1818 foedere
685 1767 741 1834 pri·

197 1849 269 1884 mum
281 1839 343 1900 post
352 1833 503 1902 Spartanos
513 1833 603 1886 locum
616 1835 740 1885 obtinue-

197 1906 260 1951 runt
277 1901 341 1964 (vid.
360 1907 427 1952 nott
447 1902 483 1952 ad
499 1903 539 1964 V,
556 1901 588 1953 91
607 1907 636 1953 et
648 1903 686 1966 V,
699 1901 740 1954 92.

196 1970 221 2030 ξ.
229 1968 291 2032 1‚c.
299 1969 507 2020 Pr.Hermnnn:
518 1969 628 2021 Griech.
636 1969 742 2020 Staats·

197 2036 352 2087 alterthiirn.
360 2039 384 2099 ᾗ.
391 2036 431 2088 34.
438 2043 495 2088 not.
505 2037 546 2100 12)
557 2037 675 2103 indeque
685 2053 740 2087 me·

195 2105 248 2155 rito
267 2105 296 2155 in
313 2105 375 2155 scie
392 2121 477 2172 prope
490 2107 642 2172 Spartanos
656 2105 742 2155 collo·

196 2177 304 2222 cantur.
333 2173 422 2238 Atque
439 2173 468 2223 in
486 2189 514 2223 re
526 2173 622 2224 navali
635 2187 741 2239 quoque

195 2247 258 2306 post
266 2241 450 2291 Athenienses
462 2242 584 2306 proxime
595 2245 743 2290 censentur

196 2308 344 2358 Corinthii:
363 2308 419 2358 vid.
432 2309 511 2371 VIII,
535 2308 560 2371 l,
580 2313 662 2372 atque
679 2313 742 2372 post

196 2376 395 2440 Eurybiadem,
419 2375 616 2441 Spartanorum
633 2375 739 2438 ducem,

195 2445 306 2510 ponitur
333 2443 510 2502 AdImantus,
540 2442 741 2493 Corinthiorum

196 2511 264 2575 dux,
281 2511 359 2570 VIII,
372 2511 389 2561 5
406 2511 469 2561 coll.
482 2509 523 2562 59.
537 2509 579 2562 ol.
597 2509 631 2560 94
646 2509 741 2575 ibique

196 2583 264 2630 nott.
290 2579 332 2629 Ad
344 2578 544 2644 Thermopylas
555 2593 661 2644 qnoque
675 2592 742 2643 qna·

196 2647 357 2714 dringentos
373 2646 477 2697 milltes
496 2647 644 2708 miserant,
668 2649 741 2696 teste

195 2717 294 2766 Nostro
311 2713 455 2777 v11,202:
475 2715 510 2764 ad
526 2713 658 2764 Plataeas
675 2728 741 2780 quo·

196 2783 276 2834 modo
294 2798 324 2832 se
342 2783 480 2848 gesserint
496 2781 646 2842 Corinthii,
667 2781 741 2831 idem

196 2853 297 2902 Noster
317 2851 392 2901 inira
414 2850 499 2901 tradit
520 2851 572 2912 111,
591 2846 636 2899 os:
660 2863 741 2914 quem

197 2917 291 2984 iniqu‘o
309 2919 338 2967 in
350 2917 506 2969 Corinthios
523 2918 667 2983 scripsisse
681 2917 739 2967 ani·

197 3001 241 3036 mo
258 2986 410 3050 antiquitus
428 2987 483 3036 iam
505 2986 583 3036 fuere
601 2985 648 3050 qui
665 2984 739 3035 dice·

197 3059 270 3104 rent:
285 3053 318 3103 de
331 3067 385 3117 qua
398 3069 425 3103 re
436 3053 500 3118 quid
509 3052 683 3103 statuendum
694 3054 739 3114 sit,

198 3121 256 3172 dixi
269 3121 297 3170 in
309 3125 378 3170 nott.
392 3121 426 3170 ad
438 3121 513 3184 VIII,
525 3120 567 3170 94.
592 3117 681 3186 Atque
694 3135 739 3170 eo·

198 3189 259 3240 dem
272 3189 401 3254 pertinet,
416 3188 486 3252 quod
516 3192 597 3238 ontra
607 3187 742 3239 Herodoti

198 3257 384 3306 testimonium
407 3255 479 3305 Pseu
499 3254 675 3320 oplutarchns
698 3255 742 3304 De

199 3325 311 3390 malign.
326 3322 456 3373 Herodot.
476 3337 537 3388 cap.
549 3323 591 3373 42.
608 3339 635 3388 p.
649 3320 741 3372 8721).

198 3392 234 3442 ad
251 3391 398 3442 Simonidis
415 3389 496 3439 fidem
513 3389 608 3454 utique
631 3389 742 3440 dubiam

198 3463 342 3527 provocat,
369 3458 415 3523 qui
432 3457 634 3507 CorInthiorum
657 3458 742 3508 virtu·

199 3535 254 3578 tem
267 3525 410 3594 splendido
423 3525 545 3575 csrmins
557 3524 741 3590 praedicavit,

200 3595 270 3662 qnod
287 3595 339 3645 hoc
357 3593 435 3644 modo
457 3593 538 3643 nobis
555 3597 693 3642 servatum
715 3596 743 3642 et

200 3665 273 3714 inter
290 3661 438 3712 Simonidis
455 3661 611 3726 fragmenta
627 3659 743 3710 relatum

201 3737 244 3781 est
256 3747 272 3780 n
282 3729 491 3780 Schneideniuo
504 3729 555 3792 (nr.
566 3728 610 3791 54)
621 3732 649 3778 ιλ
658 3729 743 3793 Berg-

200 3799 247 3849 kio
266 3798 316 3861 (nr.
327 3795 368 3846 84.
381 3811 444 3862 pag.
454 3795 503 3847 897
518 3811 576 3860 seq.
590 3796 680 3846 Poiitt.
690 3795 744 3859 Ly-

200 3867 266 3916 riec.
286 3865 413 3926 Graece.)
437 3879 469 3914 ιι
491 3879 527 3914 nu
548 3879 579 3913 er
594 3867 744 3913 tractatum

201 3939 244 3984 eat
257 3949 274 3984 a
286 3933 473 3996 Bambergero
485 3933 515 3981 in
526 3880 645 3997 gpuscc.
658 3929 743 3996 philo·

201 4001 275 4068 legg.
292 4016 358 4066 pag.
378 3997 426 4050 160
441 4014 499 4065 ιιι.
534 4000 572 4048 Et
589 3998 660 4049 coni.
679 4013 743 4062 qno-

202 4085 253 4134 que
270 4067 370 4133 Bergk.
394 4067 429 4117 ad
446 4067 612 4118 Anacreont.
635 4065 743 4132 Reliqq.

202 4135 292 4202 paee,
307 4149 421 4201 quocum
431 4135 562 4186 maiorem
571 4135 600 4184 in
609 4133 652 4184 his
663 4133 744 4186 fidem

794 957 843 1008 dat
854 956 1023 1024 populorum,
1037 957 1083 1022 qui
1097 955 1132 1006 ad
1143 955 1278 1007 Plataeas
1290 973 1338 1022 pu-

793 1025 953 1091 gnaverint,
972 1039 1006 1074 ea
1018 1039 1071 1073 non
1084 1037 1196 1090 prorsus
1209 1025 1339 1075 convenit

794 1108 855 1143 cnm
867 1093 987 1144 Paassn.
1007 1091 1043 1151 V,
1060 1091 1103 1141 23.
1121 1092 1145 1152 fi.
1163 1091 1191 1152 l,
1208 1091 1255 1142 nbi
1272 1107 1338 1158 gen·

793 1161 870 1223 tium,
884 1175 954 1226 quae
964 1159 1127 1210 Plataeensi
1135 1173 1245 1224 pugnae
1255 1161 1339 1210 inter-

793 1227 910 1292 fuerint,
923 1227 971 1278 ille
984 1227 1075 1293 prodit
1087 1227 1211 1286 nomina,
1244 1241 1297 1277 uae
1309 1228 1339 1278 in

793 1295 854 1345 basi
871 1300 982 1345 statuae
999 1295 1074 1346 lovis
1088 1293 1209 1360 Olympii
1225 1244 1337 1346 dedica·

793 1368 839 1412 tae
857 1363 941 1413 abiis
955 1363 1085 1424 Graecis,
1104 1362 1150 1428 qui
1162 1362 1197 1412 sd
1206 1361 1339 1414 Plataeas

792 1435 985 1496 pugnaverant
1006 1435 1103 1482 contra
1120 1431 1235 1493 Persas,
1260 1435 1338 1480 erant

792 1498 999 1616 {meripltatgdde
1016 1497 1339 1616 ιιῙιὲιιιΙιΙιιιίοιὲλιιιιίλ

792 1581 1249 1698 DlelllrlltsenimIsllpuslllierodotum
1261 1579 1337 1684 iggel-

791 1701 836 1752 lae
854 1704 972 1767 quinque
989 1699 1140 1751 insularum
1157 1700 1264 1766 Aegaei
1280 1716 1337 1750 rna·

792 1770 843 1820 ris:
864 1769 919 1828 cet,
938 1769 1031 1828 Nonii,
1049 1768 1135 1828 Penii,
1153 1768 1265 1832 Opinati,
1278 1768 1336 1818 Me-

791 1839 831 1896 lii,
857 1851 969 1902 quorum
989 1837 1101 1888 nomina
1121 1835 1285 1886 exhibentur
1308 1836 1337 1886 in

792 1904 842 1955 illa
859 1905 1052 1970 inscriptione,
1070 1917 1191 1970 quosque
1208 1918 1263 1952 non
1280 1907 1338 1952 tarn

792 1987 842 2039 per
858 1971 1011 2022 socordiam
1030 1972 1066 2022 ah
1084 1971 1224 2022 Herodoto
1245 1971 1338 2036 negle-

792 2045 852 2090 ctos
873 2045 979 2105 putem,
1005 2055 1085 2105 quam
1107 2039 1199 2104 potius
1220 2055 1281 2090 eam
1302 2038 1337 2088 oh

793 2123 920 2166 causam,
934 2107 1004 2172 quod
1016 2107 1214 2172 paenituerint
1225 2121 1338 2157 numero

792 2191 844 2225 nec
866 2176 959 2241 magni
980 2177 1123 2236 momenti,
1149 2177 1261 2225 accensi
1277 2175 1338 2231 soie

791 2241 902 2306 ψιλοῖς,
934 2257 1000 2307 quos
1029 2243 1104 2308 ipsos
1127 2243 1155 2292 in
1180 2243 1337 2292 universum

792 2309 871 2360 modo
884 2309 990 2360 indicat
1001 2309 1166 2370 Herodotus,
1179 2309 1338 2359 accuratius

792 2391 941 2426 recensens
964 2368 1031 2434 soris
1055 2369 1174 2433 ὁπλίτας
1197 2390 1219 2427 ι.
1243 2377 1337 2441 gravis

793 2448 950 2495 armaturae
962 2442 1074 2494 milites.
1098 2443 1176 2504 Quod
1186 2459 1252 2493 vero
1265 2441 1338 2509 apud

793 2511 910 2562 eundem
922 2511 1090 2562 Pausaniam
1102 2511 1162 2561 Is'lei
1172 2511 1337 2568 referuntur,

793 2594 861 2646 quos
877 2583 940 2646 post
956 2593 1077 2646 pugnam
1095 2579 1240 2630 advenisse
1253 2579 1339 2628 tradit

792 2647 950 2698 Herodotus
964 2648 1017 2709 IX,
1031 2647 1078 2710 77,
1097 2646 1125 2696 id
1137 2646 1337 2697 Hroendstedio

793 2720 905 2766 anctore
918 2715 962 2764 vel
975 2715 1016 2765 ita
1028 2713 1231 2780 explicandum,
1244 2719 1338 2765 utnon

793 2783 853 2833 Elei
868 2783 897 2832 in
914 2782 1119 2850 Peloponneso,
1138 2782 1187 2832 sed
1199 2781 1258 2832 Elei
1269 2782 1336 2832 lire·

791 2855 901 2902 irienses
918 2849 1124 2916 intelligantur,
1149 2849 1193 2901 rel
1214 2853 1336 2900 statuen-

792 2919 868 2980 dum,
892 2933 983 2970 errore
1000 2919 1105 2968 iactum
1124 2931 1201 2975 esse,
1219 2921 1250 2967 ut
1265 2917 1337 2967 Pau·

792 2987 886 3037 sanias
909 3001 957 3052 pro
981 2985 1144 3044 Patrensibus,
1169 2986 1216 3051 qui
1240 2999 1338 3036 revera

792 3055 905 3118 desunt,
927 3055 1027 3120 legerit
1044 3055 1072 3104 ln
1089 3053 1140 3103 illa
1156 3053 1240 3103 inseri
1262 3053 1338 3104 tione

793 3119 1230 3187 EicoacFAAEIOIproI'AAEI
1258 3119 1338 3170 ,Ειι-

791 3192 902 3241 irienses
914 3195 1006 3240 autem
1020 3196 1103 3254 atque
1117 3189 1262 3238 Leucadios
1276 3203 1338 3237 eam

793 3257 827 3308 ob
862 3271 974 3306 oausam
1008 3257 1124 3306 emissos
1157 3256 1237 3320 putat
1266 3255 1337 3304 idem

792 3323 975 3376 Broendsted.
992 3323 1010 3374 l.
1024 3323 1056 3382 1.,
1074 3321 1146 3388 quod
1163 3321 1192 3371 hi
1208 3337 1264 3371 una
1277 3337 1337 3372 curn

794 3391 911 3442 aliarum
928 3391 1043 3441 duarum
1065 3390 1188 3454 gentium
1204 3387 1338 3438 militibus

794 3458 926 3510 collocati
938 3459 1043 3508 inerint
1055 3469 1187 3508 excausa
1199 3457 1337 3522 quapiam,

794 3541 875 3592 quam
895 3531 988 3575 tamen
1009 3525 1087 3575 nobis
1109 3523 1248 3588 expiscari
1264 3523 1338 3572 hand

793 3594 888 3644 liceat.
923 3593 991 3642 Post
1006 3590 1200 3652 Broendsted.,
1219 3589 1300 3654 quil.
1319 3589 1339 3640 l.

795 3661 828 3712 de
849 3659 903 3710 hac
920 3659 1082 3724 Olympieae
1106 3661 1216 3710 statuae
1240 3657 1338 3708 inscri-

794 3729 888 3796 ptione
902 3732 1033 3778 accurate
1046 3725 1206 3792 disputavit,
1222 3725 1338 3776 eandem

794 3811 851 3846 rem
865 3810 994 3862 agressus
1006 3799 1049 3846 est
1061 3793 1094 3844 0.
1107 3793 1194 3842 Frick
1211 3792 1337 3854 (Jahrbb.

795 3864 815 3917 l.
828 3863 963 3930 Philolog.
976 3863 1032 3930 Snp
1053 3862 1070 3913 l.
1083 3861 1132 3912 111.
1147 3857 1233 3926 [1859]
1252 3877 1277 3926 p.
1288 3859 1336 3910 521

794 3930 864 3996 aeq.)
879 3931 986 3982 ratione
998 3879 1097 3981 helita
1108 3929 1196 3995 ipsius
1212 3929 1337 3979 Graecae

794 3999 981 4064 inscriptionis
999 4013 1086 4065 nuper
1101 4001 1230 4062 repertae
1248 3997 1277 4046 in
1291 3995 1338 4046 do·

794 4068 873 4117 nario
886 4067 949 4126 hoc,
963 4064 1034 4132 quod
1046 4065 1157 4128 Graeci,
1171 4065 1217 4129 qui
1230 4064 1265 4114 sd
1274 4063 1338 4114 Pla·

795 4140 875 4185 taces
887 4139 1087 4201 pugnaverant,
1101 4149 1134 4184 ex
1143 4131 1248 4198 praeda
1260 4131 1339 4181 iacta

202 4203 341 4255 Herodoto
358 4218 439 4266 quam
453 4203 599 4266 Simonidi,
618 4201 664 4267 qui
681 4202 745 4252 aliis
795 4202 918 4269 Delphos
931 4201 1108 4264 dedicarunt,
1125 4204 1197 4251 teste
1209 4200 1269 4266 ipso
1282 4198 1337 4248 Ile·

204 4285 309 4337 quoque
330 4271 527 4322 mercenariam
544 4285 622 4322 snam
639 4270 745 4322 Musam
795 4271 891 4322 rodoto
903 4271 950 4334 lx,
964 4269 998 4320 ⁸0
1009 4285 1075 4334 seq,
1088 4268 1136 4318 ubi
1147 4267 1227 4334 plura
1240 4265 1325 4317 affere
