2984 4962
332 439 390 498 Du
413 439 518 500 VITA
540 441 597 500 ET
619 439 810 500 SORIPTIS
831 437 1068 499 HERODO'PI.
1205 443 1266 506 413

132 610 188 664 rint
201 610 310 680 virique
323 609 433 664 iuvenis
442 610 683 680 reprehensionem
695 612 817 664 Graecas
832 611 1024 664 accelerantis
1039 627 1121 680 aegre
1135 610 1263 664 tulerint!

131 714 189 750 cnm
205 695 336 748 neminem
349 712 416 748 saue
432 694 535 764 fugiat,
557 695 693 748 Herodoti
708 696 837 749 historias
859 714 913 748 non
929 695 964 748 ad
982 695 1152 762 elevandam,
1168 697 1217 748 sed
1231 695 1265 747 ad

130 779 321 832 illustrandam
344 779 444 833 Graeci
471 780 588 832 nominis
610 780 724 849 gloriam
738 780 767 833 iu
789 783 874 834 rebus
889 781 1010 833 Persicis
1025 781 1136 834 maxime
1156 780 1265 850 conspi-

131 882 208 918 cuam
224 883 286 918 esse
301 865 482 934 conscriptas.
517 865 576 918 Nec
597 865 717 918 firmiora
736 883 798 919 esse
818 883 889 937 quaa
913 865 967 918 alia
983 866 1076 918 attulit
1097 866 1167 919 idam
1183 864 1266 917 Dshl-

130 967 247 1003 mannus
272 957 447 1018 argumenta,
473 949 596 1018 Heyaius
613 951 734 1004 ostendit
748 951 860 1021 copiosa
881 957 908 1003 et
930 959 1057 1003 accurata
1079 949 1266 1022 disputatione

130 1053 194 1106 pag.
212 1039 332 1102 30-49,
348 1051 429 1105 quam
444 1033 487 1086 hic
500 1041 626 1105 repetere
642 1053 696 1088 non
712 1044 800 1088 vacat.
833 1035 888 1088 Ubi
907 1036 1002 1089 marito
1023 1036 1067 1088 vis·
1092 1035 1189 1088 doctus
1209 1035 1266 1087 Lu-

131 1121 203 1172 cisni
225 1120 349 1190 suscepit
366 1119 546 1190 patrocinium
561 1138 588 1188 p.
604 1123 647 1188 38,
665 1137 744 1190 quem
759 1121 874 1174 eundem
894 1120 1054 1190 scriptorem
1068 1121 1118 1172 hac
1138 1121 1165 1172 io
1184 1135 1268 1172 causa

131 1205 257 1258 studiose
281 1211 376 1258 tuetur
391 1205 473 1258 Iacob
494 1204 522 1256 in
545 1204 616 1258 libro
632 1205 791 1275 descriptis
807 1213 835 1258 et
855 1205 947 1258 indole
963 1205 1079 1258 hodani
1095 1223 1122 1274 p.
1141 1207 1190 1259 134
1206 1221 1265 1274 seq.

131 1289 235 1342 coll.C.
246 1289 458 1342 massmanno
475 1289 646 1344 adLucian.:
663 1289 818 1353 Quomodo
836 1291 933 1343 histor.
941 1307 995 1342 scr.
1005 1309 1033 1360 p.
1042 1295 1091 1343 257
1108 1296 1136 1342 et
1152 1288 1265 1359 potissi-

130 1391 200 1427 mum
208 1373 334 1442 linigero
353 1375 380 1426 in
389 1374 497 1426 Annali.
513 1374 701 1427 Beroliuenss.
721 1376 797 1428 1828.
815 1393 857 1428 nr.
874 1377 907 1428 29
924 1383 951 1427 et
971 1373 999 1426 in
1018 1374 1086 1427 libro
1101 1374 1136 1427 de
1154 1375 1266 1441 Thucy·

131 1459 204 1511 didis
219 1457 281 1510 Vita
297 1476 359 1528 pag.
377 1463 500 1527 12—21‚
522 1459 570 1529 qui
590 1459 668 1512 etiam
690 1459 795 1531 reliqua
812 1459 973 1511 Dahlmsnni
992 1459 1076 1528 fregit
1096 1466 1265 1528 argumenta.

131 1544 207 1608 Quin
221 1541 249 1594 in
266 1543 335 1612 ipsis
349 1543 484 1599 Herodoti
502 1544 596 1596 verbis
613 1544 664 1612 lll,
684 1546 718 1598 80
741 1551 769 1596 et
788 1544 835 1614 Vl,
857 1546 891 1598 43
912 1543 1022 1612 Kriger
1036 1543 1053 1598 l.
1075 1543 1093 1597 l.
1116 1563 1144 1614 p.
1165 1545 1199 1598 23
1220 1561 1267 1596 ve-

132 1629 242 1697 stigium
258 1628 386 1696 cognosci
401 1647 484 1698 posse
497 1635 585 1698 putat,
601 1647 633 1682 ex
649 1646 703 1698 quo
715 1629 885 1682 Herodotum
899 1635 963 1681 ante
978 1644 1048 1700 opus
1065 1629 1170 1681 finitum
1184 1633 1267 1696 atqua

132 1714 260 1766 emissum
273 1712 396 1782 singulas
419 1714 549 1784 quasdam
565 1714 737 1768 historiarum
759 1721 852 1784 partes
867 1713 976 1784 publice
990 1713 1161 1783 praelegisse
1175 1711 1266 1782 suspi-

131 1799 213 1852 ceris.
245 1797 328 1860 Quod
344 1799 384 1850 uti
400 1799 460 1850 heri
474 1799 600 1868 potuisse
617 1799 723 1851 minime
739 1816 819 1868 nego,
836 1817 869 1852 ex
885 1799 927 1852 his
943 1805 1032 1851 ιιιιιιιιι
1046 1798 1113 1852 locis
1128 1798 1174 1852 rix
1192 1805 1266 1850 certo

131 1883 224 1951 colligi
239 1900 323 1954 posse
337 1883 471 1935 existimo.

214 1967 283 2020 Post
299 1967 513 2037 Dahlmannum,
541 1969 570 2021 in
592 1968 672 2020 cuius
695 1973 789 2039 partes
810 1967 904 2038 plures
928 1968 981 2020 viri
999 1968 1072 2020 docti
1080 1964 1110 2036 *)
1132 1967 1266 2020 discesse-

131 2059 208 2122 runt,
227 2052 297 2105 idem
311 2061 498 2121 argumentum
515 2053 605 2106 denuo
620 2061 785 2123 persecutus
801 2059 844 2106 est
858 2051 1003 2120 Mure**),
1019 2070 1134 2123 prorsus
1150 2051 1219 2104 falsa
1235 2068 1267 2102 ac

130 2139 195 2190 licta
213 2155 275 2190 esse
290 2138 474 2207 pronuntians
489 2155 535 2206 aa,
554 2155 624 2207 quae
647 2138 680 2190 de
694 2137 829 2190 Herodoti
843 2137 1004 2190 recitatione
1018 2139 1163 2190 tradantur
1175 2137 1267 2204 Olym-

130 2221 193 2293 piae
205 2223 290 2275 l'acta:
305 2222 430 2292 idemque
444 2222 523 2275 etiam
537 2240 627 2292 nuper
640 2223 757 2292 probare
769 2222 876 2275 studuit
883 2221 1100 2290 schoelliusm)
1112 2229 1208 2275 contra
1218 2239 1266 2274 eos
1318 2257 1322 2264 ·

130 2307 302 2376 potissimum
318 2306 480 2376 disputans,
496 2307 554 2379 qui,
570 2307 611 2360 uti
625 2307 748 2376 Heysius
764 2314 847 2378 atque
860 2307 971 2376 Krirger
985 2307 1056 2361 illam
1071 2306 1187 2361 Luciani
1203 2323 1266 2358 nar·

131 2391 265 2444 rationem
282 2391 355 2444 tueri
380 2391 471 2442 conati
497 2399 576 2458 sunt,
603 2393 653 2444 sed
668 2393 776 2445 cautius
797 2393 826 2444 in
842 2391 1039 2462 disputationis
1054 2392 1198 2444 institutae
1212 2391 1267 2443 hae

131 2476 161 2528 id
177 2493 306 2542 monens,
335 2477 449 2546 putuisse
463 2479 552 2546 aliptae
568 2479 644 2547 ficri,
671 2477 862 2548 utaliquando
879 2477 1038 2530 Herodotus
1053 2477 1185 2530 historiae
1200 2491 1266 2528 auae

131 2568 237 2630 partem
261 2559 396 2630 quandam
411 2559 553 2631 Olympiae
580 2562 717 2615 recitarit:
742 2563 791 2615 sed
806 2561 938 2614 iudanon
962 2562 1059 2632 sequi,
1083 2567 1113 2614 ut
1126 2578 1225 2614 revera
1238 2559 1267 2613 id

131 2645 233 2698 fecisse
248 2645 389 2715 putandus
404 2645 450 2713 sit,
467 2663 556 2717 neque
571 2646 686 2700 Luciani
701 2647 780 2700 fidem
795 2647 925 2700 sulficere
942 2665 1034 2716 posse,
1052 2653 1084 2700 ut
1097 2645 1267 2699 Herodotum

131 2731 265 2784 recitasse
287 2730 436 2784 credamus.
466 2731 553 2795 Quem
567 2731 606 2784 ita
620 2732 713 2802 potius
727 2733 820 2801 egisse
834 2739 914 2802 putat
925 2731 1027 2784 Nissen
1035 2732 1077 2801 †),
1094 2737 1124 2784 ut
1138 2749 1171 2783 ex
1185 2730 1266 2783 itine-

129 2815 211 2868 ribus
225 2831 356 2869 reversus
370 2833 421 2887 per
441 2817 582 2870 Graeciam
598 2817 801 2888 peregrinando
818 2815 902 2869 variis
924 2816 1005 2888 locis,
1026 2817 1054 2869 in
1075 2815 1176 2886 quihus
1196 2833 1266 2868 com·

128 2908 252 2954 moratus
268 2907 320 2967 est,
338 2901 454 2956 Graecis
469 2901 541 2954 circa
561 2903 651 2972 ipsum
671 2901 876 2955 confluentibus
895 2902 959 2954 riva
974 2919 1041 2955 voca
1062 2917 1133 2972 quae
1151 2901 1267 2954 vidisset

127 2986 256 3056 adeoque
272 2986 352 3038 etiam
366 2986 454 3040 literis
473 2987 525 3040 iam
540 2987 748 3057 consignasset,
767 2987 940 3058 exposuerit,
961 2985 1150 3057 sophistarum
1164 2987 1224 3040 iere
1237 2985 1266 3038 in

126 3071 237 3124 modum
251 3065 394 3136 ἐπιδείξεις
413 3059 620 3126 celebrantiuma
644 3072 718 3126 unde
737 3073 832 3125 famam
854 3072 888 3124 de
905 3072 1039 3125 Herodoti
1059 3071 1266 3126 recitationibus

128 3162 218 3210 ortam
232 3172 294 3208 esse
308 3153 379 3208 idem
393 3156 537 3209 existimat.
568 3157 622 3208 Alii
636 3157 688 3210 viri
703 3157 775 3209 docti
785 3159 836 3226 ††)
850 3157 877 3210 in
895 3175 928 3210 ea
942 3157 1141 3228 acquieverunt
1154 3162 1266 3209 senteu-

126 3241 180 3306 tia,
198 3245 230 3291 ut
244 3239 278 3291 de
294 3239 465 3292 recitationis
482 3240 623 3309 Olympiae
638 3241 744 3294 habitae
762 3242 815 3294 lide
834 3243 880 3294 vix
899 3241 1019 3294 dubitari
1033 3259 1116 3311 posse
1130 3241 1267 3293 existima·

127 3331 209 3378 rents
234 3322 312 3376 modo
329 3323 356 3374 id
372 3341 425 3375 non
442 3323 476 3376 da
493 3331 550 3375 toto
566 3325 699 3378 Herodoti
716 3343 812 3396 opere,
831 3326 880 3378 sed
898 3325 932 3378 de
946 3333 1025 3396 parte
1039 3326 1154 3395 quadam
1166 3323 1267 3378 intelli·

127 3426 199 3480 gas:
225 3407 393 3479 eandemque
419 3407 580 3460 sententiam
605 3407 731 3478 pluribus
757 3409 847 3462 denuo
873 3411 1052 3463 corroborare
1072 3409 1180 3462 studuit
1194 3407 1266 3461 Lah-

127 3491 314 3561 meyer†††),
330 3490 398 3544 nihil
415 3509 482 3545 sane
498 3511 561 3546 esse
576 3499 804 3561 commonstrans,
821 3511 871 3547 cur
887 3493 921 3546 de
936 3493 1129 3548 recitatitionis
1144 3491 1266 3562 Olympi·

125 3597 181 3635 cae
198 3578 313 3631 veritato
327 3577 505 3631 dubitandum
519 3577 569 3644 sit;
589 3578 655 3631 haec
676 3595 741 3632 raro
756 3578 881 3631 recitatio
903 3583 934 3632 ιιι
947 3595 1045 3632 revera
1067 3577 1127 3631 lieri
1141 3578 1267 3647 potuisse
1353 3589 1355 3596 ’

125 3663 255 3739 putanda
269 3667 321 3730 est,
344 3662 383 3715 ita
402 3662 444 3716 val
463 3661 575 3716 maxime
600 3679 721 3733 congrua
740 3662 881 3716 invenitur
903 3663 1025 3716 moribus
1047 3663 1215 3716 Graecorum
1236 3663 1265 3716 ia

129 3811 338 3828 μ-

201 3897 227 3965 ’)
246 3899 279 3949 V.
298 3915 322 3949 c.
345 3895 432 3964 J'ager
454 3895 472 3948 l.
491 3912 574 3963 supra.
597 3895 615 3950 l.
633 3913 697 3964 pag.
715 3895 810 3954 8-19.
834 3897 877 3949 vir
903 3895 999 3948 doctus
1021 3897 1050 3946 in
1072 3894 1264 3962 Ephameridd.

123 3969 263 4022 Jeneuss.
283 3963 355 4016 1828.
374 3981 414 4016 nr.
434 3963 490 4016 187.
509 3981 535 4031 p.
553 3965 584 4014 51
604 3981 688 4031 seqq,
707 3965 752 4016 Fr.
771 3967 862 4016 Ritter
879 3965 946 4016 ibid.
967 3963 1039 4015 1842.
1058 3980 1085 4030 p.
1104 3963 1163 4016 347.

200 4032 447 4152 ἓιιιιιιιι·
465 4033 512 4151 ι·
530 4050 556 4098 ..
573 4033 718 4151 ιιι-ιιι·
736 4031 794 4084 ⁵³⁹·

202 4167 234 4233 †)
247 4099 412 4220 lZslilachriit
429 4117 472 4219 Hir
489 4117 814 4219 diiambumawiaaausch.
834 4167 907 4220 1839.
925 4184 966 4222 nr.
984 4167 1028 4218 tt.
1045 4183 1108 4234 pag.
1132 4167 1186 4218 lili.

202 4233 254 4300 ††)
272 4237 500 4288 Vidfliillmanu:
512 4235 620 4287 Griech.
633 4236 848 4302 Deulswiirdiglr.
859 4254 884 4302 p.
897 4234 945 4286 168
957 4253 1042 4302 seqq,
1063 4237 1263 4288 Weatermanu.

126 4307 169 4360 ad
190 4305 222 4355 G.
242 4304 268 4354 J.
287 4305 365 4356 Voss.
384 4305 418 4355 da
435 4305 529 4355 histor.
550 4305 665 4355 Graeco.
682 4321 709 4370 p.
728 4303 769 4365 31,
789 4303 919 4355 Roscher:
932 4304 997 4354 Klio
1015 4321 1042 4370 p.
1055 4301 1088 4354 92
1106 4319 1182 4369 seqq.
1202 4303 1261 4368 117,

126 4375 194 4433 alii,
214 4387 280 4436 quos
298 4373 430 4423 excitavit
447 4372 601 4436 Lahmeyer
618 4371 636 4422 l.
654 4371 672 4422 1.
690 4389 717 4438 p.
735 4371 762 4425 9.

203 4438 274 4505 ιιι)
293 4437 312 4488 ¹·
330 4440 348 4490 1·
365 4455 429 4506 aaa·
451 4439 481 4490 ¹⁰
498 4455 574 4506 seua·
