3066 4964
249 442 310 506 388

684 437 949 500 HERODO'I'I

247 610 377 702 γάρτοι
395 615 453 700 τῆς
471 607 572 700 αὐτῆς
595 615 656 700 γῆς
682 610 768 682 εἶναι
791 609 920 701 καρπόν
936 639 972 682 τε
989 609 1192 702 θωυμαστόν
1209 609 1311 701 φύειν
1327 613 1384 682 καὶ

246 711 371 804 ἄνδρας
388 709 537 803 ripaticis
554 710 595 782 τὰ
612 715 758 804 πολέμια.
788 710 872 782 ὥστε
890 711 1090 802 συγγνόντες
1108 717 1237 804 Πέρσαι
1254 725 1384 804 οἴχοντο

246 812 465 904 ἀποστάντες,
503 818 707 896 ἑσσωθέντες
735 819 777 905 τῇ
798 812 915 905 γνώμῃ
938 813 1020 906 spis
1042 813 1176 906 Κύρου,
1211 813 1326 907 ἄρχειν
1346 843 1384 886 τε

245 1031 325 1068 τουτο
338 1015 516 1082 pluribusque
529 1016 689 1082 exposuisse
703 1015 786 1077 addit,

246 1099 417 1149 quamquem,
432 1085 523 1134 iudice
536 1083 686 1144 Larohero,
699 1083 788 1133 minus

244 1153 367 1217 respexit
390 1152 424 1201 sd
446 1151 622 1200 Christianae
645 1149 788 1216 religionis

244 1221 298 1270 vim
312 1225 394 1286 atque
407 1221 599 1270 auctoritatem
612 1219 737 1268 omnibus
749 1218 788 1268 lo·

245 1289 284 1338 cis
304 1303 336 1337 eo
354 1287 523 1354 temporibus
540 1289 582 1336 ita
600 1286 788 1337 accommoda-

244 1361 301 1420 tae,
310 1357 395 1406 utrix
406 1371 448 1418 ea,
460 1371 529 1419 quee
539 1354 603 1404 olim
613 1355 706 1418 inerit,
717 1369 788 1404 nune

244 1439 349 1488 quoque
362 1423 519 1474 invenietur
531 1424 604 1474 aiiris
619 1429 703 1488 atque
716 1422 787 1473 coeli

243 1507 293 1540 vra.

277 1552 459 1623 reinciderat]
480 1557 539 1608 Vid.
557 1563 625 1608 nott.
645 1558 680 1607 ad
692 1557 747 1620 111,
761 1559 784 1606 4.

243 1626 363 1676 Verbum
376 1619 544 1691 συγγνόντες
556 1625 644 1676 valet:
664 1643 717 1676 cum
730 1627 787 1689 tve-

243 1709 301 1743 ram
319 1694 377 1744 scil.
392 1694 456 1758 Cyri
473 1695 640 1744 sententiam
654 1691 733 1811 ossea
746 1695 784 1742 irr-

242 1764 409 1812 tettexirserrt.
449 1761 511 1812 Vid.
535 1766 604 1812 nott.
635 1761 669 1811 ad
694 1763 707 1811 1
738 1797 745 1824 ,
770 1760 786 1812 3

243 1835 271 1878 et
287 1829 329 1880 43.

275 1885 376 1962 ἄρχειν
388 1911 417 1947 τε
431 1894 541 1948 εἴλοντο
554 1888 665 1962 λυπρὴν
677 1889 785 1946 οἰκέον-

241 1979 288 2023 τες
301 1991 331 1998 -
346 1959 503 2030 δουλεύειν]
522 1965 541 2014 i.
555 1980 579 2014 e.
593 1967 720 2028 imperare
732 1981 783 2014 mu·

241 2037 445 2082 tucruuttermem
454 2035 591 2083 incolentes
600 2039 784 2098 terreremus

240 2108 405 2166 campestrem
418 2102 579 2166 fertilemque
599 2103 710 2151 colentes
727 2102 785 2150 alitis

240 2173 345 2220 seruire.
368 2169 469 2218 Vocem
480 2161 591 2234 λυπρὴν
603 2167 636 2217 de
650 2167 708 2218 solo
721 2183 783 2234 gra·

241 2236 289 2286 cili
302 2251 335 2286 ae
347 2237 422 2286 tenui
432 2237 533 2286 Noster
542 2235 676 2297 adhibuit,
690 2245 720 2285 ut
730 2235 784 2285 Ho-

240 2319 305 2354 mer.
329 2304 380 2354 od.
398 2305 476 2364 XIlI,
500 2303 550 2355 343
572 2305 605 2354 de
626 2304 732 2354 Ithaca.
751 2330 783 2339 —-

240 2371 306 2422 Post
321 2371 392 2422 haee
412 2372 495 2422 verba
513 2373 542 2421 in
560 2371 635 2422 nullo
653 2376 783 2438 quantum

239 2442 297 2490 seio
310 2440 443 2490 Herodoti
460 2440 555 2490 codiee
568 2439 714 2506 quidquam
727 2455 782 2490 am·

239 2507 310 2573 plius
322 2508 425 2572 legitur
443 2509 556 2574 ipseque
573 2509 636 2557 linis
653 2507 781 2558 historia·

239 2591 297 2624 rum
309 2576 337 2624 in
350 2577 511 2641 quibusdam
525 2575 666 2626 codicibus
679 2576 781 2625 diserte

238 2643 390 2693 indicatur:
420 2649 491 2693 testo
522 2643 784 2707 Schweighaeusero

240 2711 353 2772 „scriba
373 2711 454 2760 Arch.
481 2707 511 2776 [i.
530 2727 555 2760 e.
573 2708 724 2826 Senerottss
749 2710 782 2760 li-

238 2777 315 2826 brum
328 2779 369 2827 ita
381 2778 497 2828 claudit:
507 2769 672 2841 Ἡροδότοιο
685 2776 702 2843 β
717 2776 783 2843 dtur

238 2845 363 2896 κλεινοῖο
380 2840 469 2907 πέρας
487 2838 574 2909 λάβεν
585 2833 641 2895 alde
659 2844 724 2910 [quo
736 2845 782 2895 he·

238 2919 361 2962 xametro
379 2913 521 2962 torminosi
540 2913 638 2962 librum
655 2913 727 2962 hunc
741 2919 781 2962 te·

237 2985 327 3030 statur
336 2995 441 3046 qnoque
453 2977 644 3044 Geisfordiusl.
658 2980 780 3032 lnCodd.

237 3047 315 3097 Pass.
342 3063 407 3098 vero
441 3053 468 3097 et
493 3048 565 3098 Med.
596 3047 781 3098 subiiciuutur

238 3115 320 3165 haee:
341 3109 378 3165 'H
380 3113 565 3166 ΡΟΔΟΤΟΤ
576 3106 782 3168 ἸΣΤΟΡΙΩΝ

238 3177 271 3233 Θ’
287 3182 455 3234 ΧΧΗΗΠΙ.
472 3184 499 3233 id
518 3189 572 3234 est:
598 3185 728 3235 Herodoti
742 3186 779 3234 m·-

236 3257 372 3302 atoriurnm
392 3252 457 3302 tiber
473 3267 565 3316 munera,
590 3252 628 3302 bia
649 3256 713 3303 mitte
736 3255 780 3302 du·

236 3324 317 3370 centis
339 3328 364 3371 et
385 3335 434 3371 rere
449 3321 562 3371 uersibus
577 3322 778 3386 comprehensus.

237 3389 270 3438 ln
286 3389 318 3441 F.
337 3388 508 3449 [Florentino
525 3387 605 3454 libro]
630 3388 706 3438 nulla
724 3389 780 3438 alie

236 3458 290 3507 nisi
303 3457 373 3508 haee
386 3473 402 3506 a
415 3457 504 3522 prime
518 3472 600 3506 menn
613 3457 779 3524 subscriptio

237 3531 292 3576 est:
301 3517 457 3590 Ἡροδότου
466 3518 596 3588 ἱστοριῶν
604 3515 699 3590 ένοῖτη.
710 3523 780 3574 an-

236 3597 335 3655 ternm,
354 3593 425 3658 quod
437 3593 586 3658 Dionysius
599 3592 778 3642 Halicarnas-

235 3662 332 3718 seusis‚
340 3661 387 3710 nbi
396 3660 430 3710 de
440 3661 574 3711 Herodoti
586 3660 708 3710 historiis
718 3676 778 3710 ver·

236 3729 274 3778 bu
291 3729 371 3791 iacit,
397 3730 448 3790 ait,
472 3721 504 3778 τὸ
521 3721 577 3793 γὰρ
594 3717 663 3777 orriri
680 3725 775 3792 ττροοί·

236 3786 405 3860 peteteret
418 3785 491 3862 ἁρχὴ
505 3793 554 3846 κοιλ
566 3789 644 3853 τέλος
658 3786 715 3845 ἐστὶ
728 3794 779 3862 τῆς

237 3856 361 3925 [eruetur
374 3861 413 3924 (in
425 3863 543 3928 Epistol.
559 3863 594 3913 sd
606 3864 728 3929 Pompei.
742 3865 776 3913 de

235 3930 357 3994 praeeip.
371 3929 510 3981 historicis
523 3948 547 3981 e.
558 3931 583 3982 3.
593 3932 624 3981 Τ.
635 3933 681 3981 VI.
692 3947 718 3996 p.
727 3929 776 3980 767

237 3997 279 4046 ed.
291 3995 411 4060 Reislr.),
429 3997 493 4047 inde
511 3998 682 4064 collegerunt
702 3999 775 4048 docti

236 4062 360 4112 nonnulli
371 4065 437 4126 viri,
451 4065 625 4117 intercidisse
639 4069 666 4116 in
679 4067 775 4132 vulga-

235 4132 272 4180 tis
281 4130 414 4181 Herodoti
424 4133 625 4198 exemplaribus
635 4135 775 4200 Epiloqum,

236 4213 288 4262 quo
311 4197 432 4250 historiis
455 4202 511 4251 suis
534 4203 688 4252 coronidem
710 4202 775 4252 olim

235 4265 408 4330 imposuisset
429 4273 533 4318 auctor.
567 4271 602 4317 tlt
622 4271 650 4319 in
669 4270 775 4320 cunctis

235 4334 326 4382 mestis
339 4335 487 4396 codicibus,
501 4349 612 4400 quorum
626 4336 660 4386 ad
670 4353 719 4386 uos
729 4353 775 4386 no·

235 4401 298 4450 titia
309 4403 444 4465 pervenit,
458 4408 520 4468 post
531 4403 586 4453 ists
597 4404 684 4454 verba
695 4397 715 4470 ἢ
726 4418 775 4454 τε·

841 1006 931 1064 deridet
954 1013 1117 1079 σπείροντες
1138 1005 1249 1066 ἄλλοισι
1268 1006 1381 1066 δουλεύ-

841 1097 898 1146 ειν,
921 1083 990 1132 nihil
1007 1083 1137 1148 amplius,
1156 1083 1226 1148 quod
1244 1084 1278 1133 ab
1296 1083 1383 1132 Hero-

840 1151 898 1201 doti
907 1166 988 1201 manu
997 1151 1150 1216 profectum
1160 1153 1205 1213 sit,
1218 1151 1383 1216 reperitur.“

838 1220 918 1270 Haec
928 1218 1181 1284 Schweighaeuseri
1193 1219 1279 1269 rerba
1291 1218 1382 1280 retuli,

840 1286 938 1352 quibus
948 1301 1014 1336 sane
1024 1285 1197 1352 intelligitur,
1207 1287 1309 1336 nullam
1321 1302 1383 1336 esse

841 1369 966 1416 censam,
981 1369 1028 1403 cur
1040 1353 1178 1419 epilogum
1192 1351 1326 1420 quendam
1339 1355 1381 1403 in-

837 1423 947 1472 teriisse
981 1422 1182 1486 existimemus,
1220 1423 1382 1487 praesertim

839 1505 909 1551 cum,
923 1489 1089 1540 Soboelliurn
1099 1490 1123 1539 si
1133 1491 1279 1554 sequimur,
1292 1489 1382 1539 Hero-

838 1558 895 1607 doti
909 1558 1031 1607 narratio
1046 1573 1090 1618 eo,
1109 1556 1180 1607 unde
1199 1571 1296 1607 exorsu
1310 1561 1380 1616 erat,

837 1625 883 1676 hie
902 1627 981 1690 quasi
997 1625 1087 1676 redire
1105 1625 1243 1685 rideatur,
1264 1625 1381 1674 consilio

838 1695 921 1742 totins
933 1693 1022 1758 operis
1036 1693 1158 1758 expleto:
1183 1709 1263 1758 quem
1283 1694 1310 1742 in
1324 1707 1382 1742 rem

837 1759 946 1825 longior
971 1761 1004 1810 ud
1028 1761 1055 1814 h.
1079 1761 1096 1810 l.
1122 1767 1214 1810 exstat
1237 1762 1381 1810 annotatio

836 1828 974 1892 Soboellii,
982 1829 1124 1879 vernaculi
1132 1830 1299 1894 interpretis.
1311 1828 1382 1877 Mihi

836 1901 928 1946 tamen
940 1896 1117 1947 verisimilius
1129 1896 1244 1954 videtur,
1257 1895 1381 1946 Herodo-

835 1969 906 2025 tum,
926 1979 1004 2029 quem
1016 1965 1127 2014 Thuriis
1143 1963 1172 2014 in
1189 1979 1271 2029 opere
1286 1963 1380 2013 elabo-

835 2033 934 2092 rando,
955 2032 1135 2098 perficiendo,
1157 2031 1318 2097 expoliendo
1334 2047 1380 2081 us-

836 2115 887 2165 que
907 2099 941 2150 ad
959 2105 1108 2149 extremum
1121 2099 1195 2150 vitae
1212 2100 1284 2150 diem
1297 2115 1379 2149 ocen-

835 2172 928 2234 patum
944 2168 1082 2230 videmus,
1101 2169 1162 2233 ipsu
1179 2172 1265 2218 morte
1283 2183 1377 2234 super·

836 2237 964 2286 veniente
974 2236 1133 2301 impeditum
1143 2249 1212 2297 esse,
1226 2251 1279 2301 quo
1289 2235 1379 2285 miuus

812 2333 814 2336 -
834 2304 1026 2369 huncquoque
1039 2305 1130 2368 operis
1147 2307 1252 2368 partem
1267 2318 1378 2369 prorsus

835 2371 998 2422 absolveret.
1018 2371 1098 2421 Hanc
1111 2372 1197 2436 igitur
1210 2379 1315 2436 purtem
1327 2372 1377 2420 im-

833 2441 987 2505 perfectam
1006 2455 1023 2489 a
1040 2455 1107 2489 aene
1125 2439 1284 2489 moribundo
1299 2439 1376 2488 dere·

833 2507 929 2557 lictum
953 2523 1014 2557 esse
1043 2507 1155 2556 credere
1180 2507 1284 2566 malim,
1315 2521 1377 2556 cum

834 2591 903 2640 quae
917 2580 1037 2625 extremo
1050 2575 1101 2624 hoe
1115 2575 1206 2640 eapite
1222 2574 1268 2623 122
1282 2574 1377 2639 legun-

836 2648 891 2706 tur,
917 2643 963 2692 vir
981 2644 1081 2692 iustam
1104 2658 1137 2692 uc
1158 2643 1269 2708 dignam
1286 2641 1378 2707 operis

835 2709 986 2761 clausulam
1006 2711 1175 2760 constituant
1192 2725 1244 2760 nee
1260 2709 1378 2774 amplius

835 2779 899 2842 quid
917 2779 951 2828 ab
969 2779 1103 2828 Herodoti
1124 2793 1207 2828 mauu
1224 2778 1377 2843 proiectum

834 2861 894 2896 esse
913 2846 1044 2896 credibile
1062 2848 1113 2896 sit:
1135 2847 1216 2896 immo
1239 2845 1305 2895 mibi
1328 2845 1378 2895 du·

833 2913 895 2962 dum
912 2914 1008 2964 oborta
1030 2921 1072 2964 est
1088 2915 1224 2979 suspicio,
1248 2929 1282 2963 oa
1304 2914 1376 2978 ipsa,

833 2997 903 3046 quae
917 2998 977 3046 cap.
992 2981 1040 3030 122
1053 2986 1174 3043 exstant,
1193 2981 1238 3033 vel
1252 2997 1268 3030 a
1281 2981 1378 3030 Gram-

831 3051 932 3098 matico
955 3050 1071 3114 quodem
1088 3050 1253 3100 Herodoteis
1276 3050 1377 3098 adsuta

830 3116 874 3166 rel
896 3117 930 3166 ab
951 3118 1012 3182 ipso
1032 3119 1172 3168 Herodoto
1193 3117 1291 3167 relicta
1314 3132 1378 3167 esse

831 3184 994 3250 imperfecta
1014 3191 1101 3236 morte
1119 3185 1230 3236 scilicet
1245 3200 1377 3252 oppresso

832 3258 913 3318 utque
927 3253 1070 3318 impedito,
1085 3268 1137 3318 quo
1150 3255 1238 3303 minus
1249 3253 1375 3303 ultimam

829 3320 907 3371 hisce
926 3321 1084 3371 adruoreret
1102 3337 1219 3371 manum.
1251 3321 1376 3372 Commo·

830 3395 878 3439 vet
901 3405 943 3439 me
968 3389 1056 3454 ipsum
1081 3393 1284 3455 argumentum,
1311 3391 1375 3454 ipsa

830 3459 933 3518 oratio,
953 3471 1023 3522 quae
1041 3457 1136 3507 nescio
1154 3457 1218 3522 quid
1235 3457 1374 3507 hebetiu-

830 3525 961 3575 solentius
971 3540 1004 3575 ac
1019 3525 1119 3586 durius,
1130 3525 1258 3576 videntur
1266 3531 1379 3575 seuten-

830 3594 887 3642 tiae
905 3594 1079 3658 grammatici
1096 3592 1184 3643 seduli
1202 3594 1285 3658 operti
1303 3593 1373 3643 alio·

830 3675 887 3710 rum
900 3661 1004 3725 scripta
1018 3661 1193 3726 compilantls
1205 3662 1295 3726 potins
1309 3677 1374 3711 con-

830 3733 926 3793 gestae
950 3743 1030 3793 quam
1053 3745 1086 3778 ex
1103 3729 1237 3778 Herodoti
1259 3730 1373 3794 ingenio

829 3797 981 3862 protectae.
1015 3797 1073 3846 Nee
1095 3813 1161 3847 sane
1185 3797 1287 3847 liberas
1311 3812 1373 3846 esse

828 3863 962 3914 Herodoti
971 3865 1063 3914 Muses
1077 3865 1111 3913 ab
1121 3865 1275 3915 huiusmodi
1287 3866 1372 3914 inter-

828 3931 1012 3996 polationibus
1040 3933 1099 3982 sivo
1124 3931 1372 3983 Grammaticorum

829 3999 1034 4064 additamentis,
1049 4015 1082 4050 ea
1092 4001 1236 4051 ostendere
1246 4007 1372 4066 possunt,

828 4081 897 4130 quae
911 4068 965 4117 iem
977 4083 1060 4132 supra
1073 4069 1108 4118 ud
1120 4069 1166 4129 Vl,
1180 4068 1235 4117 122.
1249 4069 1308 4130 VII,
1323 4067 1373 4117 162

828 4133 889 4183 coll.
902 4135 942 4196 ll,
955 4134 1011 4185 llll.
1025 4135 1071 4184 117
1090 4137 1221 4186 aduoluta
1233 4135 1372 4201 leguntur.

827 4203 904 4262 Quae
918 4203 1016 4252 menda
1029 4218 1089 4253 cnm
1101 4203 1187 4254 libros
1196 4205 1312 4270 scriptos
1322 4219 1371 4254 no·

826 4269 870 4319 bis
893 4275 1018 4320 servatos
1048 4273 1212 4338 antiquitate
1238 4287 1373 4338 praever-

826 4335 954 4398 tant,hoe
965 4353 1070 4404 quoque
1080 4339 1141 4390 loeo
1152 4343 1220 4390 certi
1232 4342 1295 4405 qnid
1306 4357 1372 4392 con-

826 4403 939 4455 stituere
958 4405 1040 4456 ralde
1062 4407 1196 4458 lubricum
1220 4415 1263 4458 est
1284 4415 1370 4474 atque
1406 4445 1408 4450 ,
