3066 4964
229 447 292 508 336

663 439 927 500 ΗΕΙΙΟΒΟἸἸ

230 609 321 682 dl
284 641 325 682 τα
321 609 513 742 χρήματα,
538 613 592 680 aod
618 609 759 698 δεκάτην
783 608 947 694 ἐξελόντες
970 615 1018 704 τῷ
1036 614 1071 682 ἕν
1089 621 1254 700 Δελφοῖσι
1277 617 1422 705 &spinae

228 710 287 783 ἄττ’
311 703 350 801 ἧς
372 708 390 782 5
413 719 549 803 τρίπους
573 707 590 781 5
615 709 752 801 χρό’σεος
776 708 935 801 ἀνετέθη,
962 707 980 782 5
1006 715 1059 782 ἐπὶ
1082 717 1143 782 τοι]
1165 712 1368 804 τρικαρήνου

227 895 287 930 nero
298 879 429 942 cessaret.
447 875 519 926 Rudi
532 875 772 942 simplicitateHe-

227 947 354 1006 lotarum,
368 961 463 995 aarum
477 950 559 1008 atque
573 959 620 993 aee
630 945 676 993 vix
688 945 771 993 inter-

228 1015 416 1075 nascentium,
437 1013 514 1062 abusi
527 1012 679 1077 Aeginetae
697 1012 768 1062 sunt.

229 1082 301 1143 Quid
321 1082 394 1131 victo
418 1080 452 1129 ad
471 1079 652 1129 Gransoninm
670 1079 770 1128 Carolo

228 1150 353 1208 Audace‚
379 1147 556 1214 Burgundios
581 1146 663 1207 duce,
694 1147 769 1196 vaeie

229 1218 288 1266 eins
306 1216 459 1282 argenteis,
484 1219 610 1264 stannum
633 1183 769 1272 albitrati,

228 1285 360 1340 fecerint,
397 1297 502 1348 quoqne
532 1281 610 1331 modo
639 1297 770 1360 gemmas,

228 1351 311 1402 multo
327 1351 483 1400 rarissimae
502 1353 529 1398 et
541 1349 645 1413 pretIi'
638 1364 685 1397 rne
668 1350 770 1413 entis,

228 1426 357 1484 tanquam
367 1417 503 1466 viIIesirna
513 1422 606 1466 scruta
617 1416 771 1465 abiecerint

228 1486 366 1547 Helvetii,
391 1485 485 1534 durum
510 1485 544 1533 ab
567 1485 652 1550 stirpe
675 1498 769 1547 genus,

229 1553 434 1618 elegantissime
444 1553 494 1601 Ph.
502 1552 649 1601 Cominens
659 1552 771 1600 Memor.

228 1621 289 1670 ΙΙΙ).
308 1621 344 1682 V,
364 1619 552 1684 'lexposnitf‘
581 1621 770 1682 chscliap.

228 1689 280 1736 Hirr
298 1658 410 1749 addam,
431 1703 500 1751 quae
518 1687 551 1735 de
570 1686 666 1736 eadem
684 1701 713 1734 re
732 1688 770 1735 in-

228 1753 347 1804 dicate.
361 1753 394 1803 Ο.
408 1753 537 1803 Mueller.
550 1755 691 1818 heginctt
705 1769 769 1816 pag.

231 1821 289 1870 127:
322 1822 471 1882 „Novimus
495 1837 595 1870 morem
619 1821 769 1884 scriptoris,

228 1889 388 1954 populorum
399 1890 484 1937 statui
493 1888 644 1952 opibusque
654 1889 770 1936 vetustis

228 1971 328 2006 caueae
352 1956 464 2005 multum
488 1955 659 2004 recentiores
685 1955 769 2003 subii-

228 2024 328 2074 cientis
351 2037 490 2086 nequeg
462 2023 469 2070 i
473 2022 544 2070 citur
561 2023 713 2087 Aeginetae
736 2022 769 2071 ob

227 2091 308 2140 huius
325 2096 497 2140 mercaturae
516 2089 639 2138 fraudem
657 2105 768 2154 magno·

228 2175 292 2224 pere
306 2157 518 2238 obiurgabimae.
547 2157 715 2222 Perspicitur
729 2162 770 2206 ta·

227 2241 289 2277 men
303 2243 336 2276 ex
349 2225 411 2276 istis
421 2225 574 2274 Herodoti
567 2225 653 2289 rpeius
666 2223 769 2285 verbis,

228 2295 338 2360 quantis
355 2299 409 2342 tum
427 2292 534 2342 divitiIe
551 2293 705 2372 Aeginetae
724 2293 770 2342 ilo·

226 2363 340 2412 ruerint.
372 2362 448 2422 Quae
467 2366 541 2410 certe
559 2361 662 2426 prima,
689 2355 770 2424 quam

227 2445 297 2495 qnae
315 2430 386 2479 libro
398 2429 433 2478 VI
450 2429 594 2478 tradantur
609 2433 691 2492 atque
705 2433 769 2477 ante

226 2499 378 2562 Aeginetae
395 2497 485 2562 patria
504 2496 630 2562 expulsos
649 2496 770 2545 conscri-

227 2573 276 2630 pta
300 2571 370 2614 eunt.
407 2565 461 2614 Sed
482 2563 657 2628 stipendiarii
678 2569 770 2612 tamen

227 2632 441 2681 Atheniensibus
459 2633 513 2680 inm
531 2635 586 2679 tum
600 2631 706 2682 erant.“
737 2630 768 2678 A.

227 2699 347 2762 SchoeH,
356 2699 519 2749 vernaculus
529 2699 664 2763 interpres
675 2698 702 2746 iu
713 2701 769 2746 not.

228 2767 263 2814 ad
279 2765 305 2814 h.
320 2765 338 2814 l.
369 2765 537 2814 Herodotum
555 2781 669 2828 magnas
687 2765 770 2828 Aegi-

227 2837 350 2881 netarum
364 2847 430 2896 opes
445 2847 477 2880 ex
486 2832 538 2882 hac
550 2848 578 2881 re
589 2837 767 2896 repetentem

227 2899 368 2948 contendit
385 2899 524 2947 inductum
537 2899 622 2948 fnisse
636 2899 671 2948 ab
684 2897 767 2948 Athe-

226 2966 367 3015 niensibus
376 2966 415 3015 Ae
437 2967 571 3014 inetarum
585 2966 711 3026 mimicis,
723 2967 769 3030 qui

226 3037 267 3082 Ita
289 3034 342 3098 ipsi
364 2981 515 3082 retulerint.
546 3033 588 3081 'l'u
610 3035 682 3082 conf.
700 3039 767 3083 nott.

227 3101 261 3150 ad
274 3101 323 3162 IX,
337 3099 378 3149 78.
403 3101 444 3149 De
458 3101 563 3149 florenti
573 3101 768 3164 Aeginetarum

226 3169 389 3218 commercio
406 3168 555 3232 opibusque
577 3167 640 3217 inde
659 3183 768 3234 compa·

225 3238 307 3298 ratis,
327 3237 360 3285 de
379 3235 476 3300 quibus
489 3236 544 3284 iam
562 3250 645 3301 supra
659 3237 686 3284 in
699 3241 766 3286 nott.

225 3305 316 3366 adIV,
331 3303 377 3354 152
391 3305 552 3366 monuimus,
567 3309 697 3354 accurate
711 3304 768 3369 egit

224 3373 328 3424 About:
339 3371 472 3422 Arehives
481 3371 529 3421 der
539 3372 612 3421 miae.
620 3371 767 3436 scientitiq.

224 3443 276 3492 III.
296 3457 359 3507 pag.
373 3438 431 3490 265.
449 3467 479 3474 -
496 3440 539 3489 De
557 3439 655 3490 vocula
672 3437 768 3506 δῆθεν

224 3511 278 3561 vid.
291 3515 360 3561 nott.
376 3509 411 3559 ad
422 3508 474 3571 IX,
488 3505 529 3558 66.

392 3679 459 3729 Car.
478 3677 602 3728 LXXXI.

260 3769 411 3846 ἐξελόντες]
426 3781 502 3829 Idem
514 3780 627 3830 verbnm
640 3779 765 3829 derebus

225 3845 276 3894 deo
289 3847 408 3910 cuipiam
426 3849 559 3912 exemptis
576 3853 604 3897 et
621 3861 765 3896 consecra·

224 3913 261 3961 trs
273 3911 319 3974 IV
336 3911 394 3974 tol,
408 3914 457 3962 ubr
470 3915 505 3963 ci
518 3920 586 3964 nott.
615 3915 657 3962 De
670 3915 766 3964 declara

225 3979 278 4028 diis
292 3949 454 4029 cdnsecratn
470 3981 525 4030 vid.
540 3997 609 4046 qnae
624 3982 765 4032 adnotavi·

224 4061 283 4095 mus
308 4047 342 4096 ad
366 4047 402 4104 V,
426 4047 468 4097 77.
492 4047 557 4110 VII,
583 4048 630 4099 132
655 4055 682 4098 et
703 4049 763 4098 add.

225 4113 409 4163 Schoemann:
430 4115 539 4164 Griech.
553 4115 713 4166 Alterthiim.
728 4117 765 4166 II.

224 4197 287 4246 pag.
305 4181 343 4230 14.
374 4181 443 4231 Sunt
459 4197 523 4230 vero
536 4183 669 4232 Herodoti
682 4183 767 4234 verba

225 4265 278 4299 non
291 4250 331 4299 ita
344 4247 540 4314 intelligenda,
554 4253 584 4298 ut
596 4265 677 4300 naam
690 4251 765 4301 deci·

225 4331 294 4366 mam
308 4333 322 4366 e
336 4317 439 4382 praeda
453 4315 570 4366 electam
589 4317 675 4366 trIbue
687 4318 764 4368 hisce

118 4443 123 4454 ὓ
225 4385 352 4449 operibus
375 4383 516 4446 tribusque
545 4383 597 4432 diis
623 4385 765 4434 suffecisse

821 881 960 941 putemus,
980 877 1204 941 quemadmodum
1222 877 1366 928 intellexa

821 948 866 992 rat
878 941 1048 1006 harcherius,
1067 945 1129 1006 sed,
1144 945 1215 1009 quod
1228 945 1298 994 bene
1311 961 1367 995 mo·

821 1011 1072 1060 nuitBroandeted.
1087 1011 1104 1060 l.
1117 982 1134 1062 Ι
1153 1014 1176 1062 Ι.
1194 1029 1220 1078 p.
1237 1011 1282 1061 101
1297 1020 1364 1072 aot

821 1078 957 1144 triplicem
975 1079 1111 1128 decimam
1129 1079 1230 1128 Gracci
1248 1049 1367 1144 elegiee5

821 1145 935 1210 putandi
959 1151 1035 1207 eunt,
1066 1147 1213 1210 unicnique
1239 1163 1253 1196 c
1277 1147 1367 1196 tribus

821 1213 875 1262 diis
893 1213 1041 1262 nominatis
1058 1227 1140 1262 unam
1157 1214 1292 1264 decimam
1309 1216 1365 1264 exi-

823 1285 940 1359 meptee.

855 1337 909 1396 ἅττ’
921 1335 955 1412 ἦς
972 1363 987 1398 o
979 1339 1150 1412 τρίπους
1136 1363 1151 1398 ο
1169 1340 1287 1411 χρύσεος
1299 1337 1369 1398 α’νε-

822 1408 905 1480 alda]
930 1416 1060 1466 Eiusdem
1077 1417 1217 1496 tripodis
1210 1431 1264 1466 ram
1283 1431 1388 1484 supra·

823 1483 897 1542 VIII,
911 1481 944 1530 82
956 1483 1055 1533 Noster
1067 1486 1231 1533 mentionem
1247 1483 1365 1546 iecerat,

823 1549 898 1598 ubi'
891 1565 919 1598 m
943 1556 1011 1599 nott.
1033 1552 1154 1601 indicavi
1178 1566 1225 1601 eos
1243 1557 1367 1600 veterum

822 1618 985 1682 scriptorum
1004 1617 1125 1678 locoe,'
1119 1635 1147 1668 m
1171 1618 1268 1684 quibua
1285 1619 1369 1668 huius

822 1685 943 1745 donarii,
973 1686 1043 1750 quod
1072 1686 1183 1736 aomina
1212 1686 1366 1747 civitatum,

823 1767 893 1816 quae
918 1757 1014 1802 contra
1038 1753 1138 1803 Persas
1164 1760 1366 1818 pugnaverant,

822 1819 961 1884 insculpta
979 1821 1126 1882 continuit,
1146 1821 1307 1871 mentiolit.
1344 1823 1367 1870 I}
1441 1837 1447 1848 ·

822 1887 920 1966 quibus
932 1902 1012 1936 unum
1026 1888 1071 1937 hic
1085 1889 1280 1938 transscribam
1293 1889 1366 1938 Pan-

821 1954 1209 2032 eanraelocumX13.§.b·
1235 1947 1368 2022 laeetani

822 2015 855 2071 dl
872 2012 1059 2072 ἀνέθεσαν
1039 2020 1097 2072 απὸ
1115 2017 1200 2088 ἔργον
1221 2023 1274 2073 τοῦ
1290 2008 1366 2073 Πλα-

821 2087 936 2138 ταιᾶσιν
959 2104 986 2139 οι
979 2079 1136 2154 Έλληνες
1161 2089 1284 2155 χρυσοῦν
1306 2092 1366 2153 τρί-

821 2153 899 2206 ποδα
912 2149 1047 2221 δράκοντι
1066 2150 1248 2239 ἐπιαείριενον
1260 2157 1363 2223 χαλκῷ,

822 2226 868 2287 qui
886 2225 957 2274 idem
975 2225 1093 2289 scriptor
1106 2225 1170 2275 vel'
1163 2242 1191 2274 m
1205 2242 1236 2275 eo
1250 2241 1365 2276 consen·

822 2292 893 2341 tiene
907 2307 967 2341 cam
976 2293 1115 2342 Herodoto
1126 2294 1270 2358 reperitur,
1284 2293 1363 2358 qnod,

821 2347 941 2476 Milli
958 2357 1122 2478 iiiiii?
1141 2361 1214 2477 hili
1229 2361 1365 2490 t‘ilidii

823 2494 913 2543 hane'
906 2509 995 2559 ipsam
1008 2511 1084 2544 aram
1095 2502 1301 2554 commemorat,
1316 2464 1365 2544 ubl

822 2563 942 2626 proxime
967 2561 1104 2612 collocata
1126 2563 1241 2612 donaria
1258 2533 1367 2627 prdlert

822 2629 865 2690 (X,
883 2628 922 2678 14.
935 2631 958 2690 ἓ.
972 2629 986 2678 4
1001 2629 1123 2695 πλησίον
1140 2646 1189 2680 του
1177 2629 1300 2695 βωμοῦ
1312 2645 1364 2681 του

821 2665 970 2775 pshot'tontr
993 2697 1065 2748 banc
1082 2713 1148 2748 vero
1166 2713 1241 2748 aram
1263 2714 1317 2748 non
1335 2699 1364 2747 in

822 2765 882 2828 Ipsa
894 2763 990 2844 templi
1008 2764 1094 2827 cella,
1113 2766 1207 2816 sedin
1224 2759 1364 2830 περιβόλῳ

821 2845 843 2880 e.
856 2827 965 2896 τεμένει
984 2803 1169 2896 quaerchdam
1191 2834 1364 2897 caecatique

821 2904 1044 2950 consentaneum.
1063 2902 1102 2950 Ac
1113 2901 1205 2966 pergit
1215 2901 1366 2950 idemPau-

820 2967 915 3016 sanias
937 2967 954 3015 l.
973 2967 1091 3048 eupral.
1115 2969 1149 3017 de
1166 2967 1225 3017 boc
1235 2967 1362 3018 donario.

820 3022 887 3084 ὅσον
904 3027 957 3096 μὲν
968 3031 1006 3112 δὴ
1021 3027 1123 3118 χαλκὸς
1156 3051 1172 3084 ν
1184 3033 1235 3084 τοῦ
1248 3026 1364 3114 α’νοιθή-

819 3116 921 3182 ματος,
944 3099 1016 3152 σῶον
1035 3098 1084 3152 καὶ
1102 3022 1191 3180 {alab
1205 3091 1277 3152 ἔτι
1256 3115 1308 3180 ην·
1327 3095 1364 3153 ου

819 3162 917 3252 μέντοι
934 3165 1006 3220 acad
1023 3186 1058 3219 τα
1076 3160 1149 3220 ariaci
1167 3167 1217 3220 καὶ
1234 3163 1284 3220 τὸν
1296 3185 1363 3248 χρυ-

820 3233 870 3286 σὸν
887 3253 914 3288 οι
933 3233 1053 3287 Φακέαν
1069 3230 1277 3288 ὑπελίποντο’
1261 3233 1363 3304 pyrati-

819 3319 874 3362 νες.
909 3305 1005 3385 Itaque
1023 3307 1181 3356 Pausaniae
1203 3311 1295 3355 aetate
1315 3321 1364 3356 aa·

819 3387 881 3422 reue
899 3373 1002 3438 tripos,
1021 3389 1099 3438 quem
1116 3373 1269 3424 Herodotus
1287 3373 1363 3423 baud

819 3441 876 3490 ecio
895 3457 930 3490 an
946 3442 1005 3505 ipse
1024 3442 1198 3506 conspexerit
1214 3442 1360 3506 Integrum,

819 3507 943 3557 sublatus
960 3524 1015 3558 nou
1032 3509 1150 3574 amplius
1169 3509 1288 3559 exstitit:
1314 3525 1361 3558 ae·

818 3590 886 3624 neae
903 3581 1009 3626 tantum
1027 3576 1110 3626 draeo
1128 3575 1217 3626 adhuc
1231 3577 1363 3626 cerneba-

818 3649 876 3706 tur,
895 3645 940 3708 qui
953 3649 1023 3694 teste
1037 3643 1193 3694 Scholiasta
1206 3644 1241 3694 ad
1253 3644 1362 3708 'I'hacy-

817 3711 871 3760 did.
885 3712 907 3772 Ι,
921 3709 967 3761 132
980 3728 997 3760 a
1007 3711 1137 3762 Romanis
1150 3711 1361 3777 imperatoribus

818 3783 915 3844 poetes
943 3780 972 3828 in
999 3779 1128 3842 Byzantii
1157 3779 1361 3845 hippodromum

817 3847 968 3896 translatus
991 3851 1042 3896 eet.
1082 3847 1197 3896 Factam
1223 3848 1274 3897 hoc
1299 3861 1361 3896 esee

817 3913 992 3964 Constantini
1005 3915 1100 3980 Magni
1115 3915 1294 3980 temporibus,
1314 3929 1361 3963 ea-

817 3983 854 4030 tis
872 3981 965 4047 colligi
982 3997 1063 4046 posse
1080 3981 1189 4032 videtur
1206 3997 1220 4032 e
1237 3982 1361 4031 testimo·

817 4049 869 4098 aiie
895 4063 986 4098 eoram
1010 4050 1173 4114 scriptorum
1194 4051 1362 4112 Byzantino-

818 4131 889 4178 ram,
909 4118 954 4181 qui
971 4117 1051 4166 huius
1064 4117 1231 4166 monumenti
1243 4117 1362 4167 mentio-

817 4199 879 4233 nem
897 4185 1016 4242 faciunt‚
1035 4185 1180 4235 Sozomeni
1197 4186 1361 4250 praesertim

818 4251 899 4312 (Hiet.
919 4252 995 4302 Eccl.
1012 4253 1051 4314 ΙΙ,
1071 4253 1111 4314 5),
1130 4251 1278 4318 Nicephori
1296 4251 1359 4301 Cal-

817 4317 875 4366 listi
891 4319 972 4380 (Hist.
987 4319 1064 4369 Eccl.
1077 4321 1154 4379 VIII,
1168 4319 1225 4383 3³),
1244 4319 1362 4369 Eusebii

817 4383 883 4447 (Vit.
909 4385 1052 4436 Constant.
1074 4387 1131 4449 ΙΙΙ,
1152 4387 1211 4450 54),
1236 4386 1361 4438 Socratis
