3066 4964
213 462 273 524 352
644 455 915 518 HERODOTI

165 642 205 706 93
215 629 373 715 κατέλαβε
396 622 548 714 Εὐήνιον
570 631 705 718 πρῆγμα
726 625 864 698 τοιόνδε.
891 624 983 698 Ἔστι
1013 631 1049 698 ἐν
1077 631 1120 718 τῇ
1144 623 1336 718 Ἀπολλωνί

211 727 315 818 ταύτῃ
334 757 389 818 ιρα
406 737 502 816 ηλιον
520 726 687 818 πρόβατα,
714 726 754 797 τά
777 725 834 810 τάς
857 729 919 817 μὲν
943 725 1065 817 ἡμέρας
1088 727 1243 816 βόσκεται
1260 727 1349 820 παρά

211 827 374 920 ποταμὸν,
403 825 440 910 ὃς
471 832 507 898 ἐκ
530 827 704 918 Λάκμονος
732 825 848 920 οάρεος
873 832 940 920 ῥέει
965 827 1020 898 διά
1042 833 1100 917 τῆς
1127 825 1348 919 Ἀπολλωνίης

210 1027 284 1078 Ionio
300 1031 370 1090 siau,
390 1043 441 1091 quo
456 1025 644 1076 meridionalis
657 1025 754 1074 Adria·
806 1041 866 1076 cum
878 1025 962 1076 letior
974 1025 1148 1077 sitvocabuli
1161 1031 1294 1090 potestas,
1307 1026 1347 1076 in·

209 1095 260 1144 tici
272 1095 355 1144 muris
367 1110 431 1160 pars
441 1092 622 1158 significatur,
636 1099 705 1142 nott.
719 1093 753 1141 ad
805 1094 893 1158 deque
914 1094 1012 1143 maluit
1034 1095 1147 1144 reddere
1165 1109 1232 1143 voce
1251 1093 1346 1142 dubia:

209 1163 254 1223 Vl,
271 1161 326 1212 127.
349 1163 390 1211 Ad
403 1161 515 1211 verbum
528 1153 666 1226 κατέλαβε
679 1160 751 1210 conf.
803 1177 908 1224 pecora.
927 1161 1003 1210 Idem
1016 1162 1147 1226 deinceps
1161 1160 1279 1210 conferri
1290 1159 1349 1210 vult

209 1234 277 1279 nott.
296 1230 331 1279 ad
349 1231 390 1291 11,
409 1227 442 1278 66
460 1228 521 1278 coll.
541 1243 624 1292 supro
641 1229 694 1290 ix,
709 1225 751 1276 60.
804 1228 895 1278 Schol.
911 1228 945 1278 ad
958 1229 1001 1278 Ili.
1013 1229 1085 1290 XIV,
1099 1229 1155 1277 124.
1174 1227 1347 1277 Eustocl1.iu

210 1297 264 1358 Qui
293 1297 408 1346 eandem
437 1296 530 1344 urbem
560 1299 753 1344 commemorat
803 1295 928 1345 Erotion.
945 1311 1009 1361 pag.
1029 1295 1099 1346 92³.
1118 1295 1168 1346 302
1186 1295 1227 1344 ed.
1245 1295 1346 1343 Frane.

209 1365 372 1425 Pausanias,
385 1363 431 1425 Vl,
449 1363 487 1412 14.
501 1366 523 1422 §-
537 1363 552 1412 5
565 1362 609 1426 (V,
621 1363 663 1411 22.
677 1363 700 1422 5.
715 1361 750 1424 2),
804 1363 849 1412 Sic
863 1363 891 1412 in
904 1363 975 1414 Plat.
990 1364 1076 1428 Legg.
1090 1363 1139 1412 111.
1151 1377 1177 1426 ρ.
1190 1360 1273 1411 69411
1286 1363 1347 1410 iun-

208 1432 281 1481 idem
298 1431 402 1481 adiecit
421 1429 471 1495 πῆς
489 1421 520 1479 ἐν
540 1420 629 1496 Ἰονίῳ
646 1425 751 1492 κόλπῳ,
804 1435 904 1494 guntur
915 1429 1036 1496 ποίμνια
1045 1427 1094 1480 καί
1104 1427 1242 1494 πρόβατα,
1255 1429 1284 1478 in
1292 1429 1348 1478 Xe-

209 1499 345 1560 consulto,
372 1504 403 1548 ut
425 1497 546 1559 videtur,
573 1513 623 1561 quo
648 1497 752 1546 haecce
803 1498 934 1562 aoplront.
953 1497 1104 1562 Cyropaod.
1123 1497 1187 1556 v11,
1203 1496 1232 1558 3,
1252 1497 1266 1544 7
1284 1501 1348 1560 poet

208 1567 286 1630 urbs,
311 1565 345 1614 od
363 1581 437 1615 mure
455 1565 625 1614 Adriaticum
644 1566 698 1614 situ
716 1563 751 1612 ab
803 1558 1351 1628 flodceti'rcrrovrcommemoranturrrpo'-

209 1634 273 1682 aliis
296 1633 416 1682 ciusdem
437 1633 555 1682 nominis
577 1631 689 1680 urbibus
711 1631 751 1679 di·
803 1630 884 1697 βατά.
914 1633 956 1682 Tu
969 1633 1022 1683 vid.
1035 1637 1103 1682 nott.
1118 1629 1345 1693 ad1‚133et‚11,

207 1701 395 1765 stingueretur
407 1699 600 1764 compluribus.
628 1697 752 1746 Corinthi
802 1698 848 1755 41,
862 1700 909 1748 ubi
921 1699 992 1750 haec
1004 1699 1133 1764 legimus:
1151 1691 1202 1756 τάς
1214 1696 1283 1763 βοῦς
1294 1691 1347 1756 τάς

209 1768 262 1816 i'uit
275 1767 397 1828 colonia,
417 1773 489 1815 terte
501 1765 662 1828 Thucydide
674 1766 696 1820 Ι,
709 1763 750 1826 26,
803 1761 911 1830 θηλέας
924 1761 1055 1832 σέβονται
1073 1759 1257 1832 προβάτων
1273 1761 1346 1815 πάν-

207 1840 313 1884 remota
325 1835 419 1884 decem
437 1833 529 1882 stadia
542 1833 577 1882 ab
590 1833 648 1882 Aoo
661 1833 750 1892 fluvio,
802 1849 858 1882 των
870 1827 998 1898 μάλιστα,
1014 1834 1075 1883 coll.
1091 1836 1136 1895 1v,
1150 1833 1191 1883 61.
1212 1833 1278 1882 Inde
1291 1833 1346 1882 No-

208 1903 355 1967 sexegiuta
377 1903 434 1950 fere
458 1900 551 1948 stadia
573 1915 590 1948 a
614 1901 696 1959 muri,
722 1906 752 1948 ut
802 1907 867 1962 ster,
882 1901 928 1950 ubi
942 1916 996 1951 uon
1007 1901 1089 1962 boues,
1104 1901 1152 1950 sed
1164 1901 1290 1950 oueaeive
1302 1915 1345 1948 ea-

207 1969 298 2034 prodit
315 1969 414 2018 Strabo
431 1968 501 2028 (Vll.
514 1983 540 2032 p.
555 1964 606 2016 316
622 1982 643 2016 e.
657 1966 707 2016 466
718 1967 749 2016 Β.
798 1983 865 2031 praa
874 1967 994 2032 intelligi
1004 1968 1097 2028 voluit,
1109 1967 1233 2018 consulto
1243 1967 1345 2016 dixisse

208 2035 271 2086 coll.
286 2037 366 2084 Dion.
381 2035 457 2084 Caes.
467 2035 538 2096 XLI,
552 2034 604 2096 45),
617 2034 677 2083 loco
690 2049 750 2098 per·
802 2035 909 2084 videtur
925 2030 959 2084 τά
978 2028 1064 2084 λεπτά
1083 2033 1139 2084 τῶν
1155 2025 1305 2100 προβάτων
1322 2035 1344 2095 Ι,

207 2102 750 2234 tltuiiittiilssldiutili
801 2101 1344 2235 titillo¹i⁷sd⁰l²tiuiltl

530 2205 560 2217 ·=
595 2205 601 2226 r
659 2205 665 2230 r
1070 2207 1076 2231 r
1337 2206 1344 2230 r

206 2239 305 2288 studiis
328 2239 470 2287 literarum
494 2235 607 2285 multum
635 2235 749 2300 posthac
801 2239 830 2286 in
840 2237 883 2286 his
893 2237 1052 2302 regionibus
1062 2237 1247 2301 boumgreges
1256 2238 1343 2301 pasci,

206 2307 305 2356 floruit.
342 2305 402 2354 Vid.
427 2303 527 2354 Cellar.
545 2304 690 2365 Notiuli,
710 2301 749 2353 13.
802 2320 889 2368 neque
908 2310 1013 2354 tautum
1030 2305 1180 2354 ouiumeive
1198 2320 1342 2368 caprarum,

205 2389 269 2440 pag.
287 2371 358 2431 1626,
377 2374 514 2422 Maauert.
531 2371 593 2419 VII.
611 2385 675 2436 pag.
689 2368 749 2420 399.

205 2443 299 2507 Poppo
310 2441 331 2501 Ι,
341 2443 366 2490 2.
380 2455 444 2505 pag.
458 2437 515 2504 126,
528 2438 707 2503 Pouqueville
720 2439 750 2487 in

205 2509 330 2559 itiner.l.
342 2507 451 2574 copti,
467 2512 495 2556 et
508 2507 553 2571 qui
563 2507 654 2556 omniu
667 2511 694 2556 et
703 2521 749 2555 ve·

205 2581 293 2626 terum
304 2581 332 2625 et
342 2577 525 2625 recentiorum
537 2575 698 2638 scriptorum
710 2578 749 2622 te·

205 2644 335 2693 stimonia
345 2643 464 2704 exhibet,
478 2641 625 2706 Forbiger:
639 2641 749 2690 Handb.

205 2712 231 2760 d.
246 2713 293 2760 alt.
309 2709 463 2774 Gecgraph.
476 2709 525 2758 111.
539 2725 565 2772 ρ.
578 2707 635 2758 849.
653 2707 750 2756 Adhuc

205 2780 357 2842 Apolloniae
370 2779 472 2827 veteris
486 2775 621 2840 quaedum
635 2789 749 2824 cernun-

205 2853 248 2893 tur
270 2845 380 2907 ruinae,
406 2844 503 2908 quibus
525 2858 624 2892 nomen
641 2844 748 2900 Polline,

206 2911 276 2976 quod
297 2912 384 2976 ipsum
409 2927 424 2960 e
445 2917 539 2960 vetere
561 2909 748 2974 appellatione

205 2979 387 3044 depravatum
400 2993 460 3028 esse
474 2993 552 3028 nemo
565 2992 619 3026 nou
632 2977 724 3027 sentit.

383 3146 449 3198 Cir·
469 3145 568 3197 xum.

229 3238 307 3301 ’Ἐστι
330 3241 361 3300 ίν
382 3247 417 3316 τῇ
436 3237 605 3313 Ἀπολλωνίῃ
625 3263 651 3296 κ.
669 3263 692 3295 τ.
711 3243 745 3311 tl

204 3319 305 3383 Attigit
323 3317 393 3366 haec
406 3316 533 3366 Eustath.
552 3316 588 3365 ad
600 3314 698 3378 Odyee.
711 3315 745 3376 X,

206 3385 254 3436 136
267 3391 295 3436 et
307 3384 365 3435 260.
380 3401 443 3451 pag.
459 3384 536 3444 1717,
550 3383 591 3432 44.
609 3397 630 3432 s.
644 3381 706 3444 482,
720 3379 746 3442 9,

203 3455 250 3504 ubi
276 3453 347 3504 haec
370 3453 511 3518 leguntur:
538 3442 691 3514 Ἡρόδοτος
714 3443 746 3499 di

204 3516 314 3600 ἱστορεῖ
324 3513 355 3572 ἐν
367 3519 404 3584 τῷ
419 3509 509 3582 Ἰονίῳ
521 3513 617 3585 κόλπῳ
630 3511 694 3580 ἱερά
703 3511 746 3595 pl·

203 3606 251 3640 ναι
264 3588 348 3656 ηλίον
360 3605 380 3639 π
400 3581 490 3654 άβοιτα
502 3583 687 3653 περλιπολλοῠ
698 3599 746 3634 ον·
764 3639 766 3642 ,

202 3675 237 3708 τα
247 3661 307 3716 τοῖς
318 3650 381 3708 ἐκεῖ
389 3647 679 3716 decimarumque
687 3643 746 3703 οἷπά

202 3720 292 3776 τόπον
304 3720 336 3774 τὸ
349 3716 448 3790 ὄνομα.
484 3723 559 3772 Adde
573 3723 687 3783 Conon,
701 3720 747 3786 qui

202 3794 313 3842 Narrat.
327 3807 386 3856 cap.
400 3791 433 3842 30
444 3791 603 3840 Herodoteo
615 3789 747 3854 compila-

203 3861 256 3920 νίν,
275 3874 324 3923 pro
342 3849 467 3924 Εὐήνιος
487 3856 532 3920 (de
551 3873 603 3922 quo
621 3858 681 3922 ipso
698 3872 744 3906 uo·

204 3927 274 3974 mine
293 3941 326 3976 ec
344 3925 478 3975 similibus
496 3926 532 3975 cf.
545 3927 684 3976 Letronne
702 3925 743 3973 iu:

203 3993 318 4043 Journal
336 3994 360 4043 d.
374 3993 438 4042 δον.
454 3991 525 4042 1646.
542 4008 606 4057 pag.
623 3991 679 4053 173)
696 4007 743 4057 ρο·

203 4075 271 4110 nens
300 4053 468 4126 Πειθήνιος.
513 4060 641 4109 Pluribus
672 4059 744 4109 hunc

202 4128 335 4178 Herodoti
355 4129 444 4179 locum
465 4129 598 4178 tractavit
615 4127 693 4177 Steiu
715 4128 744 4176 in

203 4196 328 4246 Vindice.
345 4197 487 4247 Herodott.
500 4196 617 4260 Specim.
632 4210 695 4260 pag.
714 4194 745 4244 14

202 4281 273 4328 seq,
287 4265 358 4314 uude
372 4281 442 4330 quae
455 4265 509 4314 huc
522 4263 669 4327 pertinent,
683 4278 744 4312 mox

204 4331 394 4381 afferemus.—-
402 4328 533 4396 πρόβατον
546 4344 608 4378 num
618 4345 676 4380 ovea
685 4331 743 4379 sue·

203 4399 258 4448 rint
270 4413 306 4448 au
317 4399 403 4463 boves,
418 4399 525 4448 dubitat
534 4395 744 4461 Weseolingiue,

802 2386 868 2436 quas
893 2372 968 2436 ipsus
990 2371 1187 2436 intelligendas
1211 2387 1272 2421 csse
1296 2371 1343 2420 de·

802 2439 909 2490 clarere
927 2439 955 2488 id
973 2440 1095 2500 videtur,
1114 2439 1184 2504 quod
1197 2439 1344 2518 sexaginta

801 2506 888 2556 ferme
905 2505 962 2556 τοῖν
979 2499 1130 2572 προβάτων
1147 2506 1343 2570 παρελθοντες

802 2567 882 2623 λάκοι
901 2565 1091 2638 irridetque
1105 2568 1296 2638 διέφθειραν,
1311 2579 1343 2622 ut

801 2657 861 2690 mox
874 2641 1004 2706 legimus:
1024 2657 1093 2706 quse
1107 2643 1230 2706 proiecto
1242 2655 1295 2691 non
1308 2641 1342 2689 de

800 2709 899 2769 bubus,
919 2709 1012 2758 redde
1026 2711 1118 2773 cuprio
1131 2709 1281 2773 ovibusque
1297 2723 1343 2757 ee·

800 2775 1342 2909 lt·uilttiuittttlfiutiiz:

800 2911 835 2960 tis
849 2917 891 2960 est
902 2916 1008 2973 notum,
1027 2917 1120 2961 temen
1136 2910 1209 2978 nihil¹
1218 2911 1341 2975 impedit,

800 2993 852 3042 quo
874 2979 963 3028 minue
982 2979 1098 3028 eliorum
1115 2993 1220 3043 quoquc
1237 2978 1341 3028 bestia-

798 3061 856 3094 rum
873 3061 972 3110 greges
988 3047 1047 3098 sive
1066 3048 1156 3096 ovium
1171 3046 1229 3096 sive
1244 3059 1340 3110 capra-

798 3128 870 3174 rum,
889 3115 989 3178 quippe
1004 3129 1073 3178 quae
1086 3114 1115 3162 in
1127 3113 1170 3163 bie
1184 3113 1341 3179 regionibus

798 3181 969 3245 potissimum
982 3181 1102 3241 aluntur,
1122 3180 1180 3231 Soli
1197 3181 1340 3230 dedicatas

798 3249 883 3297 fuisse
918 3249 1061 3298 credemus
1096 3249 1213 3313 indeque
1249 3263 1340 3297 sacro-

798 3321 910 3366 sanctos
945 3323 1027 3380 atque
1060 3315 1235 3366 inviolabiles
1263 3315 1340 3364 hebi-

798 3388 854 3432 tos:
874 3399 955 3448 qunm
973 3383 1073 3432 iurem
1091 3383 1170 3448 plura
1188 3383 1341 3448 disputavit

798 3451 912 3501 Nitzsoli
924 3451 958 3500 ud
970 3451 1138 3514 Odyss.XlI‚
1155 3451 1208 3500 127.
1220 3449 1341 3515 pagate

798 3533 888 3583 seqq.;
907 3519 1114 3584 attigeruntque
1127 3519 1211 3567 etiam
1225 3517 1339 3567 lucobs:

797 3586 969 3636 Vermischte
982 3585 1154 3635 Schrift.V1.
1172 3601 1236 3651 pag.
1251 3583 1298 3634 167
1312 3593 1341 3635 et

798 3653 894 3703 Grote:
922 3654 1036 3716 History
1056 3654 1087 3704 oi
1107 3654 1213 3704 Greece
1233 3653 1254 3702 1.
1277 3667 1340 3718 cap.

797 3721 868 3770 xvi.
879 3736 943 3786 pag.
953 3719 1003 3771 465
1014 3721 1057 3783 (Τ.
1069 3723 1090 3770 1.
1102 3737 1167 3786 pag.
1179 3719 1230 3771 316
1242 3737 1256 3770 e
1267 3735 1338 3770 vere.

796 3805 881 3854 germ.
894 3787 1040 3850 Fischeri).
1059 3789 1161 3839 Eodem
1175 3793 1267 3838 autem
1279 3789 1338 3853 opi·

796 3871 846 3920 nor
867 3861 1101 3922 spectet-quoque
1120 3856 1219 3905 Euenii
1240 3869 1339 3920 poena,

796 3923 933 3974 oculorum
951 3923 1053 3974 lumine
1071 3925 1186 3990 privati,
1204 3929 1235 3972 ut
1252 3924 1340 3988 quiin

795 3992 877 4043 Solem
890 4007 912 4041 e.
924 3996 1002 4042 iucem
1014 3991 1169 4056 deliquerit.
1181 4017 1213 4028 -
1225 3991 1266 4040 Ad
1279 4006 1340 4040 ver·

796 4059 858 4110 bum
866 4049 1055 4124 uiourpqpivot
1065 4060 1094 4108 in
1103 4073 1179 4124 seqq.
1192 4059 1265 4109 conf.
1275 4058 1338 4121 VII,

794 4125 827 4177 63
840 4127 933 4192 ibique
945 4132 1013 4176 nott.

828 4188 907 4258 παρά
920 4187 1049 4259 ποταμὸν
1060 4211 1086 4244 ν.
1100 4209 1123 4243 τ.
1137 4191 1172 4258 1.]
1192 4194 1272 4244 Hunc
1289 4193 1339 4243 flu-

794 4262 867 4312 vium
880 4263 961 4312 Aoum
979 4277 1039 4312 esse
1053 4261 1176 4311 coniecit
1188 4260 1339 4311 Wesselin·

795 4331 868 4446 itu
882 4327 1341 4461 {tituil‘llllsstliui

1331 4433 1339 4458 Ι
