2980 4978
332 459 390 518 DE
413 458 517 518 VITA
540 459 596 518 HT
618 457 808 517 SCRIPTIS
831 455 1066 516 HERODOTI.
1204 459 1264 520 473

134 631 274 684 Herodoto
288 631 408 684 iunctum
425 629 473 696 (cl.
490 633 516 696 s.
531 633 576 700 5),
593 645 651 682 cnm
668 646 722 698 quo
740 629 767 680 in
783 628 844 697 ipss
860 629 984 682 oratione
999 633 1041 680 tot
1055 628 1136 680 habet
1150 645 1265 682 commu-

135 716 194 781 nis,
209 731 280 786 quae
294 714 412 784 singulis
427 715 495 768 locis
511 714 788 768 commemoravimus:
808 712 864 766 vid.
877 714 955 766 modo
970 713 1030 782 1,r.
1043 713 1091 782 IV,
1108 713 1265 784 leuiorque

134 807 202 854 nott.
219 806 247 852 et
260 801 430 870 potissimam
446 801 498 867 lll,
515 804 565 856 119
579 800 672 869 ibique
689 805 756 852 nott.
773 803 801 850 et
816 799 935 852 Excute.
952 797 1010 853 Vol.
1025 797 1062 851 11.
1078 817 1106 869 p.
1122 801 1174 853 tut
1186 817 1264 868 seqq.

133 889 183 940 ⁷⁰²
198 903 295 1024 uilior
314 970 465 1022 Herodotei
487 968 620 1022 sermonis
642 967 792 1020 imitatores
815 967 968 1035 Dionysius
994 969 1081 1020 refert
1101 968 1265 1040 Xenophon-

133 1049 236 1122 tem*),
251 1055 297 1106 vix
312 1061 400 1121 recte,
420 1072 478 1108 cum
494 1053 594 1107 nullum
610 1057 699 1106 exstet
714 1059 818 1106 certum
834 1052 917 1106 huius
930 1052 1090 1105 imitationis
1105 1054 1266 1122 vestigium

134 1143 169 1194 ci.
186 1146 255 1192 nott.
270 1139 304 1191 ad
319 1139 395 1205 Vlll,
409 1142 458 1192 98:
481 1139 581 1191 maiore
594 1138 655 1190 iure
670 1137 740 1190 heud
757 1138 814 1190 scio
829 1155 863 1190 en
883 1138 936 1190 huc
953 1139 1103 1192 referemus
1120 1141 1266 1210 Theopom-

133 1245 210 1298 punr‚
230 1225 278 1294 qui
293 1224 388 1293 quenti
405 1224 573 1276 Herodotum
587 1223 697 1292 fecerit,
715 1222 805 1276 velex
821 1241 867 1289 ea,
890 1239 969 1292 quem
985 1225 1118 1291 confecit,
1134 1225 1266 1278 historiae

134 1310 306 1364 Herodoteac
330 1309 445 1378 epitome
472 1308 588 1376 intelligi
613 1314 720 1378 potest,
747 1325 880 1378 quemquo
904 1309 982 1360 etiam
1007 1309 1035 1361 in
1061 1309 1121 1362 suis
1143 1309 1267 1362 historiis

51 1459 55 1468 Ι
130 1394 246 1464 saepius
267 1394 300 1446 sd
318 1393 452 1446 Herodoti
472 1393 610 1446 historiam
629 1393 785 1463 respexisse
807 1399 909 1446 certum
932 1393 1037 1461 est**).
1076 1395 1171 1457 Quare
1193 1394 1266 1464 quod

96 1537 97 1542 ,
136 1481 172 1533 G.
197 1480 219 1531 l.
247 1473 455 1544 Vossius***)‚
494 1479 541 1548 qui
568 1477 642 1530 nulla
667 1478 747 1530 huius
772 1479 922 1548 compendii
955 1497 971 1531 a
995 1479 1172 1548 Theopompo
1200 1479 1266 1532 sacti

134 1565 286 1632 fragmenta
307 1563 394 1616 adhuc
414 1581 562 1634 superesse
582 1562 652 1616 salso
673 1563 805 1630 credidit,
830 1563 912 1616 hocce
928 1564 1113 1633 compendium
1131 1582 1163 1616 ex
1178 1566 1265 1617 Hero-

68 1681 72 1689 ·
134 1649 192 1702 doti
211 1648 289 1700 libris
311 1650 409 1702 iactum
431 1648 532 1701 iuniori
552 1648 658 1701 cuidam
673 1647 849 1718 Theopompo
867 1649 987 1702 adscribi
1009 1648 1095 1701 voluit
1111 1649 1153 1702 vel
1168 1648 1266 1702 Cnidio

136 1732 180 1786 vel
199 1733 346 1802 Sinopensi
374 1733 417 1786 rel
436 1733 622 1803 Colophonio,
653 1733 754 1786 dudum
781 1735 1000 1803 reprobaverunt
1024 1741 1052 1786 et
1071 1734 1213 1788 Meursius
1239 1741 1268 1786 et

134 1815 373 1893 Ruhnkenius†)‚
398 1818 515 1888 itemque
542 1818 589 1887 qui
615 1817 675 1887 ipss
696 1819 847 1888 compendii
869 1819 951 1874 huius
976 1821 1142 1887 fragmenta,
1173 1836 1266 1889 quam-

134 1903 177 1956 vis
197 1919 298 1972 pauca,
319 1901 429 1971 collegit
448 1908 477 1955 et
497 1902 628 1972 explicuit
648 1903 895 1972 Frommeliusst).
942 1905 1023 1968 Quae
1044 1905 1069 1956 si
1089 1903 1267 1972 cognovisset

134 1987 378 2055 Muellerus†††)‚
397 1988 441 2040 vix
457 1988 555 2058 opinor
572 1987 606 2038 sd
617 1988 710 2042 Vossii
725 1988 910 2057 suspicionem
925 1989 1068 2057 rediisset,
1088 2005 1120 2042 ea
1134 1989 1168 2042 de
1183 2005 1267 2041 causa

134 2075 248 2139 ductus,
271 2072 344 2142 quod
366 2091 421 2125 rem
443 2090 458 2124 a
472 2072 641 2142 Theopompi
656 2079 746 2126 astate
767 2079 795 2125 et
809 2074 921 2142 ingenio
937 2075 1050 2127 alienam
1064 2075 1176 2127 haberet
1190 2073 1265 2126 inde-

134 2175 187 2228 que
203 2159 293 2210 denuo
314 2157 503 2227 suspiceretur
523 2174 539 2208 s
559 2157 664 2209 seriore
685 2158 791 2211 homine
806 2158 884 2212 talem
904 2159 1037 2212 Herodoti
1057 2159 1191 2229 epitomen
1214 2159 1266 2211 sub

134 2243 303 2312 Theopompi
324 2243 430 2294 nomine
450 2242 477 2294 in
499 2241 600 2308 vulgus
621 2259 684 2294 esse
706 2243 819 2296 editam:
848 2243 898 2296 sed
919 2262 954 2296 ne
974 2250 1097 2297 veterum
1111 2243 1267 2296 “eumenis

135 2327 345 2397 susquedeque
364 2328 464 2380 habere
481 2327 666 2400 iudicaretur,
685 2328 780 2380 merito
801 2328 907 2384 veritus
927 2329 955 2380 id
971 2328 1089 2394 addidit,
1111 2329 1185 2397 quo'd
1200 2345 1267 2381 sane

135 2411 169 2464 ed
184 2427 278 2464 rerum
292 2412 378 2479 magis
393 2411 523 2464 accedere
537 2417 678 2479 putemusr
699 2411 849 2478 „iaciamus
861 2413 1062 2482 Theopompum
1078 2413 1159 2465 hoece
1171 2411 1267 2464 Muse-

135 2513 194 2548 rum
207 2495 422 2550 Herodotesrum
439 2495 638 2565 compendium,
657 2513 716 2548 cum
730 2497 764 2548 ad
780 2497 908 2550 historias
923 2497 1080 2549 condendas
1095 2515 1126 2550 se
1142 2497 1267 2566 accinge·

137 2587 193 2648 ret,
210 2579 326 2650 periculi
343 2581 460 2634 faciendi
476 2597 559 2633 causa
573 2581 790 2651 composuisse.“

221 2665 296 2719 inter
309 2672 437 2736 posterae
451 2666 550 2720 eetstis
564 2666 731 2736 scriptores,
753 2667 801 2736 qui
816 2666 985 2720 Herodotum
1000 2667 1091 2737 aliquo
1106 2667 1184 2721 modo
1202 2675 1269 2721 sunt

134 2750 245 2818 imitati,
264 2752 334 2804 haud
349 2753 407 2804 scio
421 2769 455 2804 an
471 2752 594 2822 Cephalio
603 2746 649 2820 *†)
665 2750 725 2819 ille,
743 2753 822 2804 cuius
836 2752 887 2804 iam
902 2767 986 2822 supra
1002 2757 1027 2817 S.
1046 2755 1077 2807 13
1091 2754 1267 2821 meminimus,

135 2836 172 2889 sit
187 2836 363 2890 referendusr
390 2855 505 2907 namque
522 2836 635 2907 scripsit
652 2841 724 2889 teste
744 2837 830 2888 Suida
851 2855 874 2890 s.
898 2855 925 2890 v.
947 2832 1129 2900 παντοδαπὰς
1148 2835 1268 2908 ἱστορίας

133 2916 163 2976 tv
180 2921 294 2993 βιβλίοις
307 2917 351 2992 θ’,
372 2914 455 2976 ἅτινα
474 2915 621 2990 ἐπιγράφει
636 2916 771 2992 Μούσας,
789 2914 856 2977 Ἰάδι
872 2919 1018 2997 διαλέκτῳ,
1042 2930 1153 2977 auctore
1170 2924 1267 2977 Photio

134 3007 207 3062 sior.
224 3006 293 3058 eor.
307 3007 424 3060 uxvur
438 3007 514 3078 (σοι,
531 3007 652 3072 ccxvi,
671 3009 734 3076 rm)
748 2993 885 3078 αύιωμω
900 3003 1039 3078 tensium
1053 3027 1070 3061 a
1085 3009 1159 3062 nino
1175 3017 1205 3062 ee
1218 3011 1268 3062 se.

134 3091 273 3144 miramide
288 3108 376 3160 usque
392 3093 425 3144 sd
442 3092 624 3146 Alexandrum
636 3093 781 3162 Magnum,
797 3095 876 3148 cuias
893 3113 939 3148 res
953 3100 1048 3162 gestas
1060 3095 1139 3146 etiam
1157 3112 1267 3147 enerra-
1316 3109 1323 3124 ·

135 3177 192 3240 rit3
213 3175 260 3244 qui
274 3175 404 3245 Cephalio
419 3194 479 3230 cum
492 3177 603 3250 iisdem,
619 3179 720 3248 quibus
734 3180 908 3248 Herodotus,
924 3179 1066 3233 Musarum
1080 3179 1168 3232 titulis
1182 3179 1265 3232 histo

201 3371 229 3439 *J
248 3373 335 3439 Epist.
355 3374 388 3423 ad
407 3374 455 3425 Cn.
472 3375 594 3441 Pompei.
612 3377 643 3426 T.
661 3376 708 3426 VI.
722 3394 747 3442 p.
761 3375 903 3427 777-779.
926 3379 1001 3428 Vett.
1020 3379 1127 3442 scriptt.
1147 3391 1221 3428 cens.
1235 3377 1267 3430 T.

135 3441 486 3572 ν’1)ἓ11π).4121(ἷ1.1·“ι·οιιιιιιιι1.
509 3511 538 3559 iu
560 3511 778 3563 ereanmelett.
801 3513 852 3562 111.
874 3529 899 3578 p.
919 3513 967 3564 139
983 3529 1058 3578 seqq.
1078 3513 1140 3562 coll.
1161 3511 1216 3562 149.
1236 3541 1267 3549 -

134 3578 264 3643 Ephorum
285 3577 356 3642 quod
375 3577 439 3627 olim
461 3579 620 3628 statuebant
640 3579 735 3628 itidem
755 3580 885 3630 librorum
903 3581 1119 3632 Herodoteorum
1141 3596 1267 3646 compen·

135 3647 208 3696 dium
222 3645 391 3706 exhibuisse,
411 3662 498 3711 prave
511 3647 582 3712 apud
595 3646 706 3696 Suridam
719 3645 754 3711 (s.
767 3664 792 3698 v.
808 3641 990 3712 Θεόπομπος)
1007 3648 1227 3714 interpunctione
1240 3649 1267 3698 id

134 3715 286 3773 nitebatur,
311 3729 391 3779 quarn
412 3721 488 3764 recte
511 3729 583 3764 nnnc
607 3715 809 3765 constituerunt
826 3716 1000 3766 Gaisiordius
1023 3721 1051 3766 et
1073 3716 1267 3781 Bernhardyus

135 3783 196 3832 Vol.
205 3783 225 3836 1.
238 3782 300 3832 P.2.
314 3797 377 3847 pag.
393 3779 457 3832 1143
471 3797 528 3848 seq.
548 3783 626 3833 Coni.
640 3797 745 3848 quoque
757 3784 843 3833 Marx.
858 3783 893 3833 ad
905 3784 1008 3850 Ephori
1021 3783 1177 3850 fragmenti.
1191 3785 1266 3850 p.3⁴l.

201 3847 258 3916 m)
277 3850 318 3900 De
332 3850 471 3900 historico.
486 3851 600 3901 Graeco.
615 3851 637 3899 1.
650 3852 675 3899 4.
690 3849 730 3917 (p.
742 3851 776 3900 40
788 3851 956 3918 Westerm.).

201 3915 234 3982 †)
253 3919 357 3968 Histor.
376 3919 434 3968 crit.
453 3923 520 3969 orst.
538 3935 602 3984 pag.
616 3919 764 3983 LXXXIX,
778 3921 822 3970 oui
840 3921 937 3971 merito
955 3920 1138 3986 adstipulatus
1150 3924 1192 3972 est
1204 3923 1267 3971 We·

134 3993 275 4038 stermanu
287 3987 316 4036 in
328 3989 382 4035 not.
398 3985 428 4035 12
442 3986 476 4036 ad
489 3987 579 4037 Vossii
593 3987 611 4036 l.
625 3985 644 4036 l.

202 4052 253 4119 ††)
271 4055 300 4104 iu
317 4053 445 4105 Creazeri
462 4055 565 4106 Melett.
583 4056 634 4105 111.
652 4070 715 4121 pag.
737 4055 784 4106 144
802 4072 858 4124 seq.
878 4062 905 4108 et
923 4057 1079 4123 fragmenta
1097 4057 1157 4123 ipsa
1173 4074 1199 4124 p.
1220 4055 1268 4108 156

135 4139 164 4172 se
204 4159 210 4171 .

168 4137 272 4253 qq'r††)
291 4191 458 4256 Fragments
470 4191 608 4242 historico.
623 4192 738 4242 Graece.
752 4191 812 4242 Vol.
825 4192 846 4242 1.
860 4209 923 4258 psg.
937 4193 1036 4244 LVIII.

201 4253 249 4322 *†)
267 4258 319 4320 Qui
331 4259 402 4308 bene
419 4259 613 4309 discernendus
627 4265 669 4309 est
684 4259 719 4309 nb
733 4259 820 4310 altero
834 4259 1002 4326 Cephalione
1015 4261 1171 4326 Gergitbio‚
1190 4263 1267 4312 curius

136 4330 215 4376 setas
234 4325 268 4375 ad
281 4325 524 4376 Alexandrinorum
536 4330 662 4394 tempora
673 4329 791 4378 recedit:
814 4328 847 4378 de
863 4335 976 4394 utroque
990 4330 1058 4379 bene
1072 4329 1201 4379 disseruit
1213 4331 1265 4379 Lo-

134 4391 215 4444 beck.
233 4392 261 4441 in
278 4393 457 4459 Aglaophom.
476 4411 539 4461 pag.
558 4394 607 4446 995
620 4411 695 4462 seqq.
714 4395 775 4447 coll.
789 4396 821 4447 G.
835 4399 857 4446 1.
872 4397 949 4448 Voss.
967 4399 1000 4448 de
1018 4397 1081 4448 bist.
1100 4397 1214 4449 Graece.
1228 4398 1266 4456 11,

139 4461 176 4511 12.
190 4477 216 4527 p.
229 4457 279 4510 262
290 4461 434 4512 Westerm.
