2980 4978
239 441 301 502 476
646 433 960 496 ΟΟΜΜΕΝΤΑΤΙΟ

237 627 310 664 mere
324 607 507 662 studuerunt:
530 607 603 660 inter
617 625 688 678 qnos
703 625 786 661 unum
801 607 906 678 appello
923 607 1047 663 Basiliam
1058 607 1211 680 Magnum,
1226 625 1309 678 quem
1324 627 1373 662 ve-

238 701 313 748 teres
329 695 494 746 Graecorum
509 693 660 763 scriptores
674 693 821 761 diligenter
835 691 975 746 lectitasse
985 693 1104 764 aliisque
1114 693 1290 746 vehementer
1299 711 1373 746 com-

239 779 381 833 mendasse
396 778 528 846 legendoa
544 779 684 830 novimus:
709 778 783 847 apud
805 778 876 830 bunc
892 778 962 831 enim
979 785 1054 832 certa
1069 778 1228 831 imitationis
1244 779 1373 833 Herodo-

238 874 300 918 teae
317 863 436 932 vestigia
456 863 615 931 exstant'l).
648 863 732 916 Serto
753 863 863 915 saeculo
883 869 947 932 post
960 863 1027 916 Chr.
1044 882 1073 916 n.
1094 864 1201 917 exstitit
1218 865 1373 935 Procopius,

238 950 286 1022 qni
303 967 356 1002 non
374 955 477 1001 tanturn
494 948 603 1000 lonicss
616 947 747 1018 quasdam
761 949 862 1001 formas
875 965 907 1000 ex
922 948 1057 1002 Herodoti
1071 965 1197 1002 sermone
1210 949 1372 1020 assumpsit,

240 1051 334 1088 rernm
355 1033 433 1086 etiam
454 1034 483 1086 in
506 1032 615 1086 dicendi
635 1032 758 1085 formulis
779 1049 811 1085 ac
833 1033 1018 1086 locutionibus
1039 1033 1178 1087 nonnullis
1193 1035 1244 1104 (cl.
1261 1035 1304 1100 ΙΙ,
1322 1039 1373 1088 174

237 1121 332 1190 ibique
345 1124 402 1170 not.
414 1119 471 1186 ΙΙΙ,
486 1117 531 1184 14)
550 1117 720 1170 Herodotum
738 1117 890 1187 exprimere
904 1117 1080 1188 eiusdemque
1096 1119 1226 1172 narrandi
1241 1125 1270 1170 et
1287 1136 1372 1188 ergu-

238 1203 376 1258 roentandi
387 1203 518 1256 rationem
528 1201 627 1256 imitari
640 1201 815 1267 studuit**):
829 1203 892 1255 inde
906 1203 948 1256 vel
961 1203 987 1255 in
1002 1203 1139 1256 divisione
1151 1201 1225 1256 orbis
1237 1210 1374 1257 terrerum

238 1289 356 1358 aliisque
369 1288 420 1340 huc
431 1288 619 1358 spectantibus
632 1287 714 1340 rebus
728 1287 895 1341 Herodotum
906 1283 1194 1358 sequiturl**)atque
1206 1289 1233 1342 in
1246 1289 1375 1342 doctrina

239 1376 272 1428 de
288 1375 371 1426 rebus
387 1373 489 1426 diuinis
505 1374 631 1442 istoque,
650 1379 681 1424 ut
691 1373 742 1425 ism
754 1389 838 1442 supra
850 1377 876 1437 s.
890 1375 921 1425 12
935 1373 1166 1440 significavimus,
1183 1373 1223 1426 sic
1239 1373 1374 1444 loquitur,

240 1467 271 1512 ut
292 1459 326 1511 ad
341 1457 510 1512 Herodotum
530 1457 649 1527 proxime
669 1457 799 1510 accedere
816 1456 955 1526 videatur,
977 1475 1064 1528 equo
1084 1464 1171 1510 tamen
1188 1458 1300 1512 multum
1317 1459 1375 1511 dis·

239 1543 343 1612 fert†).
387 1543 512 1612 Denique
533 1541 747 1612 decimoquinto
769 1541 878 1595 saeculo
899 1543 1029 1598 buonicus
1050 1545 1252 1613 clusiensium,
1274 1544 1322 1614 qui
1340 1543 1376 1596 de

239 1629 392 1681 'l'urcarnm
406 1628 522 1681 historia
536 1627 662 1696 scripsit,
680 1627 847 1680 Herodotum
862 1626 905 1680 hic
918 1625 974 1680 illic
988 1628 1140 1680 aemulatus
1155 1629 1257 1694 est††)
1269 1629 1375 1698 ipsum-

239 1730 294 1783 que
306 1712 399 1782 operis
410 1713 453 1765 sui
465 1711 630 1782 prooemium
641 1713 675 1764 ad
686 1711 835 1764 Herodotei
845 1712 938 1781 operis
949 1712 1123 1768 imitationem
1134 1713 1377 1786 composuitffl),

240 1814 400 1868 quamquem
414 1797 512 1851 durius
528 1815 578 1850 nac
598 1795 653 1850 ullo
675 1796 790 1848 artificio
804 1797 926 1849 adhibito
942 1797 1010 1850 banc
1024 1797 1199 1852 imitationem
1214 1798 1377 1852 instituisse

240 1883 379 1952 putandus
400 1889 452 1936 est.

325 1967 401 2020 lnter
421 1969 570 2022 recentioris
590 1966 689 2020 aetatis'
707 1965 857 2036 scriptores
880 1967 950 2020 haud
972 1967 1029 2020 scio
1047 1985 1081 2020 an
1096 1967 1259 2033 Proletario,
1281 1967 1378 2033 Gallo,

239 2069 336 2120 magna
357 2069 417 2105 cum
431 2052 572 2106 Herodoto
595 2051 785 2104 intercesserit
804 2051 965 2119 similitudo,
988 2051 1187 2124 simplicitatem
1207 2053 1278 2105 illam
1300 2053 1380 2105 neti.

240 2155 300 2190 sam
315 2143 343 2189 et
363 2137 585 2208 perspicuitatem
606 2153 740 2206 omneque
755 2136 864 2188 dicendi
881 2154 971 2204 genus
990 2137 1014 2189 si
1036 2137 1223 2206 respiciamus.
1262 2136 1325 2190 Alia
1346 2147 1382 2190 ut

241 2241 314 2276 nunc
332 2223 447 2288 mittam,
468 2222 543 2290 legas
563 2221 626 2275 mibi
640 2221 718 2276 modo
735 2221 899 2290 prooemium
922 2222 963 2274 bis
979 2223 1072 2276 verbis
1092 2229 1267 2291 conceptum:
1290 2223 1379 2290 „sun

240 2325 294 2378 que
309 2307 471 2360 bonorables
487 2307 619 2378 emprises
634 2315 662 2359 et
677 2306 772 2358 nobles
788 2313 937 2360 aventnres
954 2315 981 2360 et
997 2307 1060 2360 faits
1073 2307 1204 2373 d'armes‚
1224 2307 1381 2377 lesquelles

240 2399 305 2445 sont
319 2409 439 2446 avenues
457 2409 506 2462 par
522 2393 561 2446 les
577 2409 693 2460 guerres
715 2391 749 2444 de
765 2393 870 2444 France
887 2397 916 2444 et
930 2391 1121 2460 d'lngleteme
1142 2391 1232 2444 soient
1249 2391 1380 2445 nouble-

240 2485 312 2531 ment
331 2478 482 2546 registrles
504 2485 532 2531 et
551 2478 633 2531 misas
653 2495 686 2530 en
709 2477 834 2530 memoire
852 2477 1036 2546 perpetuane,
1066 2495 1115 2546 par
1134 2477 1200 2548 quoi
1221 2477 1262 2530 les
1286 2495 1381 2546 preux

240 2563 315 2615 sient
332 2561 453 2632 exempla
474 2563 555 2616 d'eux
572 2579 741 2630 encourages
763 2579 796 2615 en
814 2562 876 2614 bien
893 2562 1010 2628 faisant,
1029 2564 1058 2630 je
1079 2577 1151 2614 usur
1167 2561 1264 2616 treiter
1284 2569 1315 2614 et
1334 2581 1382 2615 re-

240 2648 338 2700 corder
353 2648 466 2700 histoire
482 2655 510 2700 et
523 2648 634 2700 matiere
650 2647 684 2699 de
699 2647 786 2715 grand
801 2647 949 2714 lonange.“
985 2647 1110 2714 (Bucbon
1126 2645 1240 2700 Collect.
1253 2652 1281 2699 d.
1294 2648 1382 2700 chro—

241 2733 339 2801 niques
356 2732 391 2784 T.
410 2732 432 2784 l.
450 2751 477 2802 p.
496 2735 518 2786 l.
533 2731 696 2800 Prologus.)
732 2733 793 2784 Nec
812 2731 942 2784 immerito
959 2731 987 2782 in
1006 2731 1169 2801 quaestione
1182 2733 1216 2784 ab
1230 2732 1385 2785 Academia

240 2815 380 2868 literarum
393 2815 545 2870 Parisiensi
565 2817 706 2886 proposita
727 2817 754 2868 in
778 2833 877 2868 annum
900 2817 965 2869 1854
987 2816 1021 2868 de
1038 2816 1196 2869 urotsearoo
1218 2817 1246 2868 id
1263 2833 1385 2887 qnoque

240 2899 406 2970 postulatum
422 2907 480 2968 est,
501 2909 532 2954 ut
546 2907 677 2971 quantum
694 2901 792 2952 Gallici
810 2899 953 2970 scriptoris
967 2917 1055 2954 sermo
1068 2917 1127 2954 cum
1142 2901 1303 2954 Herodcteo
1318 2921 1384 2954 ser-

240 3003 318 3038 mone
332 2985 506 3054 conveniret,
523 2983 779 3056 inquirereturt†)=
799 2985 862 3039 inde
881 2985 1068 3056 quaestionem
1084 2985 1131 3058 qui
1146 2985 1230 3038 soluit
1244 2987 1384 3056 pretium-

307 3216 746 3336 2⁰t=t!i·³rh1”-1¹³²li¹¹sbi·
761 3219 891 3336 titiu-
904 3217 1255 3336 'iL-lirtllssiiiltn
1317 3286 1350 3336 n

307 3285 365 3420 Α)
385 3301 601 3405 (lontiellanibdlt
618 3355 652 3404 sd
662 3303 797 3420 'pricipiu
809 3302 911 3405 Arideli
924 3303 987 3421 pllag.
1000 3302 1137 3404 ducisdull
1148 3303 1305 3430 1ΙΙιίΙοιιΙιΙΙΙ
1314 3325 1389 3419 quo-

242 3439 292 3502 que
305 3423 357 3473 huc
371 3423 440 3488 quod
453 3423 485 3472 de
499 3423 569 3472 Istro
582 3423 679 3472 scribit
692 3423 839 3488 Procopius
851 3425 893 3473 De
907 3423 1031 3473 aedifico.
1045 3423 1096 3484 IV,
1109 3421 1138 3471 5:
1157 3435 1266 3470 suessos
1279 3415 1336 3486 priv
1352 3415 1389 3486 ἒξ

241 3486 330 3554 ops'ms
342 3489 397 3541 suiv
411 3481 441 3541 lu
453 3484 569 3549 Ke'lsoec
581 3481 833 3554 ποταμόςἾστρος,
846 3485 875 3541 o‘i
887 3490 987 3541 τοίνυν
999 3481 1102 3540 Γάλλοι
1116 3481 1337 3550 Ιπικαλοῦνται,
1355 3493 1388 3542 in

242 3577 293 3626 quo
306 3558 476 3622 Herodotus,
496 3575 565 3624 quae
578 3560 619 3622 11,
634 3557 667 3610 33
683 3559 824 3624 leguntur,
845 3563 910 3610 unte
928 3558 1021 3610 oculos
1039 3557 1114 3608 illum
1126 3557 1256 3607 habuisse
1269 3558 1389 3610 volunt.

242 3628 310 3678 Mihi
323 3629 368 3678 vix
381 3641 473 3676 verum
486 3627 604 3676 videtur.

308 3693 341 3760 †)
360 3694 403 3744 Cf.
416 3693 521 3744 Touli'el
535 3693 552 3744 l.
566 3695 585 3746 l.
598 3711 660 3760 pag.
673 3693 706 3744 70
718 3711 793 3761 seqq.
806 3695 839 3745 75
852 3711 927 3760 seqq.

309 3759 360 3826 ††)
380 3762 457 3813 conl.
471 3765 518 3812 lm.
533 3762 654 3813 Bekkeri
666 3764 790 3814 Praelat.
803 3765 831 3813 in
846 3763 910 3815 edit.
924 3763 1063 3813 Bonnensi
1078 3759 1150 3814 1843.

308 3828 380 3894 †††)
399 3830 487 3880 Simili
508 3831 587 3880 modo
609 3830 755 3896 Georgium
777 3831 974 3894 Psclrymerem
995 3835 1023 3879 ct
1041 3830 1188 3894 Georgium
1209 3827 1391 3882 Plurnntsern

241 3898 374 3947 Herodoti
386 3899 552 3963 prooemium
565 3899 688 3949 imitatos
701 3915 761 3950 essa
774 3913 856 3964 supra
869 3899 959 3948 monui
970 3897 1031 3948 Vol,
1044 3899 1066 3946 l.
1079 3913 1141 3962 pag.
1154 3897 1180 3945 2.

307 3963 355 4028 Ἴ)
372 3965 437 4030 lpse
453 3965 579 4030 quaestio
596 3965 639 4016 his
655 3967 746 4016 verbis
764 3971 900 4030 concepta
917 3965 1018 4030 legitur
1034 3967 1062 4014 in
1075 3963 1191 4015 Journal
1207 3964 1256 4013 des
1268 3964 1393 4018 Savans

245 4029 316 4082 1853.
330 4048 393 4098 pag.
403 4032 452 4081 517
465 4049 535 4098 seq:
555 4035 644 4085 Etude
656 4034 805 4098 historique
823 4040 851 4083 et
868 4033 1002 4083 litteraire
1020 4049 1066 4082 sur
1082 4033 1123 4082 les
1140 4031 1223 4082 dorits
1235 4033 1269 4081 de
1283 4035 1392 4084 Frois·

242 4103 308 4149 sart.
321 4101 360 4149 Le
374 4099 531 4150 considdrer
543 4117 645 4152 comme
659 4101 684 4151 le
697 4100 823 4151 crdnteur
835 4101 969 4167 principal
982 4117 1017 4151 en
1026 4117 1088 4151 vers
1102 4107 1129 4150 et
1139 4115 1173 4150 cn
1186 4115 1280 4164 prose,
1296 4099 1393 4152 d’rme

243 4183 348 4284 speque
365 4167 492 4218 nouvelle
509 4169 578 4252 dans
595 4169 623 4219 le
639 4169 732 4261 vieille
750 4169 851 4234 longus
868 4169 1015 4260 ipsaquise.
1055 4168 1230 4219 liechercher
1250 4167 1293 4250 les
1312 4169 1393 4221 clre-

242 4235 619 4370 tttttttllpssuiu
634 4243 663 4354 t
676 4235 1395 4370 issssltzttulti¹uttutltlttlttltltuti

242 4371 275 4418 de
289 4369 317 4419 le
329 4369 417 4420 verite
429 4371 594 4435 tristemque,
612 4371 645 4421 dc
662 4372 690 4421 ln
705 4374 830 4437 peinture
849 4372 897 4420 des
916 4387 1022 4422 moeurs
1040 4377 1068 4422 ct
1085 4373 1120 4421 dn
1138 4369 1219 4436 gduie
1232 4371 1265 4420 de
1279 4387 1394 4424 usua—

243 4439 317 4498 tiou,
335 4453 369 4487 en
387 4438 458 4489 isira
476 4439 603 4488 ressortlr
620 4439 659 4488 lcs
677 4439 768 4488 divers
787 4438 897 4488 meritos
914 4455 965 4504 per
980 4455 1016 4490 uu
1034 4454 1148 4490 examen
1167 4439 1282 4489 attentis
1298 4439 1336 4491 de
1360 4443 1395 4493 Ιι
