3068 4964
238 400 302 463 230
677 389 942 452 HERODOTI

238 563 461 638 ἀντιώσεσθαι
497 567 529 646 ἐς
563 561 623 651 τὴν
650 571 812 651 Βοιωτίην
841 561 1091 652 προδεδώκατε,
1127 567 1313 653 περιείδετέ
1343 591 1380 634 τε

241 665 424 757 ἐσβαλόντα
442 670 475 748 ἐς
491 663 553 755 τὴν
568 661 716 752 ’Λττικὴν
733 662 791 735 τὸν
810 663 989 754 βάρβαρον.
1023 660 1072 745 Ἐς
1098 667 1159 754 μέν
1181 694 1247 736 νυν
1264 663 1300 734 τδ
1318 694 1379 736 παη

240 768 317 862 ρεόν
338 766 509 858 Ἀθηναῖοι
532 761 614 857 ὑμῖν
636 773 807 856 μηνίουσι·
844 762 885 836 ον’
908 763 972 856 γάρ
998 765 1171 854 ἐποιήσατε
1190 769 1378 855 ἐπιτηδέως·

239 875 305 944 νῦν
324 872 362 940 δὲ
379 867 430 942 ὅτι
447 867 543 958 τάχος
561 866 718 957 στρατιὴν
736 864 802 956 ἅμα
826 862 907 957 ἡμῖν
932 870 1111 937 ἐκέλευσαν
1133 863 1236 957 ὑμέας
1262 871 1379 958 ἐκπέμ-

240 999 331 1062 πειν,
352 966 396 1053 ὣς
408 967 451 1042 iv
462 968 520 1042 τδν
532 968 704 1060 βάρβαρον
716 967 894 1059 δεκώμεθα
912 971 948 1039 ἐν
965 973 1007 1059 τῇ
1021 965 1158 1059 Ἀττικῇ.
1186 967 1300 1058 ἐπειδὴ
1316 967 1380 1060 γάρ

239 1070 429 1165 ἡμάρτομεν
446 1077 503 1161 τῆς
521 1079 699 1161 Βοιωτίης,
719 1075 777 1160 τῆς
795 1098 833 1159 χε
852 1066 1012 1161 ἡμετέρης
1032 1069 1293 1158 ἐπιτηδειότατόν
1313 1075 1380 1141 ε’στι

214 1178 490 1266 8ἐμμαχέσασθαι
501 1171 537 1244 τδ
551 1172 710 1263 Θριάσιον
723 1179 850 1243 πεδίον.
865 1167 922 1254 Ὡς
936 1173 973 1242 δέ
986 1169 1050 1260 άρα
1061 1169 1210 1260 ἥκουσαν
1221 1178 1256 1242 ol
1265 1179 1381 1263 ἔφοροι

239 1280 354 1365 ταῦτα,
369 1273 593 1365 ἀνεβάλλοντο
607 1278 640 1356 ἐς
652 1272 713 1362 τὴν
725 1269 906 1364 ὑστεραίην
912 1268 1171 1362 ὑποκρίνασθαι,
1183 1276 1225 1364 τῇ
1239 1275 1276 1344 δέ
1285 1269 1380 1344 ὑστε-

240 1387 317 1471 ραίη
333 1381 364 1459 ἐς
374 1375 436 1467 τὴν
455 1380 578 1465 ἑτέρην.
609 1378 775 1446 τοῦτοκαὶ
788 1377 842 1445 ἐπὶ
856 1378 936 1445 δέκα
953 1369 1077 1466 ἡμέρας
1094 1378 1239 1463 ἐποίεον,
1259 1378 1290 1459 ἐξ
1304 1371 1381 1466 ἡμέ-

213 1497 215 1503 “
240 1509 299 1569 ρης
313 1483 345 1561 ἐς
358 1475 485 1570 ἡμέρην
495 1475 767 1568 άναβαλλόμενοι.
788 1480 823 1546 ἐν
837 1478 874 1546 δὲ
885 1475 991 1570 τούτῳ
1003 1479 1051 1570 τῷ
1061 1475 1168 1570 χρόνῳ
1181 1473 1239 1546 τδν
1248 1473 1382 1567 Ἰσθμὸν

241 1585 400 1670 ἐτείχεον,
419 1579 571 1669 σπονδὴν
589 1588 717 1670 ἔχοντες
735 1575 862 1666 πολλὴν
879 1577 999 1659 πάντες
1017 1577 1290 1666 Πελοποννήσιοι·
1325 1587 1385 1648 καί

241 1703 302 1770 σφι
319 1672 362 1770 ἡν
379 1679 461 1773 πρὸς
478 1684 573 1752 τέλει’.
592 1678 663 1752 οὐδ
683 1687 745 1770 ἔχω
765 1680 853 1750 εἶπαι
871 1676 907 1749 ad
926 1690 1049 1770 αίτιον,
1078 1677 1162 1749 διότι
1179 1676 1382 1770 άπικομένου

240 1785 303 1874 μὲν
317 1780 535 1874 Ἀλεξάνδρου
552 1787 613 1852 τοῦ
630 1780 829 1862 Μακεδόνος
848 1784 880 1862 ἐς
895 1778 1038 1870 Ἀθήνας
1056 1779 1208 1870 σπονδὴν
1233 1779 1383 1871 μεγάλην

241 1983 265 2043 ξ.
282 1981 446 2046 l)epeetare
464 1983 670 2046 eetisapperet.
707 1981 785 2042 Quod
841 1981 979 2031 Thriasius.
1015 1979 1121 2030 Similia
1139 1979 1217 2029 adh.
1236 1978 1254 2028 l.
1275 1982 1381 2030 excita-

241 2065 307 2100 vero
320 2047 392 2099 Gail.
405 2049 444 2099 Le
458 2049 553 2114 philol.
564 2049 610 2100 IV.
623 2065 648 2115 p.
663 2048 713 2097 245
725 2048 752 2098 h.
766 2048 783 2098 l.
836 2051 878 2099 vit
890 2047 1058 2112 wesseling.
1075 2049 1196 2112 Appiani
1212 2049 1244 2097 B.
1260 2047 1318 2098 civ.
1332 2049 1381 2112 IV,

241 2117 283 2166 ite
294 2117 503 2182 interpretetur:
523 2119 629 2166 Persam
641 2123 784 2175 coacturos,
839 2115 894 2167 106.
912 2116 1020 2166 Philon.
1039 2116 1094 2166 vit.
1112 2115 1180 2166 Mos.
1193 2115 1229 2165 11.
1248 2132 1274 2180 p.
1287 2114 1337 2166 659
1349 2117 1382 2168 B.

241 2191 268 2234 ut
289 2183 361 2234 uobis
383 2191 516 2247 occurrat,
542 2185 635 2235 malim
658 2184 784 2248 equidem
836 2186 879 2235 De
892 2185 1000 2234 Numer.
1012 2183 1124 2248 Septen.
1138 2199 1164 2247 p.
1180 2181 1381 2234 lietu-De

242 2251 368 2302 reddere:
392 2253 490 2302 Persae
510 2252 605 2302 obuiam
628 2255 666 2302 ire
688 2253 723 2301 ad
738 2269 784 2316 pu·
841 2250 1248 2316 Tmasroeampovidnottad
1257 2251 1381 2315 vuido.

239 2335 322 2385 ynam.
336 2347 369 2355 -
386 2311 555 2386 sequentis
572 2313 604 2369 τὸ
620 2311 729 2384 παρεὸν
744 2324 785 2369 et·

241 2387 294 2452 tigi
307 2387 342 2437 ed
354 2387 415 2446 Vll,
428 2387 461 2438 29
473 2387 528 2448 lin,
544 2388 656 2437 verbum
669 2385 786 2506 μηνίειν

242 2453 421 2517 adv11,169.
451 2456 556 2506 Verba:
576 2450 611 2506 ον’
623 2448 677 2520 χεὶρ
705 2447 785 2520 αοιή·
1028 2420 1094 2470 CAP'
1116 2419 1189 2470 vm'

242 2536 308 2573 σατε
322 2513 476 2588 ἐπιτηδέως
489 2523 517 2585 (i.
526 2539 637 2588 eaeque
648 2526 710 2572 euim
719 2539 785 2574 com·
869 2512 998 2588 ἡκοσσαν
1021 2521 1380 2586 8σΙιοείειιιε,ηιιοιιιΒε1ιΙι.

241 2592 325 2648 mode,
348 2597 419 2640 recte
440 2591 550 2652 fecialis)
577 2590 676 2640 leniter
700 2590 785 2651 diota,
837 2592 972 2655 sequitur,
995 2603 1132 2640 ακονσαν.
1167 2589 1300 2654 Equidem
1320 2605 1381 2640 cum

242 2662 369 2707 monente
380 2657 642 2722 Schweiglraeueero
652 2657 680 2706 iu
690 2657 784 2706 Lexie.
837 2658 933 2722 reliqq.
947 2657 1007 2707 edd.
1021 2659 1138 2722 scriptos
1151 2656 1235 2707 libros
1248 2672 1280 2706 eo
1293 2659 1383 2722 megie

241 2724 345 2774 Herod.
363 2725 385 2774 Ι.
403 2741 429 2789 p.
447 2723 511 2786 269,
531 2725 706 2789 accipiantur
722 2741 785 2790 pro:
838 2726 916 2790 sequi
935 2725 1031 2788 malui,
1052 2725 1123 2790 quod
1136 2725 1235 2774 Noster
1253 2731 1381 2775 constan-

242 2791 427 2854 mateleciette.
462 2792 503 2840 Tu
525 2792 579 2842 vid.
603 2792 636 2841 de
656 2792 787 2842 adverbio
838 2797 881 2842 ter
898 2794 926 2841 in
943 2793 995 2842 hoe
1014 2793 1099 2844 verbo
1117 2796 1264 2856 augmento
1282 2793 1380 2842 utitur:

243 2849 398 2922 ἐπιτηδέως
415 2858 466 2912 lv.
488 2856 534 2908 139
556 2859 649 2923 ibique
668 2864 735 2908 nott.
754 2885 786 2894 ·-
838 2859 1146 2910 vid.loeoeaBrodovio
1159 2865 1306 2924 congestos
1315 2876 1381 2938 pag.

242 2925 284 2974 Ad
297 2925 440 2974 formulam
454 2920 497 2974 δτι
507 2918 592 2990 τάχος
603 2927 675 2975 coni.
686 2926 786 2976 Matth.
838 2926 896 2976 297.
922 2953 953 2963 —
976 2927 1054 2988 Quuod
1078 2928 1202 2992 requitur
1224 2917 1382 2993 άναβαλλε-

243 2991 289 3042 Gr.
310 2991 356 3041 Gr.
378 2993 402 3052 ξ.
420 2992 478 3042 824.
519 2994 560 3042 De
582 2993 728 3058 particulis
749 2983 787 3050 οἱς
838 2994 924 3056 σθαι,
938 2999 980 3044 eet
992 2997 1114 3059 differre,
1127 2999 1158 3044 ut
1169 2996 1205 3056 V,
1218 2993 1259 3044 49.
1274 2996 1324 3056 VI,
1338 2994 1382 3044 Sil.

242 3048 292 3122 άν,
308 3074 376 3124 quos
390 3060 581 3110 coniunctivae
595 3061 711 3126 excipit,
730 3060 785 3110 vid.
838 3063 880 3112 Ad
889 3059 923 3126 τῇ
933 3053 1068 3128 ὑστεραίῃ
1077 3063 1132 3112 vid.
1143 3066 1240 3112 notate
1251 3063 1285 3112 ud
1296 3064 1344 3125 lx,
1356 3063 1380 3113 3.

242 3127 321 3177 modo
334 3127 356 3186 1,
369 3127 385 3176 5
398 3127 491 3192 ibique
505 3127 606 3188 allate,
620 3130 633 3178 1
659 3129 698 3177 11.
711 3126 752 3178 36.
837 3155 872 3166 -
883 3131 945 3179 Mox
962 3146 1010 3194 pro
1028 3128 1111 3182 τοῦτο
1129 3123 1174 3191 δὲ,
1194 3129 1265 3195 quod
1277 3131 1383 3181 hubent

288 3185 515 3274 ἐπιηηδεάματόν
545 3186 602 3245 ἐστι
627 3164 785 3262 ἐμμαχίσα-
837 3197 1005 3248 8οΙιαεΙοιιιε
1024 3203 1052 3247 et
1068 3197 1216 3259 Matthiae,
1240 3198 1302 3248 dedi
1320 3213 1382 3249 oum

242 3262 314 3313 σθαι
323 3278 356 3312 το
366 3259 504 3326 Θριάσιον
512 3261 624 3328 πεδίον]
634 3265 697 3314 Duo
708 3263 785 3314 codd.
837 3270 954 3314 reeentt.
973 3265 1033 3314 edd.
1049 3281 1129 3314 unum
1147 3264 1245 3328 τοῦτο,
1270 3267 1383 3316 abiecti

243 3322 475 3397 ἐπιτηδέστατον,
490 3335 588 3380 merito
598 3331 664 3382 illud
677 3331 785 3396 quidem

242 3401 376 3449 reiectum
390 3415 407 3450 a
418 3399 620 3463 Valckenario,
634 3399 680 3464 qui
691 3399 786 3448 laudet

241 3466 354 3516 Suidem
373 3483 395 3517 ε.
414 3483 440 3517 v.
458 3458 597 3532 εάὴλατον
615 3469 636 3517 Ι.
650 3483 676 3532 p.
689 3463 740 3515 888
759 3471 786 3516 et

242 3536 364 3599 geminos
374 3535 450 3586 locos
459 3535 592 3585 Herodoti
602 3535 700 3596 IX‚·tb.
714 3533 786 3583 Thu·

242 3603 302 3665 eyd.
316 3603 352 3662 ΙΙ,
365 3601 407 3653 20.
443 3603 497 3653 Sed
509 3618 557 3668 pro
571 3602 634 3652 olim
648 3603 720 3667 vulg.
733 3617 785 3666 μα-

243 3667 384 3732 χέσασθαι
402 3671 499 3720 merito
516 3685 588 3719 nune
605 3671 703 3720 iisdem
722 3686 736 3719 e
754 3670 786 3718 li·

240 3735 297 3784 brie
308 3743 449 3801 receptum
460 3731 685 3802 ἐμμαχέσασθαι,
698 3743 728 3786 ιιι
738 3737 784 3798 IX,

241 3801 257 3848 2
271 3794 598 3867 ἐνστρατοπεδεύεσθαι,
618 3805 650 3856 de
664 3820 717 3870 quo
729 3805 784 3856 vid.

241 3873 311 3917 nott.
330 3869 364 3918 ed
381 3871 446 3930 Vll,
466 3871 498 3922 59
525 3873 623 3922 Metth.
643 3873 688 3922 Gr.
702 3872 747 3922 Gr.
761 3875 784 3934 ξ.

241 3933 299 3984 533.
311 3941 367 3985 not.
378 3937 394 3984 2
404 3941 433 3985 et
442 3939 581 3988 Kuehner.
589 3940 684 3990 Gr.Gr.
695 3941 718 4000 δ.
726 3939 783 3989 850.

241 4006 314 4066 not,
337 4004 384 4067 qui
401 4005 562 4056 Herodotee
579 4008 665 4056 verbe
682 4007 723 4056 sic
741 4023 784 4056 ex-

242 4069 372 4133 plicavit:
398 4062 624 4137 ἐπιτηδεάτατον
646 4061 683 4139 ἡν
700 4068 785 4138 μαχέ-

242 4136 350 4186 σασθαι
369 4129 401 4186 ἐν
418 4137 456 4204 τῷ
475 4137 602 4207 Θριασίῳ
619 4139 723 4206 aedito:
748 4142 786 4190 di-

243 4209 308 4254 eunt
321 4205 393 4254 enim
403 4205 610 4258 Atheniensium
623 4208 724 4274 legati:
744 4225 787 4260 no·

241 4279 312 4322 atrae
326 4274 424 4338 quidem
435 4280 523 4326 terrae
539 4277 646 4326 maxime
663 4283 784 4340 opportu-

243 4355 288 4392 νινε
305 4341 341 4390 ad
354 4343 515 4406 papnnutium
536 4347 606 4393 tecue
629 4351 667 4394 eut
685 4360 787 4409 σαιαμιιε

837 3332 975 3397 particula
999 3326 1039 3382 δέ.
1082 3333 1122 3382 Ad
1144 3333 1310 3384 locutionem
1333 3326 1383 3384 ἐπὶ

838 3394 908 3450 δέκα
920 3391 1029 3465 ἡμέρας
1046 3401 1105 3464 (per
1121 3403 1206 3452 decem
1222 3402 1287 3462 dieu)
1305 3403 1380 3452 coni.

838 3467 926 3518 nlleta
939 3467 1006 3530 adl,
1020 3467 1074 3518 lud.
1085 3469 1135 3530 111,
1145 3469 1187 3518 59.
1197 3469 1228 3530 V,
1239 3468 1281 3519 ⁴28.
1302 3469 1381 3546 ond

836 3537 959 3600 sequitur
976 3526 1005 3598 ἐξ
1022 3527 1129 3601 ἡμέρης
1148 3528 1176 3594 ἐς
1188 3527 1298 3602 ἡμέρην
1310 3553 1380 3586 ανα-

838 3597 1007 3670 βοιλλόμενοι
1025 3606 1067 3666 (de
1083 3607 1124 3654 die
1137 3608 1162 3654 in
1174 3607 1238 3654 diem
1255 3607 1379 3670 differ-eu·

836 3679 876 3721 tea
889 3687 910 3721 e.
923 3687 1008 3722 moror
1020 3673 1167 3734 uertentes),
1182 3671 1276 3722 attulit
1288 3673 1380 3723 Kneh·

837 3755 886 3788 ner
908 3740 955 3790 Gr.
974 3739 1019 3788 Gr.
1037 3740 1061 3799 ἓ.
1079 3739 1142 3802 533,
1161 3741 1186 3788 2.
1227 3739 1328 3804 Sponte
1351 3741 1381 3789 in

837 3811 956 3856 mentem
968 3806 1046 3855 venit
1058 3807 1131 3857 Livii
1147 3806 1215 3856 illud
1227 3807 1315 3865 XXV,
1333 3808 1380 3856 25:

837 3874 1293 4008 u³¹delebili{lli‘
1308 3875 1381 3992 ιλ

876 3977 911 4000 .,,
1285 3979 1292 3991 .
1375 3981 1381 3992 .

839 4024 904 4067 ,σοι
917 4010 995 4056 einum
1012 4008 1065 4073 Ταη
1077 4026 1129 4058 :um
1141 4011 1252 4071 andern,
1265 4025 1313 4060 οοιι
1327 4009 1381 4072 Tay

837 4091 867 4124 ια
889 4075 970 4139 ruff
988 4103 1019 4110 —
1036 4076 1077 4125 Ad
1099 4077 1185 4127 verbe
1203 4075 1255 4127 καί
1275 4091 1325 4140 σφι
1343 4063 1382 4142 ἡν

838 4135 908 4204 πρὸς
919 4135 995 4192 τέλεϊ
1012 4159 1045 4192 ex
1058 4145 1239 4195 antecedente
1255 4136 1382 4210 ἐτείχεον

838 4215 929 4259 mente
943 4211 1120 4274 repetendum
1133 4207 1164 4262 τὸ
1176 4215 1281 4278 τεῖχος,
1295 4219 1325 4262 ut
1338 4229 1381 4262 re·

839 4283 883 4326 ote
899 4278 1002 4327 monuit
1010 4278 1140 4328 Kuehner
1152 4281 1196 4330 Gr.
1205 4279 1381 4342 (inedita,

839 4346 885 4410 qui
897 4344 976 4411 plura
988 4345 1091 4396 similia
1107 4348 1222 4413 profert.
1239 4347 1282 4398 Ad
1293 4348 1381 4399 verba
