3040 4962
249 459 290 523 26
685 453 951 514 HERODOTI

249 635 381 716 οίκηΐην
403 623 624 717 παρεχόμενος
648 623 859 716 ἐστρατεύετο
885 621 1027 716 άνδράσι
1050 653 1085 695 τε
1110 629 1305 713 διηκοσίοισι
1324 627 1435 694 aulos?

250 737 360 818 οίιιηΐη
384 737 448 817 νηΐ.

204 843 243 906 18
324 826 380 910 Ὡς
405 831 441 900 δὲ
466 831 659 916 διέστησαν,
683 825 821 918 άσμενοι
846 828 993 919 ἑκάτεροι
1018 835 1050 911 ἐς
1072 827 1176 918 ὅρμον
1200 825 1384 916 ἠπείγοντο.

248 939 283 1002 ol
305 934 342 1002 dl
357 929 531 1020 Ἕλληνες,
560 925 604 1010 ὥς
629 933 858 1020 διακριθέντες
885 935 921 1000 ἐκ
944 935 1002 1020 τῆς
1031 939 1216 1020 ναυμαχίης
1241 926 1386 1020 άιιηλλά-

248 1047 395 1125 χθησαν,
413 1041 481 1103 τῶν
498 1033 560 1122 μὲν
578 1035 707 1120 νεκρῶν
725 1035 779 1100 καί
798 1036 866 1102 τῶν
883 1041 1056 1121 ναυηγίων
1074 1029 1286 1122 ἐπεκράτεον·
1310 1061 1386 1120 τρη-

247 1139 328 1226 χέως
347 1137 384 1206 δέ
402 1135 660 1225 περιεφθέντες,
679 1136 734 1202 καλ
751 1129 814 1204 oria
831 1131 949 1223 ἥκιστα
964 1131 1153 1223 Ἀθηναῖοι,
1176 1135 1244 1202 τοῖν
1261 1139 1299 1203 αί
1314 1129 1387 1222 ἡμί-

247 1259 319 1307 σεαι
355 1240 423 1307 τῶν
452 1242 540 1306 νεῶν
573 1237 775 1325 τετρωμέναι
804 1225 906 1325 ἦσαν,
949 1235 1097 1326 δρησμὸν
1127 1233 1170 1324 δὴ
1206 1235 1388 1321 ἐβούλευον

202 1346 313 1410 19ἕσω
333 1343 366 1420 ἐς
388 1334 449 1428 τὴν
462 1333 611 1410 Ἑλλάδα.
659 1335 738 1430 Νόςο
758 1338 794 1406 δέ
813 1333 961 1426 λαβώνὸ
981 1340 1236 1428 Θεμιστοκλέης,
1267 1333 1331 1425 ὦς,
1357 1345 1388 1406 εί

246 1506 320 1555 ΙΙΙΙΙ.
329 1521 359 1578 p.
373 1503 443 1566 490).
480 1504 577 1568 Itaque
595 1503 696 1552 retinui
708 1502 788 1554 Κλει·
841 1509 884 1564 tu‚
898 1503 1043 1568 sigillatim
1055 1510 1252 1564 memorantur,
1266 1503 1312 1566 qui
1324 1518 1386 1566 gra·

247 1571 339 1636 νίηςο
356 1561 534 1634 Ἀλκιβιάδεω
553 1575 581 1620 et
598 1571 633 1619 ad
650 1571 722 1620 bunc
735 1571 791 1620 Cli·
841 1573 963 1621 cissimis
979 1573 1148 1637 temporibus
1171 1585 1312 1634 rerumque
1331 1569 1387 1619 dis·

247 1641 334 1699 uiam,
360 1638 515 1688 Alcibiadis
539 1639 718 1688 famosissimi
741 1655 791 1704 pa·
843 1640 1002 1689 criminibus
1018 1655 1104 1689 nares
1122 1641 1197 1704 ipsas
1214 1639 1386 1702 suisimpeu-

247 1713 326 1764 trem,
343 1707 433 1756 refero
445 1721 552 1770 quoque
565 1721 682 1768 sequeus
695 1721 791 1771 prouo-
843 1709 881 1757 sis
894 1713 1068 1758 constructas
1086 1713 1114 1756 et
1125 1711 1237 1756 ornatas
1251 1709 1387 1770 apparatu

247 1789 310 1824 men
319 1773 463 1823 relativum
472 1761 512 1830 ὃς,
523 1772 675 1822 accedente
686 1789 791 1838 quoqne
842 1775 1000 1826 necessario
1014 1776 1052 1835 (id
1065 1781 1107 1824 est
1121 1769 1297 1831 ίδιοστόλους
1308 1765 1386 1837 τριη-

246 1841 404 1902 Plutarcbo,
417 1841 463 1904 qui
473 1841 490 1890 l.
500 1841 518 1889 l.
529 1840 601 1889 bunc
611 1841 725 1891 cundem
736 1841 792 1891 cli·
843 1843 911 1906 petel
925 1843 1149 1908 suppeditarunt;
1169 1857 1221 1906 qno
1237 1843 1296 1906 ipso
1308 1856 1387 1905 egre·

247 1909 322 1964 niam
334 1910 400 1958 navi
413 1909 469 1958 suia
481 1907 579 1974 opibus
589 1915 688 1972 parata
699 1909 734 1958 ad
743 1911 791 1958 Ar·
843 1911 917 1976 ginm
935 1911 977 1960 sui
995 1912 1023 1959 in
1036 1912 1154 1975 patriam
1168 1909 1250 1962 studii
1263 1910 1387 1958 testimo-

246 1977 385 2028 tamisium
398 1991 535 2042 pugnasse
549 1975 641 2028 tradit.
673 1975 792 2027 CuiCli·
842 1980 918 2028 nium
940 1978 1070 2028 exhibere
1092 1978 1269 2042 putabantur.
1305 1975 1387 2026 conf.

246 2045 310 2094 niae
321 2060 384 2094 unm
392 2049 473 2110 pater
483 2044 572 2094 adbuc
580 2044 660 2095 vivus
670 2049 792 2109 sumptus
842 2045 927 2096 Wolf.
941 2046 1070 2110 Prolegg.
1090 2045 1124 2095 ad
1141 2044 1317 2094 Demosthen.
1333 2043 1387 2092 Le·

248 2113 284 2164 ad
300 2128 399 2162 narem
417 2112 604 2162 instruendam
618 2113 791 2163 necessarios
842 2115 910 2178 ptin.
933 2130 997 2179 pag.
1020 2113 1041 2164 C
1063 2129 1139 2178 seqq.
1162 2112 1269 2162 cxvn.
1288 2111 1386 2160 cxlx.

246 2181 415 2246 praebuerit,
429 2179 554 2244 filiusque
568 2180 637 2230 duce
651 2187 729 2246 patre
742 2197 790 2230 na·
843 2181 966 2231 Boockb.
980 2181 1128 2232 Oeconom.
1140 2180 1311 2229 Atheniense.
1325 2177 1387 2228 Vol.

245 2265 307 2298 vem
331 2249 419 2314 ipsam
443 2253 472 2297 et
493 2249 617 2298 bomines
639 2248 791 2314 praebente
842 2249 863 2299 1.
877 2266 903 2314 p.
917 2247 966 2300 384
980 2249 1021 2298 ed.
1036 2264 1108 2311 sec,
1126 2249 1269 2298 ubietiem
1282 2247 1389 2296 monuit

245 2317 411 2382 pugnaverit
432 2314 499 2379 (vid.
517 2317 613 2367 Vater.
636 2317 654 2366 l.
677 2316 696 2366 l.
714 2317 790 2365 Xlll.
842 2317 876 2366 de
887 2319 958 2366 iusto
968 2319 1128 2368 dissertorum
1138 2317 1255 2366 virorum
1265 2329 1387 2372 numero,

245 2401 309 2450 pag.
319 2383 392 2447 400),
408 2384 482 2434 baud
495 2399 639 2448 quaerum:
658 2384 791 2434 Herodoti
843 2385 940 2449 quibus
951 2386 1075 2434 triremes
1084 2383 1242 2449 plerumque
1256 2381 1389 2446 compleri

218 2453 477 2508 ‚eenosententin
494 2453 571 2502 nulla
589 2453 718 2514 aliaest,
737 2453 791 2502 nisi
842 2452 982 2502 solebant:
1006 2452 1040 2501 de
1058 2453 1387 2516 quereiamsupramo-
1420 2453 1425 2460 “

246 2521 366 2570 Cliniam
375 2520 432 2570 suis
442 2521 594 2586 sumptibus
604 2537 702 2571 navem
713 2535 791 2586 prae·
842 2521 949 2570 nuimus
962 2521 997 2570 ad
1010 2519 1062 2580 ΙΙΙ,
1079 2517 1117 2570 Ιδ.

245 2587 337 2636 buisse
356 2593 461 2636 etcum
482 2587 536 2638 bac
558 2589 625 2637 navi
642 2587 791 2638 inbellem

246 2654 399 2718 proiectum
417 2655 515 2704 eximie
532 2670 671 2720 pugnasse
690 2655 725 2704 ad
740 2656 790 2704 Ar·
1021 2639 1087 2688 0⁸¹³·
1107 2637 1208 2688 xl'lll·

246 2721 396 2782 tamisium
416 2721 486 2785 quod
498 2738 546 2771 cur
557 2723 645 2771 miuus
659 2722 790 2772 credibile
872 2715 922 2782 ‘as
936 2717 967 2774 dl
981 2717 1143 2789 διέστησαν]
1163 2721 1206 2771 Cf.
1220 2721 1298 2776 ΙἸΙΙ,
1314 2717 1346 2768 lo
1358 2725 1390 2769 et

246 2788 386 2849 videatur,
401 2788 504 2837 nullam
511 2790 656 2906 perspicio
670 2805 790 2840 causam.
844 2792 986 2842 advocent
999 2779 1117 2857 ἅσμενοι
1133 2792 1191 2840 citt.
1206 2789 1240 2840 ad
1254 2789 1329 2850 VIII,
1348 2788 1387 2836 ΙΙ.

282 2849 419 2919 δαπάνην
442 2849 507 2921 οίκη
526 2873 560 2922 ην
585 2851 791 2923 παρεχόμενος]
842 2860 883 2909 Ad
897 2876 992 2910 vocem
1006 2853 1206 2922 διακριθέντες
1220 2857 1256 2908 ci.
1269 2861 1336 2907 nott.
1351 2853 1388 2904 ad

246 2923 312 2972 lude
326 2939 386 2972 mox
398 2917 498 2988 οίκηλη
510 2921 560 2989 νηῒ
576 2923 710 2976 militasse
723 2926 791 2975 dici·
843 2928 894 2977 Vll
900 2965 906 2988 ,
920 2926 979 2977 219.

247 2996 291 3039 tur
303 2990 375 3051 sive,
389 2997 419 3040 nt
432 2991 503 3056 apud
518 2992 659 3044 Plutarch.
672 2993 761 3043 Alcib.
778 2993 789 3042 l
875 2994 932 3045 roia-
952 2989 1005 3060 μὲν
1026 2993 1134 3056 νεκρῶν
1154 2989 1203 3044 καλ
1224 2991 1280 3042 τεόν
1297 3007 1387 3054 ναυη-

246 3057 377 3122 legimns,
403 3051 552 3122 ἰδιοστόλῳ
572 3055 694 3126 τριήρει,
720 3062 791 3126 quod
842 3061 922 3128 yion]
942 3062 1128 3124 Quaeeadern
1145 3062 1185 3111 sic
1200 3061 1389 3124 iunctarepe-

247 3125 343 3176 eodem
361 3141 428 3175 saue
446 3127 525 3177 redit.
562 3129 620 3178 Nec
637 3128 692 3179 alio
709 3144 791 3178 sensu
842 3132 927 3180 rimus
939 3131 1010 3190 ΙἸΙΙ,
1027 3129 1132 3190 12,nbi
1144 3129 1198 3180 vid.
1225 3127 1325 3178 Sedulo
1339 3143 1388 3176 au-

247 3187 361 3243 οἰκείαν
373 3192 447 3243 ναύν
464 3195 533 3245 dixit
546 3196 700 3246 Pausanias
713 3197 751 3256 x,
764 3196 790 3247 e.
842 3205 898 3248 tem
911 3199 1065 3248 Herodotus
1077 3197 1191 3258 indicat,
1204 3193 1389 3245 cadaveribus

246 3263 270 3322 ξ.
292 3259 319 3322 1,
343 3275 423 3326 quam
445 3255 606 3314 ἰδιόστολον
627 3269 709 3314 vocat
726 3265 788 3314 Plu·
843 3272 872 3316 et
883 3267 995 3316 navium
1008 3265 1170 3330 fragmentis
1184 3279 1231 3314 eos
1242 3277 1303 3312 esse
1317 3262 1388 3324 poti-

246 3329 334 3379 tarcb.
346 3328 481 3380 Alexand.
495 3330 536 3382 34.
550 3348 577 3397 p.
589 3329 683 3382 6851).
713 3333 791 3397 Apud
842 3339 898 3384 tos:
923 3334 947 3382 si
960 3334 1069 3396 quidem
1083 3332 1110 3382 id
1123 3332 1268 3382 victoriam
1280 3329 1387 3378 indice-

246 3398 334 3462 ipsnm
352 3397 521 3448 Horodotum
539 3400 577 3462 V,
594 3399 627 3448 47
647 3400 791 3465 Philippus
842 3401 893 3450 bat
914 3401 1047 3466 simulque
1069 3403 1202 3466 pietatem
1224 3397 1388 3448 declarabat

247 3465 434 3516 Crotoniensis
469 3483 484 3516 e
514 3466 620 3530 Cyrene
650 3468 791 3532 profectus
843 3483 910 3533 erge
927 3473 1060 3530 mortuos,
1080 3468 1125 3533 qui
1143 3469 1215 3517 iusta
1229 3465 1388 3516 obtinerent

246 3528 410 3611 centenero,
422 3528 546 3600 οίκηΐη
562 3550 592 3585 τε
613 3528 725 3602 τριήρεϊ
740 3533 789 3586 καί
842 3537 980 3600 exsequia.

247 3595 369 3665 οίιιηΐη
390 3599 506 3664 ανδροὶν
532 3595 658 3668 δαπάνη.
694 3604 789 3668 Neque
875 3597 998 3669 τρηχέως
1016 3596 1047 3653 δὲ
1064 3596 1281 3666 περιεφθέντεςλ
1302 3597 1386 3647 conf.

248 3665 330 3716 aliter
342 3667 461 3734 intelligi
473 3670 570 3720 volunt
579 3671 731 3734 Thucydid.
741 3673 788 3730 Vl,
842 3677 908 3721 nott.
924 3672 959 3721 ad
971 3672 1008 3731 V,
1025 3671 1036 3720 l
1053 3676 1081 3720 ct
1094 3671 1154 3720 add.
1168 3668 1255 3718 Cobet
1268 3667 1296 3715 iu
1307 3665 1385 3716 Mue-

246 3730 792 3812 illuminatricemdieituniplvtzov
842 3755 945 3802 mosyn.
964 3739 1024 3788 Vll.
1042 3755 1068 3803 p.
1087 3738 1144 3786 297.
1180 3737 1222 3785 lle
1239 3749 1289 3783 usu
1305 3733 1387 3782 verbi

246 3815 309 3864 την
330 3802 579 3868 seccoviensis,
603 3807 621 3856 i.
641 3823 665 3855 e.
683 3821 790 3864 navem,
842 3799 1005 3870 τιτροόοιιειν
1028 3807 1061 3855 de
1082 3805 1184 3854 ιιουιλιιιε
1206 3802 1243 3852 oi.
1266 3803 1326 3851 citt.
1351 3801 1386 3850 ad

248 3881 329 3931 quarn
346 3868 407 3931 ipse
426 3872 591 3934 praebuerat
613 3874 723 3938 suisque
741 3875 789 3922 im·
843 3875 908 3935 vll,
921 3873 980 3924 ⁶233.
1008 3875 1050 3923 De
1063 3873 1146 3923 verbo
1160 3862 1313 3935 ἐβούλευον
1326 3870 1385 3934 ogi-

248 3935 340 4000 pensis
358 3944 523 3987 armaverat.
559 3941 598 3989 dc
617 3940 662 3990 vel
682 3942 791 3992 Horatii
842 3957 901 3992 mus
915 3942 949 3992 ed
960 3942 1035 4002 Vlll,
1046 3941 1070 3988 4.
1089 3941 1129 3988 lix
1142 3936 1385 3986 AldiuaScbeefe·

247 4001 325 4052 locus
343 4001 371 4050 in
389 4003 475 4068 Epist.
493 4006 520 4065 Ι,
536 4005 563 4066 1,
577 4007 609 4057 93
627 4007 790 4073 (,,Ιοοιιμ1εε,
842 4025 887 4059 rus
904 4013 1084 4060 revocaverat
1098 3997 1293 4072 ἐβουλεύοντο,
1313 4003 1387 4068 ηιιοδ

248 4085 327 4135 quem
340 4068 417 4120 ducit
427 4074 502 4133 priva
513 4077 651 4137 triremis“)
670 4082 735 4141 apte
750 4079 790 4127 ei·
843 4077 1016 4128 Florentinus
1042 4079 1069 4124 et
1093 4075 1145 4123 duo
1167 4071 1245 4122 codd.
1263 4072 1386 4121 Parisini

248 4138 336 4188 fertur
358 4154 375 4188 a
393 4137 574 4190 Blomiieldio.
611 4143 697 4202 Quum
720 4145 791 4194 enim
842 4145 978 4211 praebent
994 4142 1118 4208 quodque
1141 4143 1280 4204 receptum
1304 4143 1347 4188 est
1369 4155 1386 4187 a

247 4204 362 4256 Athenis
386 4205 543 4271 respublica
564 4208 625 4272 ipsa
646 4211 792 4274 praeberet
843 4217 957 4263 recentt.
971 4211 1032 4261 edd.
1045 4211 1108 4259 iude
1123 4225 1140 4258 ιι
1152 4207 1290 4258 Bekkero.

248 4287 334 4323 naves
347 4273 464 4324 bellicas
477 4275 619 4340 esingulis
632 4277 739 4326 civibus
752 4280 789 4328 di·

247 4340 363 4390 tioribus
388 4347 462 4392 certo
487 4341 602 4408 quodum
626 4343 720 4394 ordine
750 4347 790 4396 in·
1035 4327 1101 4377 eil·
1120 4327 1192 4376 m·

249 4408 393 4462 sbueudas
406 4410 488 4462 armis
501 4427 537 4462 ac
552 4411 657 4478 reliquo
674 4428 789 4480 appare·
876 4405 945 4478 Νόῳ
963 4405 994 4463 δὲ
1012 4404 1116 4478 λαβὸν]
1140 4411 1321 4460 Locutioncm
1343 4413 1386 4458 at-
