3068 4964
258 433 324 496 204
696 424 963 490 HERODOTI

260 622 335 694 μσς
365 597 386 690 ἡ
406 602 443 672 δὲ
459 598 546 690 γυνη
564 603 624 670 τοῦ
641 601 792 687 βασιλέος
810 595 894 687 αὐτὴ
911 596 951 669 τὰ
969 605 1057 670 σιτία
1074 619 1135 686 σφι
1153 603 1278 668 ἔπεσσε.
1314 593 1399 680 ὅκως

262 706 299 775 δὲ
316 700 443 798 όπτῷτο
460 698 478 773 ό
495 699 592 788 ἄρτος
610 703 672 772 τοῦ
688 698 806 781 παιδός
828 704 889 770 τοῦ
909 696 1011 789 θητός
1035 705 1247 790 Περδίκκεω,
1284 699 1398 788 διπλή-

261 827 331 887 σιος
350 808 476 894 ἐγίνετο
493 800 591 884 αὐτός
611 805 747 874 ἑωυτοῦ.
784 803 855 872 ἐπεὶ
879 803 916 872 δὲ
939 804 1004 872 utel
1021 798 1129 872 τώυτό
1145 803 1242 871 τοῦτο
1262 803 1398 889 ένίνετο,

262 907 333 978 εἶπε
356 903 438 997 πρός
461 903 520 976 τόν
542 901 651 992 ἄνδρα
672 900 731 974 τόν
754 906 887 992 ἑωυτῆς.
923 900 982 974 τόν
1005 903 1041 973 δὲ
1064 898 1254 973 ἀκούσαντα
1278 904 1400 991 ἐσῆλθε

261 1005 396 1096 αὐτίκα,
433 1001 477 1088 ὥς
501 1017 552 1096 εἴη
574 1007 670 1098 τέρας
692 1007 747 1076 καὶ
765 1007 861 1095 φέροι
881 1007 913 1086 ές
931 1007 1014 1094 μέγα
1030 1034 1071 1075 τι.
1108 1006 1247 1085 καλέσας
1267 1004 1304 1074 δὲ
1321 1001 1399 1084 τούς

260 1113 365 1200 θῆτας
388 1106 595 1200 προηγόρευέ
610 1129 670 1198 σφι
688 1102 959 1178 ἀπαλλάσσεσθαι
985 1110 1021 1176 έκ
1038 1110 1099 1195 γῆς
1115 1109 1173 1194 τῆς
1193 1107 1330 1176 έωυτοιῗ.
1365 1110 1402 1176 oi

262 1212 299 1283 dl
316 1209 375 1282 τόν
392 1207 516 1301 μισθόν
534 1215 663 1301 ἔφασαν
679 1215 803 1279 ’δίκαιοι
826 1207 912 1279 εἶναι
934 1205 1173 1296 ἀπολαβόντες,
1208 1203 1297 1278 οὕτω
1322 1209 1399 1291 ἐξιέ-

259 1343 326 1384 ναι.
363 1315 511 1384 tuocum
533 1305 551 1382 ό
575 1307 748 1400 βασιλεδς,
772 1313 836 1381 τοῦ
851 1313 979 1400 μισθοῦ
995 1311 1070 1399 πέρι
1088 1305 1248 1396 ἀκούσας,
1275 1298 1318 1397 ἦν
1335 1305 1399 1398 γὰρ

261 1411 343 1487 κατὰ
359 1412 421 1504 τὴν
439 1411 650 1502 καπνοδόκην
669 1415 702 1494 ές
719 1409 777 1483 τόν
794 1411 887 1483 οίκον
906 1413 1028 1501 ἐσέχων
1050 1405 1068 1481 ὁ
1092 1407 1200 1498 ἥλιος,
1224 1409 1297 1480 εἶπε
1320 1421 1398 1480 θεο-

260 1629 319 1665 sam
332 1614 502 1677 contineant,
512 1612 707 1680 praeponendo
716 1613 805 1678 potins
856 1611 910 1662 suli
926 1615 1018 1676 potest
1029 1610 1165 1660 Matthiae
1181 1609 1227 1660 Gr.
1241 1607 1288 1660 Gr.
1301 1611 1325 1671 §-
1338 1609 1397 1660 452.

261 1698 343 1748 quom
366 1681 539 1732 subiicienda
566 1681 652 1730 tuisse
676 1681 805 1730 observet
855 1680 947 1737 Ipsum
959 1683 1113 1744 portentum
1127 1677 1223 1741 attigit
1235 1677 1256 1726 Ι.
1270 1679 1316 1726 Fr.
1331 1677 1398 1728 Gro-

260 1750 371 1812 Valck.,
385 1749 449 1799 eliis
460 1749 556 1800 alletia
568 1748 653 1810 locis,
667 1748 696 1797 in
707 1747 804 1812 quibus
854 1749 951 1797 novius
969 1747 1004 1796 nd
1021 1748 1082 1796 Liv.
1097 1745 1172 1804 XXI,
1185 1743 1227 1795 62.
1262 1744 1304 1794 Ad
1321 1760 1399 1810 seqq.

260 1817 416 1868 Herodotus
433 1833 481 1880 ea,
499 1831 569 1881 quae
588 1831 699 1866 censum
718 1816 803 1866 conti·
856 1805 961 1880 ἐσῆλθε
974 1814 1028 1865 vid.
1042 1817 1109 1864 nott.
1121 1813 1164 1862 ed.
1174 1813 1224 1875 111,
1238 1813 1279 1863 42.
1299 1806 1399 1877 φέρειν

260 1887 357 1936 nentia
378 1883 572 1950 praeponenda
590 1883 704 1944 luerint,
729 1887 802 1948 post·
857 1877 885 1940 ές
901 1899 941 1934 τι.
961 1881 1030 1946 quod
1049 1881 1117 1932 setis
1136 1885 1228 1930 notum
1246 1884 1301 1941 est,
1324 1879 1399 1930 valet

260 1954 383 2018 posuerit
397 1957 424 2002 et
436 1951 549 2017 reliquis
563 1951 721 2000 subiecerit.
741 1951 802 2000 vid.
853 1957 972 2014 spectare
985 1951 1019 2000 od
1031 1950 1140 2016 aliquid,
1159 1947 1276 2013 indeque
1291 1955 1398 2012 porten-

260 2025 328 2070 nott.
343 2021 471 2079 adum.
855 2020 917 2069 dere
935 2019 1039 2084 aliquid.
1075 2016 1153 2066 Ocni.
1171 2017 1237 2080 VII,
1259 2015 1397 2080 lethique

299 2078 371 2152 αότὴ
389 2080 424 2137 τοὶ
443 2085 518 2138 σιτία
536 2100 587 2152 σφι
609 2079 718 2151 ἔπεσσε]
743 2087 761 2138 i.
779 2102 803 2140 e.
855 2091 923 2136 nott.
938 2091 966 2136 et
978 2086 1053 2135 infra
1064 2085 1139 2141 VIII,
1155 2081 1212 2134 142.

259 2159 318 2221 ipsa
329 2155 399 2206 cibos
415 2157 464 2206 illle
476 2153 599 2222 coquebat
616 2171 638 2205 s.
648 2171 754 2219 panem,
774 2157 804 2204 ut

258 2225 344 2274 vertit
355 2223 564 2286 Valckenarius,
578 2227 677 2273 notens
690 2216 804 2272 πέσσειν

259 2287 400 2342 autumn
409 2291 523 2342 Aeolum
532 2295 614 2356 etque
623 2292 719 2341 Ionum
730 2306 803 2340 more

260 2359 316 2410 dici
325 2375 374 2426 pro
383 2359 458 2426 vulg.
468 2352 596 2422 πέττειν,
605 2374 723 2434 coquere:
744 2359 803 2409 Neo

259 2427 342 2478 valde
353 2427 419 2478 hino
431 2427 574 2478 discedere
585 2427 694 2478 videtur
702 2424 804 2490 οπταῖν,

260 2497 328 2560 quod
339 2511 405 2546 sane
418 2501 462 2546 est
473 2503 586 2557 torrere,
605 2494 649 2545 vel
662 2495 733 2560 quod
750 2495 804 2544 sre-

260 2565 387 2627 quentius
397 2561 498 2614 dicitur
506 2579 615 2628 coquere
623 2579 722 2626 panem,
729 2578 803 2612 mon-

260 2636 366 2682 strante
379 2631 514 2680 Gntnker.
528 2629 561 2680 ad
573 2630 700 2680 Antonin.
714 2630 765 2680 lli.
777 2631 801 2678 2.

260 2698 332 2748 Hinc
351 2697 423 2762 apud
435 2697 534 2748 Athen.
548 2698 598 2746 lll.
611 2713 637 2762 p.
652 2695 739 2745 1141).
754 2689 802 2760 οίρ-

260 2779 327 2822 τονς
350 2755 530 2830 ὀπτωμένους
552 2765 706 2815 invenimus
725 2764 803 2814 item·

261 2847 313 2897 que
324 2833 396 2896 opud
406 2832 516 2882 Suidam
526 2847 590 2898 pag.
603 2830 650 2881 lut
664 2831 740 2881 Tom.
752 2831 802 2882 111.

260 2904 374 2949 notente
396 2897 670 2964 Schweighaeusero:
702 2892 801 2948 πεσσό-

260 2981 332 3032 μενα
341 2964 416 3016 σιτία
425 2957 659 3031 παρ’Ἣροδότῳ·
669 2958 704 3015 τό
714 2955 802 3016 όπτοό-

260 3049 341 3100 μενα.
366 3035 401 3084 Et
413 3033 487 3084 conl.
499 3034 588 3100 ipsum
599 3033 767 3084 Herodotum
779 3033 801 3094 1,

564 3089 579 3110 Η
702 3090 710 3111 9

889 2153 998 2204 dtamen
1016 2145 1092 2203 εἷναι
1111 2141 1317 2216 ἀπολαβόντες]
1335 2149 1396 2200 Vid.

854 2222 954 2272 Matth.
973 2221 1019 2271 Gr.
1038 2221 1084 2272 Gr.
1102 2221 1126 2281 5.
1144 2217 1195 2270 536
1212 2219 1275 2269 coll.
1293 2218 1398 2268 Boetti-

855 2291 933 2340 cher:
951 2291 994 2340 Do
1006 2290 1056 2339 vit.
1071 2293 1098 2338 et
1109 2289 1216 2352 scripit.
1229 2287 1321 2337 Taciti
1334 2302 1397 2352 pag.

854 2356 896 2408 90.
931 2357 1034 2423 Attigit
1048 2357 1076 2406 h.
1089 2355 1107 2406 l.
1122 2353 1399 2420 Schweighaeuserue

856 2426 891 2476 ad
904 2427 955 2488 lx,
968 2423 1002 2475 60
1014 2425 1106 2489 ibique
1121 2422 1253 2473 reddidit:
1272 2421 1397 2478 dicebant,

853 2496 942 2544 iustum
954 2509 1009 2544 esee
1021 2499 1048 2542 ut
1059 2495 1096 2542 ita
1108 2492 1213 2552 abeant,
1226 2493 1251 2541 si
1260 2491 1399 2540 mercedem

854 2564 1026 2626 accepissent,
1045 2561 1063 2610 i.
1079 2576 1102 2610 e.
1112 2575 1165 2623 par
1177 2575 1245 2618 esse,
1263 2563 1290 2607 ut
1305 2573 1398 2608 merce-

854 2631 909 2678 dem
922 2631 1060 2692 accipiant,
1074 2629 1220 2694 priusquam
1231 2625 1332 2676 adeant.
1356 2625 1398 2675 Tu

853 2691 1351 2756 vid.n0tt.ad1,32fin.1x‚27.60
1371 2697 1398 2742 et

854 2763 890 2812 ct.
903 2763 983 2822 vm,
994 2763 1036 2812 22.
1060 2763 1092 2812 In
1109 2762 1202 2812 verbis
1219 2760 1398 2827 sequentibus

853 2828 906 2880 τοῦ
917 2827 1028 2894 μισθοῦ
1043 2823 1124 2893 πέρι
1141 2819 1267 2887 α’κοόσας
1283 2844 1397 2894 praepo·

853 2898 984 2948 altionem
1004 2892 1070 2960 περὶ
1093 2896 1216 2962 eleganti
1232 2897 1397 2947 traiectione

853 2965 1047 3030 postpositam,
1060 2969 1187 3030 utsupra
1199 2965 1247 3028 VI,
1262 2963 1318 3015 130.
1331 2963 1351 3026 Ι,
1365 2961 1398 3013 69

854 3031 971 3097 aliisque
996 3031 1113 3082 aliorum
1136 3032 1297 3098 scriptorum
1320 3030 1397 3093 locis,

264 3099 318 3152 161.
354 3103 452 3167 Itaque
465 3101 550 3152 verbe
562 3116 634 3158 οκως
648 3094 681 3150 δὲ
694 3099 802 3166 currito
853 3105 969 3150 annotet
980 3101 1079 3151 Woase
1093 3099 1127 3151 ad
1139 3099 1291 3164 Thucydid.
1304 3099 1341 3163 V,
1355 3099 1380 3150 5.

260 3161 276 3221 d
299 3159 384 3232 ἄρτος
407 3169 514 3220 valent:
557 3171 637 3218 notice
658 3184 680 3218 ε.
702 3171 802 3250 quando
888 3153 925 3234 ἦν
940 3163 995 3288 ηάρ
1012 3160 1085 3219 κατὰ
1103 3160 1356 3245 τὴνρκαηινοδόκην
1370 3157 1398 3224 ές

259 3240 334 3303 panis
350 3237 512 3304 coquebatur.
575 3237 605 3286 bi
626 3252 674 3302 pro
694 3235 803 3301 οπτῷτο
853 3228 904 3287 τόν
927 3252 1009 3288 onoc
1034 3227 1136 3302 ἐσέχων
1159 3243 1174 3286 o
1197 3232 1286 3302 ηλιος]
1321 3235 1397 3286 Bene

261 3305 414 3356 Gronovius
431 3304 585 3356 eltlodiceo
601 3304 673 3354 male
690 3305 804 3356 dederat
854 3303 1042 3369 Schmetptc
1061 3305 1174 3370 Namque
1186 3307 1261 3354 iuxta
1272 3319 1293 3354 a.
1307 3304 1343 3352 ad
1353 3319 1396 3352 cu·

260 3365 367 3438 όπτιβηε
380 3369 704 3438 viduumnpagstl.
725 3372 803 3434 Quae
854 3376 942 3422 minum
961 3375 1023 3424 eolis
1043 3376 1123 3423 lumen
1142 3377 1167 3420 tn
1188 3373 1283 3420 domum
1299 3371 1396 3420 incidit.

259 3447 410 3508 sequuntur
421 3456 504 3492 voces
512 3439 564 3490 τοῦ
573 3432 664 3504 δηκός
672 3439 723 3492 τοῦ
732 3441 804 3504 Περ·
854 3437 1042 3505 καπνοδόκην
1054 3441 1187 3504 fumarium
1204 3438 1285 3496 dicit,
1303 3445 1333 3487 ut
1349 3437 1395 3498 IV,

261 3507 377 3570 δίκκεω,
392 3509 804 3574 eesimmeritosuspectnsha·
858 3507 917 3570 103,
943 3513 972 3559 et
994 3499 1161 3571 καπνοδόχη
1187 3505 1258 3571 apnd
1280 3505 1397 3554 Luciam.

260 3577 320 3628 buit
339 3577 549 3628 Valckenarius.
594 3577 691 3641 ltaque
714 3577 803 3639 uncis,
854 3577 1005 3627 Ieeromen.
1015 3575 1054 3627 13.
1074 3573 1252 3640 Significatur
1261 3573 1332 3623 enim
1343 3572 1398 3622 hec

260 3645 358 3710 quibus
371 3644 523 3695 incluserat
532 3643 707 3706 Schnel'erus,
721 3649 803 3710 etque
855 3661 924 3695 voce
941 3647 1126 3708 receptaculum
1139 3641 1203 3706 fund
1222 3641 1285 3691 inde
1304 3641 1332 3690 in
1351 3641 1396 3690 eii·

261 3713 345 3762 etism
363 3713 475 3777 Negris,
495 3713 619 3776 equidem
636 3712 755 3763 liberari
773 3711 804 3762 il·
855 3729 912 3763 rem
930 3711 1117 3762 escendentisr
1142 3709 1317 3776 cogitandum
1332 3724 1397 3758 vero
1455 3721 1458 3728 ·

260 3779 303 3830 lus
315 3795 397 3829 voces
409 3795 469 3829 cum
482 3783 597 3828 recentt.
610 3779 680 3838 edd,
695 3779 804 3831 abiecto
854 3779 902 3830 hic
915 3779 948 3829 de
961 3783 1085 3828 veterum
1103 3768 1182 3828 ductu
1200 3793 1269 3842 quae
1287 3777 1397 3837 dicitur,

261 3845 341 3896 simul
354 3845 471 3896 articulo
484 3845 535 3896 τοῦ
549 3851 613 3896 ante
626 3845 801 3911 Περδίκκεω,
854 3845 946 3896 media
963 3845 991 3894 in
1009 3845 1088 3896 domo
1107 3859 1177 3910 quae
1195 3835 1247 3894 ruit
1268 3859 1301 3894 ac
1323 3847 1397 3894 tecto

261 3914 307 3978 qui
331 3929 348 3962 a
368 3912 528 3963 Florentino
551 3915 644 3973 obest,
669 3931 803 3980 quemque
854 3914 1002 3972 instructa,
1028 3912 1098 3976 quod
1120 3911 1243 3962 habebat
1264 3911 1397 3970 fissuram,

261 3985 353 4030 tamen
376 3995 436 4030 oum
459 3979 610 4031 Schaelero
631 3983 804 4032 retinuerunt
853 3996 903 4046 per
916 3995 996 4044 quam
1010 3979 1098 4029 sumna
1112 3995 1144 4028 ex
1157 3979 1222 4044 igne
1234 3977 1264 4027 in
1276 3979 1338 4029 loco
1351 3995 1397 4030 ec·

260 4047 360 4097 Matth.
371 4052 399 4098 et
410 4063 483 4098 rece.
493 4047 554 4097 edd.
564 4049 627 4098 inde
639 4065 656 4099 a
665 4049 802 4099 Beklrero.
854 4061 937 4098 censo
956 4051 1064 4096 exortus
1086 4047 1115 4096 in
1138 4047 1230 4096 adrem
1247 4049 1398 4096 extrorsum

296 4107 444 4180 διπλήσιος
461 4107 570 4180 ἐγένετο
588 4106 673 4174 αότός
687 4107 802 4179 ductori]
854 4115 974 4166 ducitur:
988 4112 1095 4163 ethaec
1105 4113 1203 4162 fissura
1212 4111 1314 4162 fumum
1325 4114 1398 4163 exci-

261 4183 279 4233 i.
292 4199 316 4233 e.
326 4183 492 4248 duplomm‘or
499 4183 578 4246 flebat
591 4199 614 4232 s.
623 4189 654 4233 ut
665 4199 728 4234 nos:
741 4183 804 4234 noct
854 4183 932 4247 piens
941 4181 1042 4230 dieitur
1051 4175 1227 4243 καπνοδόκη.
1249 4180 1291 4230 Ad
1300 4169 1399 4230 ἕστίαν

260 4253 352 4302 er'nmnl
365 4266 394 4302 so
409 4267 486 4316 prosu
497 4253 536 4301 ets
550 4251 655 4308 uerter:
673 4251 714 4300 ite
727 4249 804 4300 reddi
855 4253 947 4298 sutem
974 4249 1065 4313 prisco
1095 4262 1164 4298 sevo
1193 4247 1397 4312 paterfamilias

260 4317 321 4369 vult
337 4317 466 4370 Kuehner
484 4319 530 4369 Gr.
550 4317 597 4369 Gr.
614 4319 638 4378 §-
656 4315 715 4378 540,
726 4314 752 4380 β.
768 4316 803 4367 de
855 4319 903 4366 eut
914 4316 1043 4381 princeps
1060 4315 1156 4366 sedere
1171 4319 1253 4380 etque
1267 4331 1327 4364 cum
1339 4315 1397 4365 suis

260 4386 399 4438 locutione
409 4401 529 4448 monens,
541 4384 573 4434 de
584 4399 638 4448 qua
648 4385 732 4434 etiem
741 4399 804 4434 con·
855 4399 938 4450 agere
950 4383 1072 4447 solebat,
1090 4382 1135 4434 hle
1146 4398 1206 4434 cum
1218 4383 1350 4434 ministris
1362 4397 1397 4433 ec
