3026 4970
264 433 327 493 254
698 423 967 485 HERODO'I'I

264 595 347 669 ἄλλα
365 599 419 667 καὶ
438 593 662 688 εάϋδρότερος.
700 599 732 677 ἐς
758 599 876 666 τοῦτον
903 593 945 684 δὴ
971 591 1029 666 τὸν
1054 598 1163 685 χοῖρον
1189 597 1243 666 καὶ
1271 598 1324 666 hcl
1343 593 1408 684 τὴν

264 698 392 789 κρήνην
409 695 470 787 τὴν
488 705 703 788 Γαργαφίην,
721 695 783 784 τὴν
802 701 834 778 ἐς
852 699 899 788 τῷ
915 693 1012 789 χοίρῳ
1029 694 1135 788 τούτῳ
1155 699 1292 785 ίοῦσαν,
1312 701 1411 780 ἔδοξέ

265 823 325 890 σφι
343 797 450 890 χρειδν
474 798 560 869 εἶναι
582 795 778 884 ἀπικέσθαι,
806 800 861 867 καὶ
886 801 1124 886 διαταχθέντας
1146 797 1406 886 στρατοπεδεύε-

264 915 354 973 σθαι.
389 897 625 989 Ἀναλαβόντες
653 901 690 969 δέ
715 897 755 969 τά
780 895 865 969 ὅπλα
892 895 990 986 ἤϊσαν
1018 896 1073 968 διά
1096 902 1152 987 τῆς
1176 894 1320 988 άπορέης
1344 904 1407 970 τοῦ

264 1007 476 1094 Κιθαιρῶνος
494 999 583 1092 παρά
596 996 708 1081 ’Τσιάς
727 1004 759 1082 ἐς
777 998 839 1088 την
856 1007 1045 1070 Πλαταιΐδα
1062 1004 1134 1088 γῆν·
1153 996 1347 1091 ἀπικόμενοι
1367 1002 1406 1070 δὲ

265 1104 440 1176 ἐτάσσοντο
466 1101 549 1174 κατά
575 1109 678 1174 ἔθνεα
704 1109 846 1190 πλησίον
863 1105 922 1190 τῆς
940 1129 976 1171 τε
994 1100 1116 1192 κρήνης
1134 1105 1192 1190 της
1209 1110 1406 1192 Γαργαφίης

264 1209 398 1278 καὶτοῦ
414 1209 565 1295 τεμένεος
582 1208 642 1275 τοῦ
656 1200 911 1294 Ἀνδροκράτεος
929 1206 990 1273 τοῦ
1006 1199 1130 1293 ἥρωος,
1159 1200 1214 1272 διὰ
1236 1201 1351 1292 ὄχθων
1369 1231 1405 1274 τε

268 1445 273 1454 .
298 1397 345 1456 hcl
362 1397 415 1470 τὴν
432 1395 541 1469 κρήνην
553 1393 606 1468 τήν
620 1398 804 1468 Γαργαφίην]
858 1402 1059 1467 Erinnarungg.
1074 1415 1124 1451 nus
1135 1400 1293 1451 Griechenl.
1306 1417 1333 1465 p.
1344 1399 1405 1451 549.

263 1474 336 1522 Fons
349 1472 413 1534 isto,
433 1473 510 1521 cuius
523 1472 625 1520 mentio
639 1486 744 1535 quoque
758 1469 804 1531 lx,

263 1539 304 1588 49.
318 1539 360 1590 50.
377 1541 410 1588 52
428 1553 555 1588 occasum
573 1553 667 1588 versus
685 1539 719 1587 ab
739 1539 806 1600 Ery·

263 1607 331 1656 thris
354 1606 529 1672 prosiliebat;
554 1606 624 1655 uude
650 1621 722 1670 aqua
742 1605 805 1654 Pla·

264 1680 343 1723 taeas
377 1688 471 1724 versus
500 1674 554 1722 suit
585 1673 704 1740 deducta
735 1675 805 1721 teste
832 1683 833 1688 ’

263 1741 382 1790 Pausan.
397 1742 449 1802 lx,
463 1741 488 1794 4.
501 1743 524 1802 5.
538 1739 568 1802 3,
582 1740 629 1789 uhi
642 1740 696 1790 vid.
710 1739 805 1788 Siobe·

263 1809 306 1858 lis.
326 1809 394 1858 ndd.
408 1808 438 1857 O.
452 1808 485 1858 Ο.
499 1807 627 1858 Mueller:
642 1807 805 1856 Orchomen.

263 1893 289 1942 p.
302 1875 352 1924 489
362 1875 425 1925 οοΙΙ.
436 1875 509 1927 Gall.
520 1876 558 1924 Le
572 1873 666 1939 philol.
677 1874 707 1922 V.
719 1890 744 1938 p.
756 1871 806 1923 399

263 1959 334 2008 seq,
348 1943 456 2008 Unger:
474 1943 609 1992 Paradox.
623 1941 727 1990 Thebb.
741 1955 806 2005 pag.

262 2011 326 2071 379,
343 2011 520 2060 Mueuscher:
546 2011 587 2058 De
604 2009 679 2058 rebb.
693 2007 805 2058 Platae-

264 2093 335 2128 enss.
349 2093 412 2144 pag.
426 2077 450 2127 7.
487 2078 576 2127 llicce
595 2077 671 2138 fons,
690 2079 736 2140 qui
750 2076 805 2124 He-

262 2145 357 2196 rodoto
373 2149 445 2195 teste
458 2145 521 2206 (lx,
534 2145 578 2208 51)
596 2144 691 2193 decem
709 2143 806 2192 studiis

263 2215 361 2264 aberat
377 2213 411 2262 ab
431 2213 520 2264 051οὲ
538 2228 571 2262 ac
589 2213 690 2291 viginti
709 2211 807 2260 stadiis

262 2282 325 2344 (lx,
339 2281 383 2346 52)
402 2281 436 2330 ab
449 2281 559 2330 Heraeo
571 2280 646 2330 urbis
659 2278 805 2328 Plataeen-

261 2351 315 2412 sis,
339 2350 387 2398 ubi
411 2349 480 2399 silus
505 2349 602 2411 luerit,
629 2347 653 2397 si
676 2361 805 2412 quaeras,

261 2433 346 2484 prope
358 2417 536 2468 Androcratis
550 2415 643 2466 fanum
656 2415 731 2464 illum
745 2429 805 2479 pro-

261 2486 385 2546 siluisse,
401 2485 497 2535 eadem
510 2485 602 2534 Nostri
614 2483 701 2535 verba
713 2481 806 2531 decla·

261 2569 322 2602 rare
347 2553 486 2604 videntur:
510 2551 689 2601 Androeratis
715 2555 805 2599 autem

262 2622 356 2670 lunum
380 2625 450 2668 teste
468 2619 628 2683 Thucydide
646 2619 702 2678 111,
720 2617 753 2665 24
771 2617 805 2666 ad

261 2689 385 2736 dextram
410 2687 472 2736 viae
497 2687 532 2735 ab
556 2686 623 2735 urbe
644 2684 805 2734 Plataeensi

261 2753 372 2804 Thebas
382 2754 506 2802 ducentis
516 2753 710 2816 quaerendum,
723 2765 805 2799 unum

262 2821 321 2870 lere
344 2820 502 2869 milliarium
526 2819 561 2869 sb
579 2820 646 2870 urbe
664 2824 805 2868 remotum.

261 2887 323 2936 Iluc
358 2893 448 2936 nutem
482 2893 665 2952 pervenerunt
695 2886 804 2947 Graeci,

261 2961 404 3019 postquam
427 2971 475 3019 per
493 2954 675 3017 Cythneronis
692 2953 806 3003 declivi-

261 3027 335 3072 tates
348 3023 376 3083 (i.
391 3039 415 3071 e.
429 3023 566 3087 pervices
579 3020 698 3070 Kntzula
711 3025 739 3070 et
752 3022 805 3069 Bu·

261 3089 356 3151 bukn),
370 3090 472 3153 Hysiar
485 3088 583 3138 deinde
596 3093 805 3153 praetereunter

260 3158 289 3206 in
302 3172 397 3222 agrum
410 3157 604 3207 Plataeeusem
617 3157 804 3206 intraverant:

261 3226 355 3290 itaque
379 3226 408 3274 in
432 3225 549 3290 planitie
566 3224 686 3289 Asopum
710 3239 805 3274 versus

261 3299 376 3344 extensu
389 3294 494 3343 iontem
505 3291 612 3342 huncce
628 3307 744 3356 quaeras
757 3307 804 3340 ne-

261 3377 339 3412 cesse
353 3367 408 3423 est,
422 3376 510 3426 neque
523 3360 570 3410 ille
585 3361 659 3420 fons,
675 3361 719 3409 cui
733 3373 804 3408 nune

260 3445 359 3480 nomen
373 3431 525 3495 ἠτριαίαν·
534 3443 556 3482 s.
571 3429 742 3493 Verpentr'arr',
755 3443 804 3492 pro

261 3499 317 3548 (inr
338 3499 422 3563 aphia
446 3503 539 3548 vetere
570 3496 668 3546 haberi
694 3496 803 3560 poterit,

259 3571 290 3615 ut
306 3515 372 3616 odim
389 3569 588 3632 proposuerunt
605 3563 702 3630 Squire
720 3561 805 3630 (apud

259 3633 399 3699 Walpole:
413 3634 542 3684 Memoirs
554 3649 617 3700 pag.
630 3631 680 3683 338
692 3633 762 3695 seq.)
776 3636 804 3680 et

260 3699 362 3750 Clarke
380 3701 505 3764 (Travels
521 3701 598 3762 11,3.
615 3716 641 3765 p.
660 3698 717 3762 83),
739 3713 803 3762 ηοο-

260 3767 334 3815 nium
352 3770 493 3820 meridiem
510 3783 606 3819 versus
624 3768 659 3817 eb
677 3767 743 3816 urbe
757 3781 802 3815 ex·

260 3834 346 3882 oritur
371 3836 405 3884 ad
427 3838 501 3886 viam
526 3837 648 3901 Megaris
670 3834 802 3883 Plataeas

260 3900 414 3951 dueentem.
442 3903 530 3967 Prope
544 3903 637 3952 lanum
649 3902 802 3952 Androcrs-

260 3969 295 4016 tis
306 3967 466 4032 Gargaphia
478 3970 635 4034 quaerenda
648 3971 709 4031 erit,
723 3983 802 4033 quam

260 4035 378 4084 mediam
399 4037 471 4086 inter
489 4039 566 4087 vicos
583 4037 702 4087 Platane
720 4041 803 4100 atque

260 4101 397 4152 Krialruki
414 4104 497 4152 sitam
514 4105 600 4154 luisse
618 4120 651 4154 eo
668 4104 728 4154 loco
746 4109 802 4154 ste·

260 4170 415 4220 tuitLeake
422 4171 548 4230 (Travels
557 4173 585 4221 iu
595 4172 689 4222 North.
697 4173 802 4222 Greece

260 4239 297 4287 11.
314 4253 341 4302 p.
353 4235 411 4288 332.
425 4237 500 4302 343),
519 4254 570 4304 quo
588 4239 677 4288 adhuc
695 4239 802 4305 lapidee

259 4306 362 4355 vetusti
380 4306 470 4371 operis
488 4305 590 4356 iontem
609 4307 743 4371 quendam
760 4307 802 4356 in·

260 4373 386 4426 cluduntr
409 4374 536 4439 idemque
557 4378 657 4425 asserit
673 4374 801 4426 Visoher:

858 1469 947 1518 hlium
966 1469 1082 1530 iontem,
1102 1469 1148 1533 qui
1167 1470 1305 1534 copiosum
1326 1469 1405 1518 emit·

858 1543 900 1586 tat
917 1551 1029 1600 aquam,
1054 1537 1143 1600 magis
1162 1551 1290 1586 oceasum
1306 1551 1406 1586 versus

859 1610 887 1652 ct
899 1605 991 1653 urbem
1009 1604 1120 1668 propius
1137 1604 1219 1653 situm
1237 1619 1285 1668 pro
1298 1603 1407 1668 Gerga-

857 1671 923 1736 phia
935 1671 1033 1720 heberi
1046 1671 1104 1720 vult
1117 1671 1272 1736 Goettliug:
1286 1671 1403 1720 (lesam-

858 1738 933 1788 melt.
945 1737 1092 1789 Ablrnndll.
1106 1754 1169 1804 pag.
1186 1737 1241 1788 136.
1271 1738 1312 1787 Ao
1325 1739 1406 1788 deni-

858 1820 908 1872 que
928 1805 1025 1856 Grote:
1045 1806 1158 1870 ilistory
1175 1807 1206 1856 ol
1222 1805 1328 1856 Graece
1342 1807 1405 1856 Vol.

857 1873 889 1922 V.
901 1889 925 1938 p.
935 1874 985 1922 222
997 1890 1030 1924 eo
1040 1872 1164 1935 inclinat,
1179 1879 1208 1924 ut
1221 1874 1325 1924 fontem
1338 1873 1405 1924 olim

857 1941 986 1992 fluentem
995 1957 1065 1991 nuno
1075 1941 1211 1992 deiecisse
1221 1957 1273 1990 nec
1283 1941 1405 2007 amplius

857 2009 938 2058 hodie
952 2009 1069 2060 inveniri
1082 2023 1161 2074 posse
1176 2009 1339 2066 arbitretur;
1360 2011 1405 2058 cui

859 2077 919 2125 add.
932 2076 1075 2126 Wheelcr:
1095 2077 1260 2142 Geography
1273 2077 1304 2126 oi
1315 2077 1405 2126 Hero-

857 2143 912 2193 dot.
928 2144 1047 2208 pag.7l.

891 2207 969 2274 παρὰ
983 2203 1084 2276 Ὑσιάς]
1104 2213 1123 2260 1.
1137 2227 1161 2262 e.
1172 2218 1281 2276 praeter
1295 2213 1402 2275 Hyries,

857 2283 888 2328 ut
901 2280 932 2339 V,
946 2279 986 2329 74.
1001 2281 1047 2342 91,
1062 2277 1115 2329 198.
1135 2281 1175 2328 lle
1189 2281 1251 2344 ipse
1263 2279 1331 2328 urbo
1344 2281 1404 2329 dixi

858 2347 893 2396 ad
905 2348 951 2408 IX,
969 2345 1008 2397 15.
1045 2348 1122 2408 Quae
1138 2349 1268 2397 contiuuo
1282 2363 1402 2412 sequun-

857 2419 902 2464 tur
918 2407 946 2472 ές
963 2407 1016 2479 τὴν
1029 2411 1195 2464 Πλαταιΐδα
1214 2413 1269 2480 γῆν
1286 2415 1316 2478 (1.
1335 2431 1359 2464 e.
1378 2419 1404 2464 in

857 2499 944 2548 aprum
956 2483 1156 2545 Ptolemaeum),
1175 2481 1238 2532 Geil
1253 2483 1292 2532 Le
1305 2483 1404 2547 philol.

857 2551 904 2600 19.
922 2567 949 2614 p.
967 2549 1016 2599 284
1039 2550 1207 2614 obsequens
1230 2543 1404 2614 ἀπικόμενοι

857 2617 977 2683 intelligi
996 2617 1067 2668 vult:
1086 2619 1215 2668 mmcdnnt
1233 2634 1291 2666 nere
1307 2623 1330 2668 le
1346 2625 1403 2668 ter·

856 2688 948 2735 rilor're
976 2687 1008 2735 δι
1037 2687 1141 2742 Plures.
1176 2686 1404 2748 quemadmodum

857 2753 939 2817 pardo
961 2758 1026 2802 ante
1048 2744 1256 2818 ἐπικαταβῆναι
1277 2745 1306 2810 ές
1324 2753 1404 2804 Πλα-

856 2815 939 2878 ταιάς
956 2823 1097 2870 descendre
1114 2837 1171 2870 uero
1188 2821 1286 2870 Plcide.
1315 2821 1404 2886 Equi·

856 2887 916 2937 dem
935 2904 983 2938 cur
1005 2905 1022 2938 a
1038 2888 1152 2954 vulgatu
1171 2889 1403 2953 interpretatione

857 2955 997 3018 recedam,
1013 2955 1084 3006 haud
1097 2955 1232 3018 intelligo.

890 3021 941 3073 τοῦ
964 3021 1095 3088 τεμένεος
1114 3021 1165 3073 τοῦ
1188 3015 1404 3086 Ἀνδροκράτεος

856 3089 908 3140 τοῦ
923 3083 1024 3156 ἥρωος]
1044 3093 1216 3142 Androcrotr's
1232 3091 1327 3140 lunum
1339 3108 1403 3156 pro-

856 3159 918 3223 pius
942 3159 1022 3208 abest
1048 3160 1083 3208 ab
1107 3161 1168 3224 ipsu
1192 3158 1403 3209 Plataeensium

855 3225 936 3287 urbe,
955 3226 1028 3276 haud
1046 3225 1158 3276 multum
1176 3225 1315 3276 aCereris
1332 3231 1404 3278 tam-

856 3293 901 3358 plo
914 3295 994 3343 situm
1003 3310 1087 3359 prope
1099 3295 1170 3343 viam
1180 3293 1291 3343 Thebas
1301 3294 1405 3346 ducen-

856 3368 910 3410 tem
921 3361 969 3423 (ci.
977 3361 1071 3427 Unger
1080 3361 1214 3412 Paradom
1221 3361 1404 3428 '1¹hebu.pag.

855 3429 925 3492 275),
939 3429 1000 3479 1οοο
1013 3430 1102 3479 miuus
1115 3435 1179 3496 epto
1192 3435 1248 3480 tem
1280 3430 1405 3480 aditibus

855 3512 935 3561 quam
954 3497 1099 3562 equitibus.
1129 3497 1191 3548 Vid.
1209 3445 1281 3548 (1511.
1300 3496 1318 3547 1.
1335 3497 1402 3548 iv.

854 3563 1052 3692 31013111.
1060 3564 1353 3693 11113311151
1367 3582 1403 3682 ll

853 3701 904 3758 111,
922 3699 965 3762 51)
991 3705 1019 3749 et
1037 3699 1145 3750 tubulas
1162 3699 1302 3759 adiectas,
1328 3715 1402 3764 quae

853 3769 936 3818 tetius
949 3769 1069 3834 regionis
1082 3768 1223 3818 continent
1235 3765 1403 3816 delineatio-

855 3850 925 3884 nem.
955 3837 997 3885 De
1015 3837 1073 3900 ipso
1091 3835 1172 3884 heroii
1192 3835 1304 3898 antiquo
1324 3835 1400 3884 conl.

855 3903 953 3952 Wesse
972 3904 1007 3952 ad
1019 3903 1171 3966 Thucydid.
1184 3902 1239 3962 111,
1256 3902 1289 3950 24
1308 3907 1336 3950 et
1353 3919 1402 3966 po-

853 3970 987 4020 tissimum
1004 3969 1145 4022 Plutarch.
1162 3971 1217 4020 Vit.
1230 3969 1342 4018 Aristid.
1360 3969 1402 4019 ll.

854 4052 919 4103 pag.
937 4037 995 4088 325.
1012 4063 1045 4072 -
1068 4037 1110 4087 Ad
1127 4053 1211 4088 voces
1229 4027 1278 4086 διά
1299 4025 1404 4100 ὄχθων

853 4107 914 4169 (per
925 4103 1011 4166 colles)
1024 4105 1098 4156 conl.
1108 4105 1155 4166 IX,
1167 4103 1208 4154 56.
1222 4103 1255 4154 59
1269 4109 1296 4153 et
1309 4103 1403 4154 allata

855 4173 890 4222 nd
903 4171 953 4233 IV,
967 4171 1024 4222 201.
1060 4172 1113 4223 Pro
1131 4169 1236 4238 χοιρίον
1248 4177 1305 4222 tres
1318 4172 1401 4222 codd.

854 4232 956 4306 χάραν.
989 4239 1079 4304 Atque
1093 4240 1162 4290 alibi
1175 4255 1279 4306 quoque
1292 4237 1402 4304 χωρίον

854 4308 888 4357 de
901 4307 960 4356 loco
973 4309 1097 4372 spatioso
1110 4307 1248 4364 adhiberi,
1265 4313 1295 4356 ut
1307 4307 1351 4369 11,
1365 4305 1402 4366 29

854 4375 983 4427 observat
995 4374 1282 4440 Schweighaeuserus.
1311 4373 1400 4424 Intel-
