3030 4962
478 487 684 549 URANIA.
708 489 798 550 VIII.
820 497 952 551 41-44.
1225 493 1263 554 61

126 687 214 748 ραμα
231 658 454 748 παρεχόμενοι
472 655 508 730 τὸ
527 662 582 728 καλ
602 655 654 728 ἐπ’
672 654 875 752 Ἀρτεμισίῳ,
895 657 1076 730 Σικυώνιοι
1096 659 1133 729 δὲ
1151 686 1264 740 πεντε-

125 765 259 829 καίδεκα
282 768 483 852 παρείχοντο
499 762 594 849 νέας,
616 757 823 850 Ἐπιδαύριοι
843 761 880 830 δὲ
899 762 995 850 δέκα,
1025 758 1208 850 Τροιζήνιοι
1227 763 1265 831 δὲ

126 863 233 931 πέντε·
266 856 457 954 Ἑρμιονέες
482 863 519 932 dt
542 879 648 952 τρεῖς,
679 859 788 942 ἐόντες
811 851 920 950 οὗτοι,
953 859 1040 950 πλὴν
1066 857 1265 953 Ἑρμιονέων

125 961 279 1052 Δωρικόν
297 991 335 1034 τε
357 966 414 1033 καὶ
433 960 616 1034 Μακεδνὸν
639 969 756 1052 ἔθνος,
782 966 815 1046 ἐξ
841 958 990 1055 Ἐρινεοῦ
1006 991 1042 1032 τε
1059 966 1113 1033 καί
1132 971 1264 1034 Πίνδου

126 1065 177 1133 καί
200 1067 258 1152 τῆς
276 1071 474 1154 Δρυοπίδος
484 1061 616 1134 florere
634 1060 848 1156 ὁρμηθέντες.
889 1071 925 1134 ol
941 1066 978 1134 di
991 1059 1176 1154 Ἑρμιονέες
1201 1069 1265 1135 εἰσὶ

126 1163 294 1256 Δρύοπες,
314 1162 382 1236 ὑπὸ
397 1161 575 1257 Ἡρακλέος
592 1193 628 1236 τε
645 1169 701 1236 καὶ
721 1167 881 1254 Μηλιέων
900 1169 935 1236 έκ
953 1169 1010 1255 τῆς
1027 1169 1094 1236 νῦν
1111 1173 1265 1256 Δωρίδος

127 1271 323 1357 καλεομένης
347 1267 458 1358 χώρης
479 1265 725 1351 ἐξαναστάντες.
766 1257 859 1338 οὗτοι
881 1272 943 1358 μέν
965 1297 1031 1338 νυν
1053 1277 1265 1358 Πελοποννη-

84 1375 209 1443 moelem
227 1368 476 1458 ἐστρατεύοντο.
515 1374 560 1440 Oi
576 1369 613 1438 dl
632 1373 668 1439 έν
685 1373 742 1457 τῆς
761 1373 822 1452 ἔξω
839 1365 997 1458 ἠπείρου,
1014 1365 1185 1457 Ἀθηναῖοι
1203 1369 1312 1460 ploti

127 1466 202 1558 πρὸς
227 1468 357 1552 πάντας
388 1467 466 1552 τούς
492 1467 613 1552 α”λλονς
638 1468 858 1564 παρεχόμενοι
883 1473 960 1552 νέας
991 1467 1184 1559 ὀγδώκοντα
1211 1473 1266 1540 καὶ
1292 1479 1295 1486 ’

128 1683 219 1731 nares,
239 1669 286 1734 qui
300 1668 339 1718 ad
350 1668 526 1718 Artemisium
544 1680 598 1719 non
616 1669 670 1718 nisi
720 1685 794 1730 aeos,
820 1674 931 1720 auctore
950 1671 1050 1720 Krnsio
1068 1671 1107 1732 Π,
1127 1671 1151 1718 2.
1170 1686 1197 1736 p.
1218 1668 1265 1720 103

127 1736 205 1785 decen
216 1737 419 1801 praebuerant:
432 1737 486 1786 vid.
500 1737 576 1799 Vlli,
593 1736 604 1785 l
619 1737 669 1786 ibi·
722 1737 785 1786 coll.
803 1735 836 1786 97
854 1753 925 1802 aeq„
951 1737 985 1788 ed
1004 1737 1162 1788 Callidromi
1190 1753 1265 1788 mon·

127 1817 172 1866 qne
189 1809 258 1852 nott.
296 1805 340 1852 De
360 1804 512 1853 Corinthiis
534 1809 615 1868 atque
635 1804 669 1853 de
719 1805 757 1854 tis
774 1804 962 1854 declivitatem
977 1821 1061 1870 prope
1075 1805 1265 1855 Paleeechora

128 1871 271 1933 Sicyoniis,
287 1873 336 1936 qui
348 1873 478 1922 duodecim
491 1887 576 1921 naves
588 1887 669 1936 prae·
722 1873 817 1936 quaeri
829 1872 926 1935 debet,
940 1874 1039 1924 Pindus
1052 1877 1143 1922 autern
1157 1873 1191 1922 ad
1205 1874 1264 1924 fon·

127 1936 244 1998 buerant,
258 1939 669 2004 vid.ihidem;Epidanriiocto
721 1945 762 1989 tes
780 1939 862 1989 Pindi
880 1941 965 1990 fluvii.
996 1942 1046 1990 Est
1063 1941 1210 2006 primarius
1228 1942 1262 1990 de

129 2004 320 2067 exhibuerant,
341 2007 486 2056 Troezenii
499 2009 607 2072 quinque
619 2023 667 2056 na·
719 2006 763 2056 his
775 2007 853 2057 locus
866 2006 1009 2058 Strabonis
1021 2009 1067 2058 lx.
1081 2025 1107 2073 p.
1120 2009 1169 2057 427
1189 2008 1262 2071 (coll.

128 2087 184 2134 ves,
206 2075 398 2136 Eretrienses,
424 2075 470 2139 qni
494 2075 528 2124 ad
552 2075 670 2124 Artemi·
721 2075 755 2123 X.
768 2091 794 2140 p.
808 2074 859 2124 476
877 2081 905 2125 et
921 2075 996 2125 Vlll.
1012 2093 1038 2141 p.
1052 2074 1126 2138 362),
1146 2091 1198 2140 qno
1217 2091 1264 2125 au·

128 2139 296 2205 sinmseptem
309 2157 397 2191 αενεε
409 2141 603 2206 praebuerant,
618 2143 669 2192 hoc
723 2146 798 2192 ctore
825 2145 914 2193 Dores
942 2137 1039 2200 πόλεις
1069 2137 1152 2208 ἔσχον
1178 2133 1264 2207 Ἐρι-

128 2205 372 2270 loeocmittnntnr,
393 2211 467 2258 infra
479 2225 539 2274 esp.
552 2209 586 2259 46
599 2225 669 2259 com·
721 2203 815 2272 νεὸν,
838 2210 938 2274 Βοῖον,
964 2208 1115 2271 Πίνδου,
1140 2205 1265 2260 Κύτινον

129 2281 322 2337 memorantur3
346 2277 572 2340 Hermionensea,
604 2293 668 2342 quo·
721 2277 803 2342 (quae
813 2281 915 2328 Dorum
928 2283 1000 2327 tetra
1021 2277 1072 2326 olis
1081 2277 1264 2342 perhibemrl·

24 2357 25 2380 ι
130 2357 181 2390 mm
197 2359 280 2408 snpra
301 2345 387 2406 (Vlil,
410 2343 434 2406 1)
452 2344 528 2394 nulla
547 2351 608 2394 erat
626 2346 668 2394 fa·
719 2337 886 2409 ὑπερνεῖται
909 2335 939 2394 δ’
957 2337 974 2410 η’
994 2294 1179 2422 ἧίνδρςὶτοιξ
1196 2335 1266 2407 Ἐρι-

131 2415 171 2458 cte
187 2412 306 2474 mentio,
332 2411 384 2461 hoc
407 2411 469 2461 loco
488 2413 667 2474 indiminutum
721 2411 802 2472 νεοιῑ,
826 2414 970 2477 παραρρεῖ
992 2409 1009 2460 δ
1045 2426 1136 2474 αυτην
1159 2407 1266 2474 ομοίνυ-

131 2476 160 2525 de
181 2478 222 2528 hie
244 2479 282 2530 ci.
303 2479 382 2540 VIII,
402 2478 435 2530 73
457 2479 551 2544 ibique
570 2479 667 2529 allata.
719 2494 773 2544 μος
790 2473 917 2544 ποταμὸς
936 2470 1082 2544 ἐμβάλλων
1095 2472 1137 2535 είς
1148 2471 1266 2554 τὸνΙΚη·

24 2571 25 2580 ι
130 2544 167 2592 Ad
192 2561 288 2596 recem
318 2539 470 2612 πλήρωμα,
500 2563 555 2612 qua
582 2562 668 2598 naves
721 2539 824 2611 pecode
842 2538 878 2597 ου’
894 2539 967 2596 πολὺ
985 2544 1035 2611 τῆς
1052 2544 1173 2604 Λιλαίας
1190 2561 1265 2596 nnm-

131 2615 201 2676 ipsee
222 2629 278 2664 una
304 2629 365 2664 cnm
384 2615 534 2680 remigibus
552 2615 668 2665 classia-
720 2615 790 2665 θεν·
819 2607 894 2672 τινες
918 2605 948 2663 δ’
971 2607 1130 2678 ’.θεόφαντα
1152 2607 1265 2678 λέγουσι

132 2679 224 2745 riteque
242 2682 419 2744 indicantur,
438 2684 473 2732 ci.
494 2683 571 2744 VIII,
594 2683 616 2732 l.
719 2674 774 2748 τήν
791 2680 913 2732 Πίνδον.
949 2681 1026 2731 Alios
1048 2687 1170 2732 veterum
1190 2683 1265 2732 locos

160 2746 286 2812 Δωρικόν
299 2765 329 2800 τε
342 2745 393 2799 καλ
401 2743 559 2800 Μακεδνὸν
569 2743 667 2814 ἔθνος]
720 2751 855 2800 excitavit
873 2748 1021 2815 l'orbiger:
1040 2750 1152 2800 Handb.
1171 2751 1196 2800 d.
1217 2751 1264 2800 alt.

131 2813 212 2892 Ilores
230 2833 263 2867 ec
282 2817 453 2867 Macedones
476 2817 608 2898 hoc'loco
626 2821 667 2867 sic
720 2817 820 2883 Geogr.
841 2819 972 2898 lli-pag.
985 2816 1047 2880 903,
1068 2819 1114 2882 qui
1132 2833 1185 2883 quo
1203 2819 1265 2868 loco

131 2884 669 3018 titillent?,blithilde
721 2886 1266 3018 hllelsttlltillltll?lili

133 3026 338 3085 snsneqneant,
358 3021 393 3070 ad
405 3035 488 3070 unam
500 3021 670 3086 eandemque
722 3021 906 3085 quaerendum
926 3036 986 3071 esse
1003 3022 1171 3087 pronuntiet.
1202 3021 1266 3070 Dis-

133 3085 236 3151 stirpem
252 3088 396 3138 referendi
414 3092 442 3138 et
453 3103 502 3153 pro
519 3087 670 3153 gentllibns
722 3089 807 3138 seruit
825 3103 930 3154 quoque
949 3089 983 3138 de
1002 3091 1055 3138 hac
1073 3089 1140 3138 urbe
1159 3088 1263 3138 Echet-

133 3151 198 3210 (ncs:
222 3155 515 3220 „Stnmmgenossen“)
539 3155 668 3205 habendi.
722 3172 804 3206 mann
817 3158 858 3206 in:
879 3156 1040 3206 zeitschrift
1053 3156 1071 3206 l.
1085 3155 1265 3206 Alterthnms·

135 3219 204 3280 Quod
222 3224 320 3274 merito
334 3223 453 3272 attendit
465 3224 507 3272 vir
519 3223 615 3273 doctus
628 3225 670 3273 in:
722 3226 793 3274 wiss.
819 3223 891 3273 1841.
917 3240 980 3290 pag.
1009 3223 1081 3274 1148.
1099 3251 1133 3260 -
1156 3226 1187 3273 ln
1210 3223 1264 3272 fine

133 3286 201 3338 llall.
211 3291 278 3340 Litt.
289 3291 360 3340 Zeit.
374 3289 447 3340 1837.
458 3306 497 3340 nr.
507 3289 563 3341 106.
575 3307 601 3356 p.
609 3290 668 3354 ²39,
721 3307 783 3370 cap.
797 3292 1075 3357 Schweighaeuserus
1093 3295 1155 3356 post
1168 3283 1264 3354 έοτρα-

133 3357 273 3420 reprohans
298 3373 359 3408 eam
382 3360 562 3421 sententiam,
589 3374 670 3424 qnam
720 3373 838 3408 τευοντο
856 3361 944 3409 minus
962 3365 989 3408 et
1001 3363 1064 3423 post
1074 3350 1197 3423 ἠπείρου
1209 3374 1264 3406 ms-

135 3422 161 3471 C.
177 3425 209 3474 ll.
222 3426 387 3476 Lachmann
405 3425 543 3491 (Sparten.
563 3425 669 3476 Staets-
721 3427 763 3476 ius
776 3431 907 3491 punctum
919 3427 983 3492 poni
996 3426 1067 3476 vult:
1087 3425 1120 3474 de
1134 3441 1186 3488 quo
1204 3429 1266 3474 utut

134 3492 239 3543 verines.
253 3510 319 3560 pag.
329 3493 375 3557 95)
387 3494 527 3558 professus
541 3499 609 3555 eret,
624 3495 670 3558 qui
722 3495 834 3556 statuis,
854 3495 888 3544 ad
906 3495 993 3544 verba
1011 3487 1041 3542 οί
1058 3485 1090 3541 δὲ
1104 3484 1135 3541 In
1147 3489 1197 3557 τῆς
1213 3485 1266 3552 ἔξω

134 3557 213 3610 Dores
247 3577 282 3612 ex
313 3577 365 3626 qno
395 3567 518 3626 tempore
551 3561 671 3628 profecti
721 3552 843 3628 ἠπείρου
856 3565 948 3610 mente
966 3558 1145 3625 repetendum
1164 3560 1217 3608 erit
1232 3574 1265 3609 cx

135 3626 185 3740 :lint
201 3644 215 3678 e
231 3628 444 3746 septenarionali
462 3629 622 3758 Tlpesselip,
642 3630 671 3679 in
723 3619 1188 3744 εοεεοεδοοιίομε,έστραχχύοντο,
1212 3643 1265 3746 ''Ile-

150 3707 261 3746 naseas
281 3713 314 3747 ne
352 3712 527 3748 iversassrr
547 3712 576 3747 οε
605 3713 668 3748 nos:
739 3713 772 3748 ue
801 3711 868 3746 cus
891 3711 919 3745 vr
939 3711 999 3744 cnr
1024 3711 1053 3744 re
1113 3711 1159 3744 ere
1186 3711 1221 3746 οι
1252 3710 1265 3746 ε

136 3713 297 3827 „Stimme‹‘¹‘)
315 3764 419 3815 divisos
437 3779 497 3815 esse
519 3714 669 3823 οιδιιλοαδὶι,
722 3713 774 3829 (δὲ,
803 3713 873 3829 qud
895 3763 1037 3828 proposuit
1055 3710 1264 3829 Schweighaeu-

136 3827 243 3880 alteram
252 3833 549 3898 Dymanensium,qnos
559 3833 669 3883 eosdem
721 3848 798 3884 serus
826 3831 1008 3898 probavitque
1036 3831 1139 3882 Herold
1165 3835 1265 3882 limen-

136 3910 189 3946 ease
206 3901 283 3964 ponit
301 3915 332 3950 ac
350 3900 534 3962 Macedones,
553 3901 670 3950 alteram
722 3901 789 3952 datt.
808 3900 953 3951 Herodott.
972 3900 1003 3949 P.
1023 3901 1045 3950 l.
1064 3916 1127 3966 pag.
1150 3900 1187 3952 14.

136 3963 327 4030 ΗςΙΙεοαεὶοιο,
348 3969 395 4034 qui
412 3968 496 4018 iidem
514 3969 618 4018 fuerint
630 3975 670 4018 ct·

137 4045 183 4094 que
200 4035 291 4086 Dores.
330 4035 374 4085 Tu
396 4036 451 4086 vid.
476 4049 546 4101 quae
570 4037 604 4087 de
627 4036 670 4086 his

138 4103 278 4154 monuimus
303 4103 385 4167 adl,
404 4102 451 4164 hd,
476 4103 539 4154 coll.
558 4105 587 4166 I,
613 4103 668 4154 146.
690 4144 693 4152 .
902 4067 968 4122 ⁰⁴⁹·
988 4071 1085 4183 mxl·

138 4163 165 4215 C.
177 4169 207 4222 0.
220 4171 363 4222 Muellero:
383 4172 449 4221 Dor.
462 4171 483 4221 1.
503 4189 529 4238 p.
548 4172 604 4234 176,
624 4173 670 4237 qui
755 4165 826 4236 πρὸς
843 4167 955 4233 πάντας
971 4165 1038 4232 τούς
1060 4167 1175 4237 αλλους]
1202 4173 1218 4223 i.
1239 4189 1263 4222 ο.

139 4243 219 4286 monet
232 4239 406 4302 Hernicum,
421 4254 501 4304 qnam
515 4241 670 4290 Herodotus
719 4257 785 4305 prce
797 4243 854 4292 albis
863 4243 982 4303 omnibus,
994 4247 1024 4291 ut
1033 4242 1084 4301 Ill,
1094 4240 1136 4301 94,
1149 4241 1197 4288 uhi
1208 4241 1263 4289 vid.

139 4299 248 4364 1111173
265 4307 321 4370 (οοί
333 4308 390 4357 vid.
404 4307 485 4370 nott.)
503 4308 669 4374 Dryopicern
722 4313 789 4360 nott.
814 4311 943 4372 „Mireris
954 4309 1050 4368 vero,“
1063 4309 1104 4356 eit
1116 4307 1263 4370 διανοίην,

141 4371 251 4435 appellat
268 4376 424 4436 civitatem,
448 4379 544 4439 postea
568 4377 602 4425 ab
621 4377 670 4426 hr-
722 4391 795 4442 „qno
807 4381 890 4441 pacto
908 4381 949 4426 tot
966 4377 1082 4425 navibus
1101 4375 1136 4424 ad
1149 4374 1264 4423 Salami-

141 4437 204 4500 giris
215 4447 321 4508 ceptam
334 4443 430 4492 inisse.
449 4441 564 4495 Erineos
576 4459 598 4494 ε.
610 4443 670 4495 Eri-
721 4460 783 4494 nem
811 4459 934 4510 pugnare
960 4443 1144 4492 Athenienses
1170 4445 1264 4506 potne-
