3074 4960
508 508 712 572 URANIA.
735 511 823 570 VIII.
845 519 889 574 62.
912 521 954 574 63.
1135 568 1142 582 .
1258 517 1298 578 80

159 683 239 770 τέγη
260 683 299 751 τὲ
321 684 389 750 ἐστι
414 683 448 750 ἐν
471 684 615 750 παλαιοῦ
638 687 701 768 ἔτι,
726 683 781 750 καὶ
804 679 844 751 rei
861 680 956 770 λόγια
979 685 1083 770 λέγει,
1108 677 1168 753 ὑπ’
1188 678 1299 773 ἡμέων

159 778 269 870 αὐτὴν
288 785 376 852 δέειν
394 785 579 870 κτισθῆναι.
620 777 717 872 ὑμεῖς
736 784 787 870 δὲ,
814 781 996 873 συμμάχων
1013 789 1153 855 τοιῶνδε
1169 814 1299 874 μοννω·

159 886 296 972 θέντες,
325 882 538 973 μεμνήσεσθε
559 885 627 954 τῶν
657 887 743 973 ἐμῶν
765 883 882 972 λόγων.
940 888 1050 954 Ταῦτα
1080 887 1116 956 δὲ
1141 897 1296 976 Θεμιστο-
1305 895 1345 959 63
1404 881 1419 912 ”

159 988 255 1067 κλέος
284 987 435 1073 λέγοντος
462 980 698 1055 ἀνεδιδάσκετο
732 982 955 1075 Εὐρυβιάδης.
1010 990 1138 1058 δοκέειν
1168 993 1208 1058 δι’
1232 1017 1298 1079 μοι,

159 1223 219 1268 tum
245 1221 452 1283 praetexentes,
482 1218 594 1268 ineam
618 1218 706 1284 ipsam
758 1221 955 1284 quaendlll,
977 1218 1102 1280 130111,
1123 1220 1232 1282 15.V1,
1253 1220 1301 1269 127

159 1285 263 1336 ltaliae
281 1287 420 1352 regionem
438 1287 579 1336 mitterent
595 1285 706 1336 colonos
757 1291 853 1336 notata
871 1292 943 1338 sunt.
984 1289 1024 1337 lix
1041 1287 1094 1337 hnc
1113 1295 1204 1338 eutem
1226 1293 1301 1338 terra

161 1351 333 1418 'Phariosque
352 1353 501 1404 conderent
518 1370 602 1418 prope
620 1353 705 1404 Siriu:
758 1355 921 1405 frumentum
935 1355 1057 1405 Athenas
1072 1356 1215 1420 advectum
1230 1371 1299 1416 esse,

162 1421 209 1470 cui
223 1421 349 1471 coloniae
361 1421 449 1486 ipsum
458 1421 590 1470 historiae
600 1425 706 1486 patrem
758 1423 827 1472 adeo
851 1427 881 1472 ut
903 1423 948 1473 vel
968 1428 1079 1487 propter
1096 1423 1168 1473 hanc
1189 1437 1302 1473 causam

159 1489 321 1538 interfuisse
343 1489 475 1540 novimus.
515 1489 578 1538 Vid.
594 1487 706 1540 Diodor.
757 1494 863 1540 mature
885 1491 941 1540 iam
957 1490 1141 1540 Athenienses
1162 1492 1302 1556 cogitave-

161 1555 219 1606 sic.
235 1557 301 1618 XII,
324 1555 362 1606 10.
399 1555 440 1605 Ob
458 1559 538 1606 Iones
555 1557 641 1622 igitur
657 1573 706 1622 pro
757 1558 813 1606 rint
830 1558 863 1606 de
881 1557 933 1608 hec
951 1563 1024 1607 terra
1037 1558 1141 1608 colonis
1159 1557 1225 1607 illuc
1238 1559 1301 1608 mis-

160 1623 232 1673 Siris
255 1623 444 1674 conditoribus
468 1623 577 1674 habitos
597 1624 707 1674 Themi·
757 1625 794 1674 sis
806 1625 908 1675 arctius
918 1641 1009 1676 secum
1020 1625 1218 1691 coniungenda,
1229 1625 1301 1675 bene

159 1690 264 1742 stecles
278 1691 329 1741 ait:
341 1683 414 1756 ἥπερ
426 1683 548 1758 ἡμετέρη
560 1685 591 1742 τέ
605 1684 661 1742 ἐστι
674 1683 705 1743 ἐκ
757 1707 844 1758 nuper
866 1693 1006 1743 admonuit
1027 1689 1220 1742 Wislremann:
1247 1693 1300 1742 Die

159 1757 289 1808 παλαιοῦ
302 1753 352 1820 ἔτι,
365 1759 505 1824 siquidem
516 1759 635 1810 velante
647 1759 705 1810 bel·
758 1760 854 1809 antike
867 1759 1121 1810 Landwirthschalt
1133 1765 1185 1811 etc.
1199 1761 1300 1819 (Preie-

158 1825 216 1874 lum
228 1827 377 1876 Troianum
390 1826 432 1876 illi
444 1827 537 1876 urbem
551 1827 704 1878 condidisse
756 1827 864 1876 schrift.
875 1827 899 1876 d.
909 1827 1185 1878 Jablonowskischen
1196 1827 1300 1878 Gesell·

159 1893 590 1957 ferebanturtesteLycophrone
601 1894 644 1944 l.l.
658 1895 704 1944 At·
757 1895 850 1944 schaft
861 1895 924 1957 VII)
944 1911 1007 1960 pag.
1020 1896 1062 1947 22.
1077 1921 1107 1930 -
1125 1895 1167 1945 Ad
1184 1899 1301 1946 structu·

160 1977 213 2026 que
232 1962 324 2018 Iones,
348 1977 414 2026 quos
436 1963 508 2012 hanc
529 1963 623 2012 urbem
640 1961 705 2013 olim
756 1979 814 2012 ram
832 1963 975 2014 verborum
997 1958 1047 2014 ιιαλ
1068 1956 1103 2012 τὰ
1125 1955 1208 2028 λόγια
1226 1955 1301 2027 λέγει

158 2028 205 2078 vel
220 2029 375 2080 condidisse
387 2029 432 2080 vel
443 2035 517 2080 certe
531 2029 652 2080 tenuisse
665 2030 704 2079 ni·
757 2029 816 2092 (ubi
834 2031 1016 2096 exspectabas
1038 2027 1086 2082 ιιαλ
1107 2020 1150 2096 ἣν
1167 2027 1201 2082 τὰ
1220 2023 1301 2096 λόγια

158 2095 198 2146 hil
224 2101 269 2146 est
291 2097 415 2159 dubium,
439 2097 580 2147 Minervae
599 2111 705 2163 quoque
756 2091 842 2161 λέγει)
859 2098 915 2147 vid.
929 2103 998 2148 nott.
1015 2099 1050 2148 ad
1062 2099 1113 2160 ΙΙΙ,
1127 2098 1174 2161 34;
1192 2114 1242 2164 per
1253 2114 1300 2149 vo·

158 2179 242 2214 saera
255 2163 365 2214 inhauc
378 2164 473 2214 urbem
485 2164 620 2224 intulisse,
635 2181 704 2230 quae
757 2165 847 2215 culam
865 2161 927 2226 nal,
947 2181 1018 2231 quae
1037 2167 1072 2216 ad
1090 2165 1258 2216 antecedens
1271 2181 1301 2216 τε

159 2231 293 2296 primarie
305 2231 399 2282 horum
412 2247 551 2283 sacrorum
564 2233 643 2282 sedes
656 2249 704 2298 per
756 2234 906 2298 pertinent,
933 2249 967 2283 ea
989 2247 1049 2283 eum
1073 2233 1302 2284 antecedentibus
1334 2223 1344 2244 ⁸

157 2299 271 2348 Italiam
281 2300 310 2361 (i.
322 2315 345 2349 e.
357 2299 487 2350 Graciam
500 2301 638 2365 magnam)
649 2301 704 2350 ler—
755 2299 796 2349 ita
809 2301 972 2364 iunguntur,
990 2305 1021 2348 ut
1037 2315 1105 2352 sane
1119 2317 1172 2350 non
1185 2315 1252 2366 opus
1266 2301 1302 2349 sit

158 2371 247 2428 retur,
263 2367 395 2416 credibile
408 2365 438 2416 tit
450 2366 515 2430 (vid.
529 2366 560 2416 C.
571 2367 603 2417 O.
618 2367 703 2417 llluel·
756 2368 877 2416 scribere
901 2361 950 2416 ἔτι
974 2361 1011 2416 δὲ
1027 2363 1090 2426 καλ,
1114 2373 1144 2416 ut
1161 2367 1302 2432 proposuit

158 2433 213 2484 ler:
244 2433 344 2484 Kleine
367 2433 507 2484 Deutsche
531 2435 643 2484 Schrift.
668 2435 704 2484 II.

159 2517 224 2566 pag.
238 2500 289 2551 216
305 2501 387 2566 seq.);
410 2503 473 2552 inde
490 2503 589 2552 merito
607 2492 705 2567 ἡμετέ-

159 2585 215 2634 ρην
233 2561 265 2620 ἐκ
283 2569 410 2618 παλαιοῦ
429 2569 502 2619 hanc
519 2570 614 2620 urbem
632 2570 704 2619 Ioni-

159 2651 234 2696 cum,
254 2637 372 2687 medium
392 2638 463 2688 iuter
475 2637 592 2687 Doricus
606 2639 704 2688 civita-

158 2709 203 2754 tes
224 2705 354 2754 initalia
372 2705 453 2754 sitam
473 2706 705 2770 praecipuamque

157 2771 273 2822 Ionicae
291 2771 336 2822 vel
354 2773 445 2837 potius
461 2772 573 2823 Atticae
590 2773 659 2823 deae
677 2773 705 2822 iu

157 2839 213 2889 hee
231 2839 327 2890 eadem
348 2845 423 2890 terra
440 2840 534 2890 sedem
550 2839 704 2890 Themisto·

159 2907 219 2957 eles
237 2907 379 2973 appellare
401 2909 489 2972 potuit
511 2907 596 2973 eo'que
620 2909 705 2958 etiarn

158 2975 265 3024 referre
283 2974 409 3037 oracula,
433 2989 502 3040 ιμιιιο
520 2974 593 3025 hanc
610 2975 705 3026 urbem

159 3042 195 3092 ab
217 3042 432 3092 Atheniensibus
455 3042 537 3093 condi
558 3043 704 3093 iubebant:

159 3125 231 3177 quae
249 3111 312 3174 ipsa
329 3109 442 3160 oracula
460 3125 492 3160 eo
508 3114 631 3176 tempore
644 3115 705 3161 orta

159 3182 240 3244 putet
257 3177 329 3227 idem
344 3177 462 3228 Mueller
477 3177 628 3244 (Goetting.
644 3178 704 3228 (iel.

158 3246 244 3295 Anas.
270 3243 344 3297 18³8.
361 3261 425 3312 png.
443 3244 518 3306 375),
543 3262 595 3310 qno
613 3247 703 3307 Iones,

159 3312 277 3362 navibus
294 3313 370 3363 vecti
388 3313 423 3362 ad
439 3313 541 3363 ltaliae
560 3329 635 3372 ores,
653 3315 703 3364 hae

158 3381 236 3446 ipsas
249 3383 338 3431 terras
348 3381 466 3430 omnium
477 3381 593 3446 optimas
603 3398 636 3432 ac
646 3381 704 3446 pul·

159 3447 312 3498 cherrimus
340 3448 563 3513 praedicaverint
591 3449 703 3514 popula·

157 3516 282 3580 riumque
300 3516 439 3565 hominum
462 3517 568 3565 anImos
592 3517 625 3566 ad
643 3531 703 3567 eas·

158 3582 221 3632 dem
235 3583 413 3633 adverterint.
448 3585 491 3633 De
509 3598 561 3648 quo
579 3584 703 3648 equidem

157 3649 233 3700 haud
246 3650 405 3700 decernam:
429 3651 517 3716 ipsam
530 3649 614 3714 Sirio,
635 3667 704 3716 qnae

159 3717 195 3767 ad
212 3717 285 3768 ostia
306 3719 383 3768 fluvii
400 3718 467 3768 Siris
490 3717 556 3782 (vid.
573 3719 704 3770 Herodot.

157 3785 211 3846 VI,
240 3783 298 3846 127)
323 3787 379 3835 sita
403 3791 475 3847 erat,
501 3791 610 3836 constat
632 3791 705 3852 post-

158 3851 240 3902 modo
252 3859 360 3917 portnm
373 3853 459 3904 luisse
472 3855 618 3904 Heracleae
631 3855 705 3904 urbis

158 3919 260 3985 ulginti
278 3925 408 3984 quattuor
424 3921 523 3971 stadiis
539 3921 603 3972 hinc
620 3937 706 3973 remo·

158 3993 220 4048 tae,
246 3987 275 4036 iu
298 4001 379 4052 qnam
403 3989 486 4038 etiam
505 3988 572 4038 Siris
596 3989 704 4040 incolae

158 4053 284 4120 plerique
297 4059 395 4120 postea
408 4056 536 4105 translati
549 4062 620 4106 sunt.
639 4057 704 4107 Nul-

158 4121 203 4170 lss
216 4121 310 4172 ruinas
323 4121 411 4172 adhue
422 4138 565 4188 superesse
578 4125 702 4174 tradunt:

158 4188 214 4254 ipsi
222 4187 285 4238 loeo
295 4205 394 4239 nomen
408 4189 489 4240 Terre
498 4191 526 4240 di
534 4191 628 4242 Scaea.
641 4192 703 4241 Vid.

158 4255 308 4321 I'orbiger:
321 4256 432 4310 Handb.
446 4257 472 4306 d.
486 4257 534 4308 alt.
545 4257 702 4324 Geograph.

158 4323 211 4374 III.
224 4339 288 4388 pag.
301 4321 361 4374 760.
373 4329 429 4374 not.
443 4325 484 4375 22.
497 4351 533 4362 -
545 4325 622 4387 Quod
636 4326 703 4376 Siris

159 4381 193 4440 ἐν
212 4380 316 4458 Ἰταλίῃ
338 4391 394 4441 sita
416 4393 526 4454 dieitur,
552 4393 585 4442 de
608 4393 705 4459 lllapna

159 4459 273 4509 Graecia
302 4459 477 4524 cogitandum
506 4475 566 4510 esse
595 4460 702 4524 docent,

755 2434 850 2484 Naber
862 2435 889 2483 ἰιι
899 2435 1067 2497 Mnemosyn.
1081 2435 1126 2483 IV.
1139 2451 1202 2500 pag.
1215 2433 1256 2483 28.
1267 2459 1302 2470 ·-

755 2502 849 2551 Verba
870 2503 990 2566 proxime
1009 2503 1168 2566 sequentia:
1193 2495 1301 2567 συμμα-

757 2585 814 2634 γων
837 2567 957 2620 τοιαῖνδε
980 2561 1180 2635 μουνωθέντες
1204 2569 1300 2620 redde:

756 2637 847 2687 talibus
858 2641 934 2687 suella
942 2641 1041 2702 priuati
1055 2639 1163 2704 indeque
1180 2640 1229 2688 soli
1241 2640 1301 2688 rell·

756 2709 805 2760 etl:
832 2705 888 2755 vid.
911 2705 1043 2756 Herodot.
1062 2707 1087 2766 I,
1110 2705 1164 2755 102.
1188 2707 1240 2769 ΙΙΙ,
1261 2705 1299 2756 15.

756 2773 834 2829 VIII,
850 2772 898 2824 123
913 2772 975 2822 coll.
989 2773 1016 2834 I,
1033 2773 1089 2823 ild.
1103 2774 1155 2836 IV,
1173 2772 1234 2834 1133
1254 2773 1300 2822 ad-

755 2841 846 2890 hibuit
858 2855 964 2906 quoque
974 2841 1108 2890 Homerus
1121 2842 1149 2890 in
1159 2841 1240 2891 Iliad.
1252 2841 1299 2903 III,

755 2907 814 2957 470.
829 2907 928 2972 Οδγεε.
941 2908 998 2970 XV,
1013 2907 1063 2958 380
1078 2909 1141 2959 οοΙΙ.
1153 2909 1225 2970 XVI,
1243 2907 1299 2958 ll'l.

756 2975 838 3025 Haud
862 2975 944 3026 aliter
967 2974 1129 3044 χηροιῖσθαι
1153 2976 1225 3042 apud
1246 2977 1299 3026 No-

756 3047 840 3094 strum
852 3042 960 3108 V1,83.

935 3246 1001 3296 Cur.
1020 3247 1120 3297 LXIII.

790 3376 1003 3447 Θεμιστοκλέος]
1026 3382 1071 3430 Ita
1094 3397 1154 3431 cum
1173 3381 1262 3431 Gaisf.
1285 3397 1299 3430 e

756 3447 860 3498 duobus
872 3448 950 3498 libris
963 3449 1091 3513 rescripsi
1103 3464 1151 3512 pro
1165 3445 1300 3512 Θεμιστο-

755 3513 848 3581 nidos.
866 3516 928 3564 Vid.
937 3515 1024 3566 allate
1034 3515 1068 3566 ed
1078 3515 1149 3573 VIII,
1161 3513 1202 3564 50.
1222 3515 1300 3576 Quod

755 3583 878 3647 sequitur
899 3573 1117 3642 α’νεδιδοὶσιιετο,
1142 3581 1212 3631 Ιιοιιε
1235 3581 1299 3632 Val·
1376 3590 1377 3593 ’

757 3650 836 3700 ekcn.
850 3650 952 3700 reddite
972 3649 1157 3708 deducebatur,
1175 3651 1300 3700 dedocen-

757 3720 812 3768 dum
828 3733 856 3768 se
871 3717 1005 3782 praebuit:
1028 3731 1091 3768 uam
1108 3707 1300 3772 α’ναδιδιὶσκι-

757 3786 827 3836 σθαι
850 3785 938 3836 valet:
961 3787 1052 3849 priora
1076 3786 1236 3836 deduceris.
1253 3787 1296 3836 de·

756 3855 893 3904 docendum
915 3869 942 3904 se
961 3852 1104 3916 praebere,
1128 3861 1155 3902 ιιι
1176 3855 1231 3920 qaia
1249 3859 1300 3904 alla

756 3924 838 3972 diseat
850 3924 905 3971 istis
917 3923 1061 3978 contrarie,
1075 3921 1298 3985 quemadmodum

756 3980 965 4039 οἷναδιδασκειν
978 4003 994 4038 a
1014 3988 1048 4037 ud
1059 3987 1212 4051 Thucydid.
1223 3988 1297 4050 VIII,

756 4055 802 4119 80,
821 4057 869 4107 ubi
885 4057 940 4107 vid.
954 4005 1103 4106 Duherum.
1140 4055 1203 4104 Alia
1221 4055 1300 4104 dabit

756 4125 890 4175 Thesaur.
899 4125 980 4186 Ling.
993 4122 1090 4174 Graec.
1104 4123 1161 4184 1‚2.
1175 4139 1238 4188 pap.
1250 4123 1299 4174 352

756 4191 797 4241 ed.
806 4191 930 4241 Diodori.
949 4191 991 4240 Ad
1001 4205 1081 4255 quam
1095 4191 1210 4240 eandem
1220 4207 1299 4256 prae·

754 4259 899 4324 positionis
911 4260 965 4308 vim
979 4259 1118 4323 pertinent
1130 4257 1214 4308 verba
1228 4273 1298 4308 com·

755 4315 1028 4390 positaor’vnpoiudm,
1039 4317 1223 4390 α’νεύγεσθαι,
1233 4325 1298 4374 alia.

755 4393 796 4442 Ad
820 4393 903 4443 medii
926 4393 1004 4444 verbi
1026 4395 1081 4443 vim
1105 4407 1138 4442 ec
1161 4392 1299 4442 notionem

756 4461 828 4512 conl.
840 4465 910 4511 nott.
924 4460 959 4511 ad
970 4461 1010 4522 11,
1027 4459 1083 4508 154.
