2984 4962
231 465 294 526 lun
641 455 956 519 ΟΟΜΜΕΝΤΑΊἸΟ

230 633 278 703 qui
292 631 451 684 adolescens
466 631 601 683 Herodoti
617 629 727 683 auditor
748 629 872 700 adeoque
891 628 1011 680 amasias
1029 627 1130 694 luerit,
1152 633 1302 697 temporum
1321 645 1362 680 ra·

229 718 320 770 tiones
334 716 373 769 ite
385 723 551 785 repugnant,
567 723 597 768 ιιι
609 713 774 782 Choerilum,
790 714 824 781 si,
840 713 1061 784 quemadmodum
1076 712 1161 764 tradit
1175 712 1284 782 auidas,
1299 713 1363 766 ado·

229 803 336 855 lescena
356 801 442 854 fuerit
462 799 571 870 Olymp.
592 799 691 854 LXXV
710 799 797 870 (eirca
818 801 869 852 480
884 815 906 853 a.
924 798 990 852 Chr.
1009 815 1052 865 n.;
1069 797 1123 849 fuit
1136 803 1225 850 autem
1239 797 1362 850 Herodo-

230 895 285 953 tus,
301 893 431 955 utsupra
446 884 564 937 vidimus
577 889 602 950 s.
618 889 641 951 l,
657 891 738 936 natns
753 887 805 937 484
819 889 883 936 ante
893 883 960 936 Chr.
976 883 1028 950 n.)‚
1045 889 1105 934 octo
1119 889 1193 934 certe
1204 887 1253 934 aut
1266 883 1362 950 decem,

229 972 352 1040 adeoque
369 969 496 1039 pluribus
513 969 593 1022 annis
611 969 752 1022 Herodoto
776 969 903 1022 maiorem
918 967 1006 1021 luisse
1021 973 1174 1020 statuamus
1189 984 1302 1020 necesse
1319 969 1362 1036 sit,

229 1057 296 1108 adeo
317 1060 348 1106 nt
362 1054 468 1108 minime
486 1052 639 1124 discipulus
658 1053 793 1106 Herodoti
818 1053 933 1124 eiusque
948 1052 1063 1104 'auditor
1085 1057 1113 1104 et
1138 1051 1256 1104 amasius
1273 1052 1363 1106 haberi

228 1140 326 1210 possit.
358 1139 419 1193 Vid.
441 1139 539 1192 Naelre
556 1138 590 1190 ad
611 1136 732 1190 Choerili
751 1140 873 1207 fragrem.
900 1156 925 1207 p.
949 1139 981 1191 19
1002 1155 1075 1207 seq.;
1091 1153 1177 1206 quare
1195 1153 1254 1188 cum
1275 1139 1363 1190 eodem

228 1225 287 1278 viro
303 1224 393 1290 docto,
409 1225 456 1294 qui
471 1223 572 1276 Suidae
588 1222 788 1289 testimoninm,
805 1223 880 1292 quod
894 1227 923 1288 at
938 1229 1045 1290 tempus
1062 1221 1174 1290 attinet,
1190 1221 1288 1274 falsum
1304 1241 1364 1276 esse

228 1309 297 1362 satis
323 1309 460 1378 probavit,
487 1307 610 1360 Choerili
636 1307 741 1361 natales
766 1308 855 1360 satius
880 1307 933 1360 erit
955 1306 1023 1375 (vid.
1053 1324 1079 1376 p.
1112 1306 1160 1374 28)
1188 1306 1303 1360 reiicere
1330 1307 1363 1361 ed

228 1393 488 1462 olymphxxvn,
509 1392 595 1446 lsive
624 1411 688 1447 ann.
714 1397 766 1446 472
790 1399 853 1446 ante
875 1392 940 1446 Chr.
962 1409 990 1448 n.
1020 1391 1086 1458 „Sic
1110 1391 1245 1445 Herodoti
1270 1392 1365 1458 (rerba

228 1487 295 1530 sunt
311 1477 413 1530 Naekii
427 1477 445 1532 l.
461 1474 503 1549 h),
527 1493 581 1546 quo
604 1477 648 1530 ille
663 1477 804 1530 duodecim
822 1476 902 1530 annis
919 1476 1006 1529 minor
1021 1479 1105 1542 esset,
1121 1477 1257 1530 commode
1274 1483 1367 1548 potest

228 1571 256 1614 et
270 1561 380 1615 eruditor
401 1567 429 1614 et
449 1561 562 1615 deliciae
582 1563 682 1615 fuisse.
714 1562 811 1615 Potest
832 1561 933 1614 luisse:
956 1577 1016 1613 nam
1032 1559 1197 1614 declaratum
1213 1571 1257 1614 est
1271 1578 1365 1632 supra,

227 1665 268 1699 me
284 1646 350 1698 nihil
371 1647 446 1699 alind
465 1652 577 1713 tenere,
599 1647 763 1732 quam-boc,
784 1653 893 1702 utesse
908 1646 1031 1715 potuerit
1050 1662 1101 1714 per
1116 1652 1265 1715 temporum
1283 1647 1367 1700 ratio-

227 1749 296 1786 nem.
329 1732 383 1784 Sed
399 1738 429 1784 ιιι
450 1731 614 1799 accipiamus
634 1731 690 1800 illa,
712 1749 783 1803 quae
801 1729 922 1801 prodidit
941 1729 1059 1797 Suides,
1081 1729 1226 1782 Choerilus
1247 1732 1367 1784 fortasse

227 1815 272 1874 01,
292 1815 413 1882 Lxxxr,
439 1821 455 1868 4
476 1816 562 1881 (eirca
583 1819 634 1870 453
661 1823 725 1869 ante
752 1816 819 1870 Chr.
839 1817 890 1883 n.)‚
916 1831 971 1884 quo
993 1831 1093 1867 annum
1116 1816 1215 1868 aetatis
1237 1815 1367 1871 decimum

228 1906 351 1952 octavum
385 1900 561 1969 expleverat,
596 1900 675 1952 Samo
706 1902 842 1970 profugus
868 1899 1002 1952 Herodoti
1023 1899 1192 1968 discipulus,
1224 1901 1267 1954 vel
1293 1903 1367 1972 qood

226 1985 305 2050 malo,
327 1985 437 2036 auditor
460 1986 551 2037 factrus
576 1985 820 2038 estetdeliciae.“
858 1985 888 2036 ln
910 1984 951 2036 bis
981 1983 1061 2054 plane
1082 1984 1289 2039 subsistendum
1305 2003 1369 2040 esse

227 2069 369 2121 existimo:
387 2068 494 2139 reliqua
509 2069 580 2121 enim
596 2070 684 2122 omnia
705 2071 824 2136 incerta3
845 2087 895 2122 neo
916 2069 1003 2137 magis
1023 2073 1142 2137 certum,
1168 2087 1223 2141 qua
1250 2072 1311 2141 ipsa
1333 2072 1368 2125 de

227 2171 310 2206 cerasa
328 2159 356 2206 et
370 2170 424 2226 quo
440 2155 727 2224 temporeHerodotus
743 2154 837 2208 relicti
849 2153 937 2224 patrii
949 2154 1056 2206 Samum
1071 2154 1178 2213 adierit.
1200 2155 1244 2208 Ob
1257 2155 1368 2224 Lygda-

226 2238 322 2292 midem
337 2245 484 2306 tyrannum
504 2239 531 2290 id
553 2240 654 2292 factum
670 2259 732 2294 asse
752 2239 837 2292 tradit
849 2239 951 2291 Stridon
965 2239 984 2292 l.
1000 2255 1085 2309 supra
1100 2239 1118 2294 l.
1134 2256 1166 2292 ac
1183 2241 1323 2309 probabile
1339 2241 1367 2293 id

226 2323 317 2376 reddit
340 2324 475 2376 Herodoti
501 2323 606 2378 animus
632 2343 649 2377 ιι
676 2331 856 2393 tyrannorum
871 2324 984 2392 imperio
1008 2324 1119 2377 maxime
1144 2323 1261 2378 alienus.
1291 2326 1369 2378 Haec

225 2408 360 2461 Herodoti
377 2409 437 2462 sive
452 2409 635 2478 commigratio
653 2411 712 2463 sire
728 2409 853 2480 expulsio
869 2427 902 2462 ex
914 2409 1108 2462 Halicarnasso
1125 2409 1193 2462 urbe
1209 2411 1243 2462 ob
1256 2411 1368 2478 Lygda-

226 2493 321 2546 midem
336 2499 484 2561 tyrannum
502 2495 614 2563 laegero
631 2495 648 2549 l.
668 2495 685 2547 l.
702 2513 729 2565 p.
746 2500 761 2548 'l
784 2501 938 2564 opportune
955 2494 1064 2546 videtur
1078 2495 1224 2548 cohaerere
1239 2512 1299 2548 cum
1313 2495 1369 2547 Pe-

226 2578 352 2645 nyasidis
373 2580 483 2646 cognati
506 2579 673 2649 calamitate,
696 2580 721 2633 si
742 2579 851 2650 quidem
874 2579 917 2630 hie
932 2596 948 2630 a
963 2579 1131 2647 Lygdamido
1146 2585 1265 2648 tyranno
1280 2581 1368 2634 inter-

226 2665 315 2715 fectus
336 2669 381 2714 est
402 2669 473 2716 teste
487 2663 572 2716 Suida
588 2663 603 2719 ΙΙ
622 2682 707 2734 supra
723 2664 740 2716 l.
770 2665 807 2716 Et
825 2664 907 2716 habet
924 2681 992 2716 sane
1008 2663 1058 2716 boc
1072 2665 1207 2736 quandam
1224 2666 1283 2719 reri
1303 2683 1369 2734 spe·

226 2747 303 2804 ciem.
333 2745 503 2815 Quamquam
519 2765 573 2818 quo
588 2765 660 2801 anno
678 2747 706 2800 id
721 2750 821 2801 factum
837 2749 888 2815 sit,
904 2748 929 2800 si
943 2765 1071 2818 quaeras,
1088 2750 1115 2802 in
1130 2750 1256 2804 diversas
1272 2757 1369 2821 partes

226 2832 302 2883 abire
322 2829 445 2881 videmus
467 2831 542 2883 viros
557 2833 668 2900 doctos,
685 2850 744 2886 cum
758 2832 805 2884 vix
819 2839 922 2884 certum
943 2833 1066 2902 supersit
1081 2835 1211 2905 temporis
1226 2835 1369 2895 indicium,

227 2917 260 2970 C.
283 2915 318 2966 Ο.
338 2914 438 2967 Miller
457 2914 524 2968 Dor.
546 2916 584 2970 ll.
606 2935 634 2985 p.
654 2921 705 2972 490
728 2917 873 2984 Panyasim
897 2916 1004 2987 Olymp.
1025 2917 1208 2987 uxxv111‚4
1231 2939 1255 2974 s.
1277 2923 1330 2976 455
1354 2939 1371 2974 a

227 2997 394 3066 Lygdsmide
418 2997 592 3051 interiectum
617 3017 679 3053 esse
702 3007 847 3070 posuerat:
870 3001 981 3054 Clinton
1009 3003 1059 3056 hoc
1083 3005 1169 3058 refert
1194 3006 1227 3058 ad
1255 3005 1369 3075 Olymp.

226 3082 367 3150 rtxxxst
388 3081 447 3134 sive
468 3085 519 3134 457
539 3099 655 3153 eumque
680 3085 772 3154 plures
793 3086 847 3140 viri
869 3086 941 3139 docti
967 3088 1056 3140 sectati
1083 3097 1159 3157 sunt,
1184 3107 1254 3160 quos
1273 3091 1373 3144 laudat

226 3167 396 3220 Tsschirner
408 3164 569 3234 (Panyaaid.
591 3169 724 3236 Fragmm.
742 3189 767 3238 p.
788 3172 842 3240 17),
858 3171 906 3242 qni
921 3171 981 3240 ipse
1000 3173 1092 3242 ponit,
1115 3173 1260 3242 Panyasim
1279 3177 1372 3229 inter-

225 3255 325 3306 fectum
351 3269 413 3304 esse
440 3259 489 3303 aut
514 3251 621 3320 Olymp.
647 3252 780 3321 cxxxii,
802 3259 818 3309 3
839 3256 912 3324 (sive
934 3259 986 3309 450
1010 3263 1074 3311 ante
1096 3258 1161 3315 Chr.
1178 3263 1220 3331 ιι.)
1240 3269 1289 3312 aut
1309 3275 1374 3314 uno

226 3339 371 3390 duobusve
386 3335 465 3388 annis
482 3343 562 3405 post,
585 3336 750 3406 obloquente
766 3341 888 3392 Hunolrio
906 3341 934 3394 in
951 3341 1065 3395 Jahrbb.
1089 3344 1108 3395 ι’.
1126 3341 1223 3401 ΡΙιίΙοΙ.
1243 3344 1374 3400 xxxiii.

226 3439 290 3492 pag.
306 3425 365 3478 1³5.
395 3421 493 3492 ltaque
509 3419 647 3474 Clintonis
666 3421 693 3474 in
716 3424 877 3478 sententiam
897 3425 959 3478 aliis
981 3443 1092 3497 quoque
1108 3428 1177 3480 viris
1197 3429 1286 3482 doctis
1301 3447 1374 3500 pro-

226 3509 313 3560 batam
334 3507 358 3559 si
380 3505 562 3573 discedimus,
584 3507 759 3574 Herodotus,
785 3508 828 3560 vir
846 3509 955 3562 iuvenis
976 3511 1076 3579 viginti
1106 3519 1208 3582 septem
1232 3531 1377 3570 annorum

227 3595 318 3658 ferme,
332 3591 360 3644 in
376 3592 484 3644 Samum
504 3609 534 3643 se
551 3591 688 3660 recepisse
709 3593 848 3661 putandus
866 3595 933 3660 erit,
946 3595 974 3647 in
992 3613 1087 3666 qnam,
1104 3597 1267 3650 Schoellium
1282 3599 1305 3652 si
1322 3617 1376 3653 se-

227 3678 336 3746 quimur
351 3671 500 3750 (Philolog.
522 3674 554 3728 ll.
571 3693 634 3746 pag.
655 3679 710 3744 27),
731 3677 832 3730 dudum
846 3685 935 3748 antea,
954 3679 1026 3733 eirca
1049 3681 1158 3752 Olymp.
1174 3683 1316 3737 Lxxvm
1343 3703 1376 3740 s.
1396 3701 1399 3705 ·

225 3763 277 3814 468
294 3767 358 3813 ante
375 3758 439 3818 Chr.
456 3779 484 3815 n.
500 3763 641 3830 profectus
657 3769 700 3813 est
714 3778 769 3814 nna
784 3779 843 3814 cum
859 3761 1014 3829 Panyaside
1030 3767 1176 3836 avunculo,
1193 3785 1271 3838 quern
1290 3769 1377 3824 Sami

228 3851 366 3912 receptum
383 3852 468 3914 utque
485 3845 595 3913 longius
610 3853 800 3898 commoratum
816 3865 878 3898 esse
896 3847 1125 3905 idemSchoellins
1139 3853 1237 3905 statuit
1251 3861 1381 3925 propter

228 3927 343 3980 Doridis
364 3928 547 3982 testimonium
564 3930 637 4000 apud
654 3930 764 3982 Suidam
788 3931 805 3982 l.
829 3947 914 3999 supra
929 3931 957 3999 l.,
981 3933 1014 3987 de
1031 3953 1085 4005 quo
1107 3938 1231 4007 equidem
1253 3939 1381 3995 dubito:

228 4011 256 4063 id
272 4027 354 4065 unum
369 4012 430 4065 mihi
445 4021 546 4066 certum
569 4031 659 4084 neque
680 4013 733 4067 ullo
755 4015 832 4068 modo
850 4014 1025 4071 dubitandum
1046 4021 1170 4090 videtur,
1194 4023 1384 4098 Herodotum

230 4095 318 4163 patrii
335 4095 549 4150 relictisamnm
564 4119 594 4152 se
609 4099 759 4152 contulisse
781 4099 874 4169 ibique
894 4099 1058 4170 aliquamdiu
1074 4112 1264 4162 commoratum
1277 4109 1384 4166 literis

230 4197 344 4232 vacasse
359 4181 387 4232 in
404 4181 481 4248 urbe,
496 4199 566 4252 quse
580 4201 634 4237 non
653 4184 810 4238 commercio
826 4189 931 4238 tentum
945 4188 1084 4260 rebusque
1099 4191 1257 4263 navalibus,
1272 4211 1385 4252 verum

229 4309 436 4319 -————-—

230 4365 301 4452 e'fa
311 4367 472 4454 deqvpul
482 4367 624 4460 ‘Hooddrp
636 4378 674 4456 fei
686 4374 817 4462 inrepreqi
834 4373 1068 4449 nepsdperiseuco
1084 4380 1176 4455 λόγων
1187 4381 1383 4460 ἐρασθῆναι·

230 4456 343 4500 ουτινος
356 4457 446 4494 αυιον
458 4459 508 4494 και
525 4443 646 4496 murdrac
660 4461 807 4512 γεγονεναι
819 4448 919 4514 φασίν.
