2984 4962
285 461 343 521 DE
367 461 469 521 VITA
492 461 549 520 ΕΤ
572 459 764 520 SORIPTIS
786 457 1021 520 HERODO'I'I.
1155 461 1216 524 467

85 631 127 684 his
148 631 333 698 constituere,
356 631 503 701 inquibus
525 637 620 684 nostra
640 649 674 684 ex
694 631 832 684 sententia
848 629 1008 684 Herodotus
1023 630 1147 683 racinse
1167 647 1218 682 nec

85 733 163 768 unum
180 722 286 768 tantam
303 718 414 768 formam
433 723 546 769 secutus
561 733 623 768 esse
645 715 800 768 censendus
821 721 874 768 cst.
914 715 990 768 Haec
1009 715 1037 767 in
1059 715 1217 768 universum

84 801 156 853 dicta
173 799 297 853 hocloco
312 801 467 854 sufficiente
495 801 529 852 de
549 799 669 869 singulis
688 800 783 852 formis
798 799 995 870 vocabulisque
1012 799 1079 871 qnid
1093 805 1217 852 statuen·

84 885 145 938 dum
160 886 240 938 nobis
253 885 411 954 rideretur,
425 885 453 938 in
469 885 694 938 annotationibus
711 884 900 938 indicavimus.

167 970 312 1024 Caeterum
335 971 378 1023 vel
394 955 498 1034 ex‘iis,
521 985 592 1039 quae
612 987 699 1038 pauca
720 971 746 1022 h.
767 969 785 1022 l.
809 968 985 1039 protulimus,
1014 968 1084 1022 satis
1104 967 1217 1038 patebit,

85 1055 153 1108 benc
165 1063 247 1108 totam
262 1055 466 1124 quaestionem,
483 1054 586 1106 summi
600 1053 666 1108 curi
680 1071 712 1106 ac
725 1053 869 1122 diligentia
884 1071 900 1105 a
916 1053 983 1106 siris
999 1053 1086 1106 doctis
1106 1057 1218 1106 nostroe

84 1140 181 1192 aetatis
192 1145 334 1192 tractatam
346 1140 391 1192 vix
405 1155 524 1210 unquam
535 1139 569 1191 ad
580 1140 659 1192 linem
672 1139 785 1208 perduci
797 1155 967 1208 prorsusque
979 1137 1121 1208 profligari
1135 1135 1218 1207 posse

84 1233 196 1294 propter
211 1225 340 1276 librorum
356 1219 557 1294 scriptoruml)
575 1233 604 1276 et
617 1224 842 1290 inconstantiam,
860 1239 939 1292 quam
953 1224 981 1275 in
996 1222 1149 1276 huiusmodi
1162 1223 1219 1274 ior-

84 1309 131 1360 mis
149 1327 241 1362 omnes
256 1308 344 1362 adhuc
358 1309 461 1376 cogniti
478 1309 626 1378 praebent,
645 1317 673 1361 et
687 1308 862 1378 pravitatem,
886 1308 911 1360 si
925 1307 1032 1378 quidem
1048 1308 1076 1360 in
1092 1307 1218 1359 omuibus

84 1393 223 1446 codicibus
244 1393 422 1462 reperiuntur
438 1394 508 1446 haud
529 1410 616 1463 pauca
630 1393 741 1460 menda,
768 1409 839 1462 quae
856 1409 915 1446 cuna
934 1392 1059 1445 omnibus
1074 1392 1131 1444 sint
1146 1407 1214 1444 corn·

84 1474 245 1545 munia**),
261 1495 276 1528 e
291 1478 440 1547 depravato
458 1478 603 1547 exemplari
618 1495 684 1546 eos,
700 1477 748 1547 qui
764 1477 852 1530 adhuc
868 1477 1036 1546 superstites
1047 1483 1127 1541 sent,
1143 1475 1218 1528 codi-

84 1580 129 1614 ces
151 1561 250 1614 ductos
268 1579 330 1614 essa
349 1559 550 1632 apparet***)=
578 1581 629 1616 nec
649 1562 744 1615 mirum
768 1563 818 1614 hoc
840 1561 927 1614 videri
949 1561 1065 1631 poterit,
1086 1577 1146 1614 cum
1166 1561 1219 1612 iam

83 1647 247 1700 Philemonis
269 1645 360 1718 (quem
378 1648 412 1700 ad
427 1647 672 1700 Alexandrinorum
688 1653 809 1716 tempore
825 1647 950 1700 referunt
963 1645 1075 1699 Honori
1089 1653 1117 1698 et
1132 1646 1218 1698 inter-

83 1739 185 1800 pretem
201 1738 229 1784 et
243 1732 380 1798 criticum)
394 1738 422 1784 et
433 1732 580 1786 Alexandri
592 1732 760 1800 Cotyaiinsis
775 1739 865 1784 aetate
879 1731 962 1784 multa
977 1731 1073 1784 menda
1087 1731 1115 1782 in
1131 1730 1219 1782 llere-

83 1816 139 1868 doti
155 1816 232 1869 lihris
249 1816 360 1885 scriptis
377 1818 556 1886 ferrentur†)
572 1817 689 1886 ipseque
707 1803 871 1870 Aristoteles
892 1823 918 1870 et
934 1815 1098 1870 Plutarchus
1112 1815 1218 1868 initium

83 1901 174 1971 operis
188 1901 337 1954 Herodotei
360 1903 546 1972 scripseram
563 1909 653 1954 aetate
668 1901 749 1954 aliter
763 1909 846 1971 atque
863 1918 935 1954 nune
950 1901 1052 1970 legitur
1071 1900 1218 1968 escripto·

83 2003 140 2038 rum
161 1986 291 2038 librorum
320 1987 483 2040 auctoritate
514 1986 636 2040 exhiberi
656 1987 866 2052 testentorfi).
913 1987 977 2048 Quo
999 1986 1092 2038 eodem
1117 1985 1218 2048 resero,

82 2072 154 2140 quod
181 2089 197 2122 a
220 2071 408 2124 Grammaticis
430 2072 545 2124 Graecis
569 2089 649 2123 voces
673 2072 853 2140 proferuntur
875 2069 1066 2136 Herodoteae,
1090 2087 1160 2140 quae
1184 2069 1219 2121 ab

83 2155 206 2208 omnibus
220 2156 355 2208 Herodoti
373 2155 528 2220 codicibus,
554 2161 691 2225 quotquot
711 2155 851 2222 norimus,
872 2155 989 2222 absunt3
1015 2155 1071 2207 rid.
1094 2160 1163 2206 nott.
1185 2153 1219 2206 ad

84 2240 119 2306 ll,
138 2243 197 2294 158.
214 2239 275 2295 Vol.
293 2241 316 2292 l.
333 2257 395 2309 pag.
410 2243 460 2292 1115
468 2241 550 2305 †††).

165 2325 241 2376 llaec
258 2325 282 2376 si
296 2324 367 2393 ipsis
379 2324 501 2393 antiquis
513 2324 682 2392 temporibus
698 2323 892 2388 inveniuntur,
910 2340 988 2376 nemo
1003 2323 1127 2392 proiecto
1141 2321 1207 2374 mire

82 2409 173 2474 bitur,
189 2409 217 2460 in
235 2409 270 2460 iis
287 2409 363 2460 libris
380 2408 507 2476 scriptis,
523 2408 571 2476 qui
586 2408 619 2460 ad
636 2415 755 2460 nostram
770 2413 886 2459 sautem
900 2413 1089 2476 pervenerunt
1102 2423 1133 2458 ac
1147 2405 1219 2458 deoi-

82 2511 151 2547 mom
170 2511 196 2545 a.
212 2493 278 2547 Chr.
298 2511 325 2544 n.
342 2492 479 2544 saeculum
499 2509 553 2544 non
577 2499 726 2562 superant,
751 2491 830 2560 plura
849 2491 917 2544 adeo
937 2491 1053 2561 reperiri
1072 2491 1169 2543 menda
1192 2495 1221 2542 et

83 2577 149 2631 vitia
171 2577 217 2628 vix
238 2593 354 2646 prorsus
370 2575 503 2629 tollendo:
532 2593 603 2647 quae
622 2575 732 2644 singula
750 2576 876 2628 hocloco
897 2577 1023 2644 prolerre
1038 2593 1093 2628 non
1109 2575 1218 2643 attinet,

82 2679 142 2716 curu
162 2661 189 2714 in
206 2661 430 2714 adnotationibus
445 2678 497 2714 suo
513 2679 640 2731 quaeque
653 2661 712 2713 loco
727 2661 847 2714 indicata
861 2661 1037 2730 reperiantur
1051 2667 1134 2730 atque
1149 2659 1218 2712 idem

82 2741 291 2818 Bredorius*†)
309 2745 518 2816 diligentissime
538 2748 589 2798 hoc
607 2752 692 2799 toturn
713 2745 870 2800 mendorum
887 2762 977 2814 genus
993 2745 1030 2798 eit
1045 2751 1217 2815 persecutus.

82 2833 180 2902 Neque
198 2831 267 2884 enim
286 2838 391 2884 tantum
406 2831 433 2882 in
456 2831 611 2900 scripturae
625 2830 837 2901 depravatione,
860 2831 877 2886 i.
894 2849 920 2886 e.
935 2831 963 2882 in
978 2830 1074 2884 formis
1091 2827 1220 2882 vocibus·

81 2934 135 2987 que
151 2916 308 2986 depravatis
320 2923 369 2969 aut
380 2917 525 2970 verborum
538 2916 633 2970 ordine
648 2915 759 2968 turbato
774 2916 841 2969 haec
853 2915 949 2970 menda
963 2915 1153 2983 inveniuntur,
1169 2931 1218 2967 re·

147 3097 171 3162 ⁸)
190 3099 265 3161 Quos
277 3113 380 3164 paucos
393 3099 501 3152 omnino
515 3114 672 3165 superesse,
690 3099 867 3149 manifestum
884 3099 939 3149 erit
952 3113 986 3148 ex
998 3098 1047 3162 iia,
1065 3112 1136 3163 qnae
1148 3097 1172 3158 ς.
1189 3094 1220 3146 18

85 3167 172 3218 allata
187 3172 258 3217 sunt.

147 3231 187 3296 *ll
206 3234 385 3290 Referebat,
398 3238 429 3282 ut
439 3233 570 3284 nonnulle
584 3239 658 3285 certe
672 3235 797 3300 exempla
810 3235 963 3296 subiiciam,
977 3233 1134 3284 mendosum
1144 3223 1219 3294 ἀρσί-

80 3317 164 3368 μενοι
176 3302 197 3356 Ι.
210 3301 251 3362 27,
266 3301 313 3350 ubi
325 3301 379 3350 vid.
392 3306 474 3362 nott,
495 3293 697 3366 διεπρήστευσε
709 3303 758 3361 IV,
771 3302 806 3352 79
818 3301 875 3364 (uhi
888 3301 942 3352 vid.
956 3299 1046 3364 nott),
1066 3300 1144 3350 cuius
1157 3297 1219 3348 loco

82 3370 251 3435 reposuimus
269 3365 485 3433 dsedpqorrvos3
505 3361 680 3420 ἐσταλσὶδσιισ
692 3370 757 3430 Vll,
770 3369 804 3419 89
821 3368 879 3430 (ubi
895 3369 951 3418 vid.
964 3369 1058 3429 nott),
1078 3366 1149 3432 quod
1161 3381 1218 3416 mu-

81 3439 200 3488 tavimus
221 3437 249 3486 in
268 3427 418 3497 ἐστάλατο,
439 3427 638 3501 ἐγκεχρημὲνσι
656 3437 721 3498 Vll,
742 3435 802 3496 145,
825 3436 895 3501 quod
913 3451 985 3486 nunc
1008 3435 1092 3485 cessit
1113 3433 1219 3483 meliori

82 3497 318 3570 ἐγκεχειρημένσι.
343 3503 406 3553 Alia
419 3504 530 3562 menda,
545 3519 614 3568 qune
628 3504 737 3554 codices
751 3503 839 3553 adhuc
858 3505 1021 3568 superstites
1033 3515 1163 3567 superare
1178 3500 1217 3549 vi-

81 3575 192 3632 dentur,
207 3573 363 3622 notavimus
376 3571 410 3620 ad
424 3572 450 3632 Ι,
464 3570 505 3622 3¹2.
522 3570 576 3620 1117.
595 3571 659 3631 VII,
676 3569 735 3631 1623
755 3571 902 3636 eodemque
920 3570 1096 3636 pertinebunt
1113 3583 1219 3618 errores

81 3643 141 3692 eive
154 3641 224 3692 vitia
235 3640 264 3690 in
275 3640 395 3689 numeris
407 3639 480 3688 houd
492 3639 576 3689 semel
589 3639 685 3690 obvia:
706 3639 742 3690 el.
752 3643 820 3688 nott.
832 3637 867 3688 ad
879 3639 901 3702 1,
917 3637 940 3686 i.
953 3637 995 3688 3².
1008 3637 1044 3697 ll,
1056 3635 1081 3686 9.
1098 3635 1154 3686 145.
1167 3636 1216 3698 ΙΙΙ,

81 3710 123 3760 115.
137 3710 169 3768 V,
183 3709 215 3757 52
229 3709 257 3757 in
271 3707 315 3756 lin.
330 3708 378 3768 IX,
391 3705 433 3756 211.
447 3708 506 3768 Vll,
522 3705 578 3756 187.

147 3773 202 3840 19151)
221 3775 336 3836 Confer,
351 3790 421 3840 quae
435 3775 509 3824 inira
521 3777 544 3836 ξ.
562 3773 591 3824 18
605 3773 761 3824 afferentur.

147 3845 176 3908 †)
189 3843 243 3894 Vid
254 3843 401 3909 Porphyrii
413 3843 526 3904 Quaest.
544 3843 700 3893 Homerico.
719 3858 781 3908 cap.
794 3841 810 3892 8
825 3846 853 3892 et
870 3856 939 3906 qune
953 3839 1032 3906 plura
1043 3841 1067 3901 ξ.
1085 3837 1114 3888 18
1125 3839 1218 3905 proie-

82 3929 181 3963 remus.

148 3979 197 4042 ††)
215 3978 277 4029 Vid.
290 3983 358 4028 nott.
372 3977 406 4027 ad
421 3979 440 4036 l,
456 3977 478 4026 l.
491 3977 552 4027 Vol.
566 3978 587 4028 1.
601 3993 665 4043 pag.
681 3977 703 4027 l.

148 4047 217 4109 †††)
229 4048 323 4110 Neque
333 4061 398 4096 voro
410 4047 463 4095 huc
476 4045 573 4096 referri
587 4061 667 4111 posse
679 4051 753 4110 puto,
768 4043 838 4109 qued
849 4044 921 4124 apud
931 4042 1099 4108 Stephanum
1109 4041 1216 4106 Byzan-

81 4117 168 4165 tinum
181 4115 294 4178 legitur:
313 4107 491 4190 Keluplvilq
504 4101 632 4188 &srael
645 4111 820 4178 Καλαμίιθη
837 4113 919 4170 uoles
931 4106 1053 4177 Λιβύης·
1068 4102 1217 4169 Ἑκαταῖος

80 4177 260 4246 περιηγήσει·
287 4183 417 4245 κρεῖττον
437 4195 491 4232 συν
515 4172 553 4239 oie
581 4176 761 4243 Ηρόδσσσς
787 4173 836 4231 dtoi
857 4177 908 4231 roei
928 4180 945 4229 ι’
963 4175 1045 4236 πόλις
1066 4175 1215 4228 Φοινίκων.

81 4249 169 4300 Valde
183 4249 254 4298 eslim
268 4249 414 4312 credibile,
430 4240 597 4312 Ἡρόδοτος,
615 4253 644 4298 ut
657 4249 814 4313 suspicatur
825 4247 971 4310 hloineke,
984 4245 1142 4298 mutandum
1155 4259 1216 4294 esso
1243 4247 1244 4250 ’

81 4321 110 4369 in
124 4309 350 4379 Ἡρωδιανὸς,
376 4318 422 4382 qni
439 4318 467 4366 in
485 4315 555 4366 libro
572 4317 606 4366 de
619 4315 823 4381 orthographia
840 4317 873 4368 de
891 4316 972 4380 huius
988 4315 1062 4366 urbis
1078 4315 1217 4379 scriptura

79 4389 279 4516 dtququppqp
291 4467 307 4502 a
319 4467 382 4518 pag.
400 4452 429 4502 13
441 4467 516 4517 seqq.

947 4531 1016 4600 303⁸
