2980 4978
299 442 357 502 DE
379 441 483 502 VITA
503 440 560 500 ET
583 439 775 502 SCRIPTIS
797 437 1032 500 HERODOTI.
1171 442 1232 506 493

103 611 130 664 in
148 629 180 666 ea
196 629 246 682 ope
262 611 363 666 codicis
378 611 453 664 illius
468 611 600 678 Medicei‚
619 612 653 684 de
667 627 721 682 quo
738 615 765 676 ς.
782 612 814 664 18
827 611 959 679 diximus,
976 611 1049 664 haud
1063 627 1165 681 paucos
1176 611 1232 664 He-

102 697 191 750 rodoti
212 697 286 750 locos
304 697 402 767 optime
422 697 567 750 restitutos
583 714 646 748 esse
664 696 797 749 videmus.
836 699 876 748 Ac
897 696 950 748 nisi
965 697 1132 750 Gronovium
1153 696 1234 750 nimia

63 847 65 852 ,
102 782 155 834 ista
172 782 274 836 codicis
296 783 436 835 veneratio
458 783 496 834 ite
516 781 701 852 abripuisset,
727 787 758 836 ut
772 779 816 832 vel
831 781 1068 836 manifestissimas
1086 781 1232 834 hallucina-

101 866 190 920 tiones
206 885 349 920 erroresve
371 867 476 920 librarii
497 866 525 920 in
542 873 644 920 textum
660 866 745 936 recipi
764 865 856 934 vellet,
879 866 939 936 ipse
957 865 984 918 in
1000 865 1115 920 aliorum
1131 867 1234 919 errori-

101 952 153 1004 bus
170 952 299 1004 notandis
320 952 528 1018 acerbissimus,
549 951 655 1004 minime
674 950 703 1004 in
726 957 768 1004 tot
785 951 905 1004 virorum
925 952 1064 1004 doctorum
1084 951 1234 1022 repreben-

102 1037 194 1088 siones
215 1037 367 1090 incidisset.
407 1036 469 1090 Vid.
486 1036 595 1089 Fabric.
614 1043 642 1090 et
656 1035 765 1088 Harles.
787 1035 815 1088 in
832 1036 903 1088 llibl.
920 1037 1019 1088 Graec.
1035 1035 1072 1088 Il.
1089 1055 1115 1106 p.
1131 1039 1182 1091 342
1205 1042 1234 1088 et

103 1121 280 1190 Wesselingii
299 1121 428 1174 iudicium
446 1122 473 1174 in
488 1119 609 1174 Praelat.
626 1125 650 1186 S.
666 1123 699 1176 3:
720 1121 810 1192 ‚,(lac.
825 1121 1000 1188 Gronovius)
1016 1121 1184 1174 Herodotum
1199 1121 1234 1174 ad

101 1207 268 1258 membranas
280 1205 435 1272 Mediceas,
457 1205 559 1276 quibus
580 1205 646 1260 nibil
660 1223 711 1276 par
729 1213 778 1258 aut
792 1205 878 1258 simile
894 1206 1094 1274 arbitrabatur,
1117 1205 1233 1274 diligen·

101 1290 206 1344 tissime
220 1291 398 1344 examinavit:
426 1290 549 1360 plurimis
569 1291 633 1344 inde
655 1290 762 1342 uitiosis
785 1291 932 1361 pristinum
947 1291 1060 1346 nitorem
1075 1297 1103 1344 et
1117 1289 1234 1344 colorem

103 1375 236 1442 reddidit,
252 1375 313 1428 aliis
331 1375 536 1446 liquidissimam
550 1375 649 1442 lucem,
666 1382 695 1428 et
705 1375 798 1429 Veliae
816 1393 927 1447 quoque
944 1376 1068 1443 Latinis,
1086 1375 1233 1445 adscriptis

101 1459 332 1513 Adnotationibus
362 1461 466 1514 exactis
490 1463 614 1530 prolecto
641 1466 668 1513 et
693 1461 825 1526 eruditis,
855 1460 994 1532 adspersit
1017 1460 1108 1528 Lugd.
1136 1461 1232 1512 Batar.

102 1543 268 1596 MDCCXV.
302 1544 404 1613 Magna
418 1545 480 1598 binc
496 1545 637 1598 Gronorio
650 1545 711 1598 lans
727 1553 754 1598 et
767 1545 869 1615 gloria,
885 1562 975 1615 neque
990 1545 1136 1612 immerita3
1153 1562 1232 1614 quam

102 1628 182 1680 nimia
203 1640 290 1682 tamen
312 1637 340 1682 et
358 1647 446 1700 paene
473 1631 669 1700 superstitiosa
688 1630 751 1682 libri
770 1629 925 1684 Florentini
946 1631 1087 1684 veneratio
1109 1629 1235 1682 nonnihil

102 1713 281 1768 dedecorasse
294 1714 352 1766 visa
364 1724 415 1772 est.
438 1715 502 1768 Non
515 1717 650 1785 exprobro
663 1715 824 1770 virulentam
835 1715 944 1768 dicendi
956 1715 1138 1782 acerbitatem,
1157 1715 1232 1768 viros

101 1798 256 1868 praeclaros
279 1818 312 1852 ex
330 1799 384 1852 levi
405 1799 499 1870 culpa,
523 1819 606 1870 saepe
626 1800 704 1854 etiam
724 1799 814 1868 nulla,
836 1799 1015 1868 lacerantem
1038 1816 1127 1870 neque
1142 1816 1174 1853 ea
1190 1799 1232 1850 in-

101 1901 183 1952 gero,
203 1901 273 1955 quac
288 1885 360 1936 docti
376 1885 511 1952 homines,
530 1885 700 1953 Kuesterus,
722 1884 888 1954 Berglerus,
911 1885 1067 1938 Bouberius
1088 1893 1171 1954 atque
1187 1883 1232 1936 alii

101 1968 160 2022 eius
177 1969 206 2024 in
220 1969 450 2023 Adnotationibne
465 1970 671 2023 desiderarunt:
702 1969 890 2038 cognitissima
903 1970 958 2022 ista
972 1977 1052 2036 sunt,
1075 1970 1147 2022 haud
1166 1970 1232 2024 elle-

101 2060 192 2122 ctura,
215 2061 245 2108 ut
259 2054 354 2106 surnmi
370 2053 437 2121 viri,
459 2072 537 2124 quem
553 2055 694 2108 docentem
707 2055 818 2108 iuvenis
836 2055 984 2108 admiratus
1002 2054 1055 2121 sui,
1074 2053 1151 2106 labor
1168 2071 1233 2106 con-

101 2143 219 2208 temptus
236 2139 423 2208 negligatur.“
462 2139 495 2192 In
516 2157 570 2209 quo
591 2139 692 2192 iudicio
709 2139 887 2208 Wesselingii
902 2139 1091 2192 verecundiam
1107 2139 1234 2208 agnoscit

101 2221 393 2291 Schweighaeuserus,
417 2223 477 2292 ipse
498 2223 580 2292 longe
602 2224 729 2278 acerbius
745 2223 779 2276 de
795 2223 930 2276 Gronovii
952 2242 1034 2293 opera
1048 2223 1075 2276 in
1091 2223 1232 2277 Herodoto

101 2307 191 2376 posita
205 2307 343 2360 iudicans:
366 2307 421 2360 vid.
438 2307 473 2358 Τ.
489 2307 512 2359 Ι.
526 2308 558 2360 Ρ.
572 2313 599 2360 ⁶2.
612 2325 676 2377 pag.
691 2307 731 2361 lx
746 2325 823 2377 seqq.
840 2308 883 2360 ed.
899 2308 1122 2376 Schweighaeus.

185 2391 335 2445 Dicendum
351 2392 402 2444 iam
418 2392 452 2446 de
468 2409 501 2444 ea
515 2393 649 2458 editione,
676 2409 746 2462 quae
761 2393 908 2444 coniuncta
924 2391 1097 2444 Valckenarii
1111 2399 1139 2444 et
1152 2391 1232 2442 Wes-

101 2475 209 2543 selingii
229 2477 311 2546 operi
331 2476 433 2546 prodiit
453 2476 538 2530 iormd
554 2476 666 2530 maximi
680 2476 871 2530 Amstelodami
889 2494 961 2528 anno
984 2479 1050 2532 1763
1072 2475 1122 2528 hoc
1138 2474 1233 2528 titulos

101 2546 268 2628 „‘Hoodo'roo
286 2553 512 2630 ‘Airsopvqocq'oc
528 2555 665 2631 Ἰστοριῶν
684 2555 761 2630 λόγοι
783 2554 822 2616 θ’.
855 2553 1086 2630 Ἐπιγραφόμενοι
1107 2561 1232 2614 Μοῦσαι.

100 2645 255 2712 „Herodoti
267 2645 470 2700 Halicarnassei
484 2647 666 2702 Historiarum
680 2645 742 2700 libri
756 2645 795 2698 lx
810 2646 951 2700 Musarum
965 2645 1119 2698 nominibus
1135 2644 1233 2698 inscri-

100 2730 177 2799 „pti,
200 2731 307 2784 Graece
325 2737 352 2784 et
368 2731 465 2784 Latine
481 2749 514 2786 ex
531 2734 669 2788 Laurentii
685 2732 779 2786 Vallue
792 2731 1018 2802 interpretatione
1040 2747 1099 2784 cum
1112 2729 1231 2782 Adnota-

99 2815 243 2882 „tionibus
262 2816 380 2870 Thoosae
401 2818 479 2872 Golei
494 2823 522 2869 et
545 2819 633 2874 iacobi
647 2818 780 2872 Gronooii.
816 2816 972 2869 Editionem
993 2815 1100 2868 curarit
1118 2823 1147 2870 et
1166 2833 1234 2868 suas

99 2901 219 2970 itemque
236 2902 325 2956 budae.
341 2904 418 2973 Gusp.
434 2903 458 2954 V
457 2903 616 2958 clekenaerii
633 2910 713 2956 notas
728 2899 827 2954 adiecit
842 2903 935 2956 Petrus
950 2902 1149 2972 Wesselingius.
1180 2900 1232 2952 Ac·

99 2985 201 3038 cedunt
221 2993 331 3054 praeter
357 2987 442 3042 Vitam
461 2989 571 3042 Homeri
592 2989 667 3042 varia
694 3005 728 3040 ex
748 2985 848 3056 priscis
869 2985 1050 3056 scriptoribus
1072 2987 1106 3040 de
1127 2984 1231 3050 Persis,

99 3069 258 3138 Aegyptiis,
277 3070 358 3137 Nilo,
373 3072 505 3142 ludisque
520 3073 671 3144 Excerpta,
688 3079 716 3125 et
729 3072 890 3142 praesertim
905 3089 938 3126 ex
954 3071 1078 3125 Ctesia.“
1100 3069 1153 3122 eui
1169 3069 1232 3122 add.

101 3155 172 3208 Petri
184 3155 350 3226 Weaaelingr'i
361 3154 526 3210 Dissertatio
541 3157 697 3211 Herodotea
710 3157 745 3208 ad
758 3155 823 3208 Tib.
836 3156 1081 3210 Hernsterbusium.
1110 3155 1233 3208 Traiect.

99 3237 134 3290 ad
148 3237 238 3290 Rhen.
254 3242 335 3305 1758,
355 3241 381 3292 8.
417 3240 448 3292 ln
465 3241 524 3304 bsc,
534 3241 652 3296 editione
669 3241 785 3296 omnium
799 3240 1035 3311 praestantissima
1050 3239 1151 3294 dubius
1165 3257 1232 3293 sane

99 3323 229 3388 haereas,
245 3323 425 3392 Wesselingii
439 3325 585 3382 sollertiam
599 3326 795 3379 industriamve
807 3325 892 3394 magis
904 3323 1000 3378 laudes
1013 3341 1047 3376 an
1060 3323 1232 3377 Valckenarii

99 3407 275 3475 sagacitatem
289 3408 317 3460 in
336 3408 502 3462 emendando
517 3417 609 3476 tenu,
633 3412 778 3480 utriusque
794 3410 941 3462 doctrinam
959 3417 1011 3462 tarn
1025 3409 1053 3461 in
1068 3407 1232 3462 illustrando

100 3509 154 3544 usu
172 3491 280 3546 dicendi
295 3493 452 3546 Herodoteo
475 3511 553 3564 quarn
570 3495 598 3548 in
617 3493 783 3565 explicandis
801 3496 884 3547 rebus
900 3495 933 3546 ab
948 3494 1089 3548 Herodoto
1112 3492 1231 3545 traditis.

98 3577 160 3630 Nec
180 3575 247 3630 illud
263 3578 448 3647 Wesselingio
464 3580 664 3650 exprobrarim,
690 3579 763 3650 quod
777 3579 804 3632 in
822 3579 901 3632 novis
918 3579 1082 3631 lectionibus
1098 3576 1232 3648 recipien-

99 3735 302 3744 ...μ--ι

98 3827 212 3890 Vallae;
231 3844 264 3878 ex
277 3843 344 3880 rese.
359 3829 518 3880 membrano
529 3829 655 3880 Medicea
667 3834 729 3897 post
739 3829 802 3879 Aldi
815 3829 945 3892 Manutii‚
964 3827 1056 3878 Ioach.
1071 3827 1231 3890 Commodi,

98 3898 185 3948 Henr.
199 3896 345 3962 Stephani,
365 3897 446 3948 Goth.
458 3898 666 3964 lungermauni,
685 3898 735 3949 Th.
751 3897 820 3948 Gale
839 3897 867 3947 in
880 3896 984 3947 edendo
996 3911 1093 3962 operes
1104 3911 1158 3948 nou
1171 3900 1232 3946 tan-

99 3970 156 4014 tum
173 3964 274 4014 adiutis
292 3965 373 4026 locis,
398 3965 444 4014 ubi
463 3981 480 4016 a
497 3965 563 4015 viria
584 3965 671 4016 doctis
691 3965 864 4016 sentiebatur
884 3963 1054 4029 corruptela,
1078 3964 1128 4014 sed
1147 3965 1233 4014 etiam

99 4033 251 4096 graecismo
268 4049 317 4098 per
334 4032 458 4098 singulas
476 4049 539 4084 vere
552 4034 670 4100 paginas
684 4033 831 4095 remollit03
851 4033 988 4082 industria
1000 4032 1090 4083 lucebi
1103 4032 1233 4087 θνοηυυίἱ,

100 4100 178 4150 cuius
198 4099 333 4152 accedunt
353 4107 444 4152 notae.
484 4101 614 4152 Eiusdem
642 4097 807 4168 [Herodoti]
834 4099 956 4150 narratio
983 4099 1016 4150 de
1039 4101 1099 4152 vita
1119 4100 1234 4150 Homeri

99 4182 200 4232 graece
217 4167 317 4230 latine,
336 4169 485 4234 interprete
499 4167 578 4218 Conr.
592 4169 790 4220 Hereabachio.
818 4168 961 4218 Accedunt
977 4169 1115 4234 Excerpta
1133 4185 1167 4220 ax
1179 4168 1234 4220 Xe-

99 4233 247 4300 nophonte,
271 4235 406 4286 Strabone
425 4243 477 4287 etc.
498 4242 525 4286 et
542 4238 704 4302 praesertim
723 4236 817 4286 etesia
836 4241 888 4286 etc.
921 4236 1047 4302 Lugduni
1062 4237 1232 4289 Batavorum

100 4303 172 4368 apud
190 4301 262 4352 Sam.
280 4303 454 4355 Luchtmans.
478 4303 638 4354 MDCCXV.
663 4305 730 4354 lol.“
760 4305 890 4369 Repetite
906 4303 976 4354 haec
995 4309 1037 4354 est
1055 4304 1138 4354 editio
1152 4302 1231 4353 Gles-

99 4385 171 4436 guae
195 4369 268 4420 1761.
290 4370 327 4422 12.
352 4371 458 4423 Graece
482 4377 509 4424 et
525 4373 636 4422 Latine.
658 4373 696 4424 IX
713 4371 783 4423 Voll.
808 4372 881 4438 typis
904 4373 991 4422 nitide
1013 4387 1159 4438 expressa,
1183 4369 1232 4421 sed

99 4439 209 4490 omissis
220 4438 302 4488 notis.
