<?xml version="1.0" encoding="UTF-8"?>
<!DOCTYPE html PUBLIC "-//W3C//DTD XHTML 1.0 Transitional//EN"
    "http://www.w3.org/TR/xhtml1/DTD/xhtml1-transitional.dtd">
<html xmlns="http://www.w3.org/1999/xhtml" xml:lang="en" lang="en">
 <head>
  <title>
</title>
<meta http-equiv="Content-Type" content="text/html;charset=utf-8" />
  <meta name='ocr-system' content='tesseract 3.04.00' />
  <meta name='ocr-capabilities' content='ocr_page ocr_carea ocr_par ocr_line ocrx_word'/>
</head>
<body>
  <div class='ocr_page' id='page_1' title='image "./herodotihalicar02bhgoog/herodotihalicar02bhgoog_0089.png"; bbox 0 0 3040 4962; ppageno 0'>
   <div class='ocr_carea' id='block_1_1' title="bbox 236 385 937 455">
    <p class='ocr_par' dir='ltr' id='par_1_1' title="bbox 236 385 937 455">
     <span class='ocr_line' id='line_1_1' title="bbox 236 385 937 455; baseline -0.011 0"><span class='ocrx_word' id='word_1_1' title='bbox 236 395 276 455; x_wconf 88' lang='grc'>74</span> <span class='ocrx_word' id='word_1_2' title='bbox 673 385 937 450; x_wconf 83' lang='lat' dir='ltr'><strong>HERODOTI</strong></span> 
     </span>
    </p>
   </div>
   <div class='ocr_carea' id='block_1_2' title="bbox 150 555 1373 857">
    <p class='ocr_par' dir='ltr' id='par_1_2' title="bbox 150 555 1373 857">
     <span class='ocr_line' id='line_1_2' title="bbox 150 555 1373 650; baseline -0.002 -17"><span class='ocrx_word' id='word_1_3' title='bbox 150 567 154 576; x_wconf 89' lang='lat'>&#39;</span> <span class='ocrx_word' id='word_1_4' title='bbox 233 559 330 641; x_wconf 85' lang='grc' dir='ltr'><strong><em>κότας</em></strong></span> <span class='ocrx_word' id='word_1_5' title='bbox 355 565 390 631; x_wconf 78' lang='lat' dir='ltr'>oi</span> <span class='ocrx_word' id='word_1_6' title='bbox 409 555 581 648; x_wconf 74' lang='grc' dir='ltr'><strong><em>Ἀθηναῖοι</em></strong></span> <span class='ocrx_word' id='word_1_7' title='bbox 601 561 654 631; x_wconf 82' lang='grc' dir='ltr'>ἐπὶ</span> <span class='ocrx_word' id='word_1_8' title='bbox 672 557 734 648; x_wconf 77' lang='grc' dir='ltr'><strong><em>τήν</em></strong></span> <span class='ocrx_word' id='word_1_9' title='bbox 751 555 947 648; x_wconf 79' lang='grc' dir='ltr'><strong><em>ἀκρόπολιν,</em></strong></span> <span class='ocrx_word' id='word_1_10' title='bbox 972 565 1006 628; x_wconf 85' lang='lat' dir='ltr'>ol</span> <span class='ocrx_word' id='word_1_11' title='bbox 1019 559 1081 648; x_wconf 76' lang='lat' dir='ltr'>plo</span> <span class='ocrx_word' id='word_1_12' title='bbox 1100 562 1271 650; x_wconf 80' lang='grc' dir='ltr'><strong><em>ἐρρίπτεον</em></strong></span> <span class='ocrx_word' id='word_1_13' title='bbox 1290 563 1373 630; x_wconf 80' lang='grc' dir='ltr'><em>ἑωυ-</em></span> 
     </span>
     <span class='ocr_line' id='line_1_3' title="bbox 232 658 1373 751; baseline -0.002 -17"><span class='ocrx_word' id='word_1_14' title='bbox 232 659 310 744; x_wconf 80' lang='grc' dir='ltr'><strong><em>τοός</em></strong></span> <span class='ocrx_word' id='word_1_15' title='bbox 328 658 411 732; x_wconf 77' lang='grc' dir='ltr'><strong><em>κατὰ</em></strong></span> <span class='ocrx_word' id='word_1_16' title='bbox 428 664 489 731; x_wconf 80' lang='grc' dir='ltr'>τοῦ</span> <span class='ocrx_word' id='word_1_17' title='bbox 505 667 630 751; x_wconf 79' lang='grc' dir='ltr'><strong><em>τείχεος</em></strong></span> <span class='ocrx_word' id='word_1_18' title='bbox 653 659 740 731; x_wconf 83' lang='grc' dir='ltr'><strong><em>κάτω</em></strong></span> <span class='ocrx_word' id='word_1_19' title='bbox 759 663 814 730; x_wconf 78' lang='grc' dir='ltr'>καὶ</span> <span class='ocrx_word' id='word_1_20' title='bbox 832 666 1083 750; x_wconf 77' lang='grc' dir='ltr'><em>διεφθείροντο,</em></span> <span class='ocrx_word' id='word_1_21' title='bbox 1108 667 1142 731; x_wconf 81' lang='grc' dir='ltr'><strong><em>οἱ</em></strong></span> <span class='ocrx_word' id='word_1_22' title='bbox 1158 661 1195 730; x_wconf 72' lang='grc' dir='ltr'>δὲ</span> <span class='ocrx_word' id='word_1_23' title='bbox 1214 665 1246 742; x_wconf 78' lang='grc' dir='ltr'>ἐς</span> <span class='ocrx_word' id='word_1_24' title='bbox 1263 658 1300 731; x_wconf 85' lang='grc' dir='ltr'><strong><em>τό</em></strong></span> <span class='ocrx_word' id='word_1_25' title='bbox 1317 666 1373 750; x_wconf 83' lang='grc' dir='ltr'>με’-</span> 
     </span>
     <span class='ocr_line' id='line_1_4' title="bbox 232 758 1373 857; baseline 0 -22"><span class='ocrx_word' id='word_1_26' title='bbox 232 769 336 857; x_wconf 76' lang='grc' dir='ltr'><strong><em>ναρον</em></strong></span> <span class='ocrx_word' id='word_1_27' title='bbox 353 761 569 854; x_wconf 77' lang='grc' dir='ltr'><strong><em>κατέφευγον.</em></strong></span> <span class='ocrx_word' id='word_1_28' title='bbox 606 765 674 835; x_wconf 68' lang='grc' dir='ltr'><strong><em>τοῖν</em></strong></span> <span class='ocrx_word' id='word_1_29' title='bbox 692 763 729 834; x_wconf 72' lang='grc' dir='ltr'>δὲ</span> <span class='ocrx_word' id='word_1_30' title='bbox 747 764 905 854; x_wconf 75' lang='grc' dir='ltr'><strong><em>Περσέων</em></strong></span> <span class='ocrx_word' id='word_1_31' title='bbox 922 768 956 833; x_wconf 83' lang='lat' dir='ltr'>ol</span> <span class='ocrx_word' id='word_1_32' title='bbox 977 758 1220 852; x_wconf 76' lang='grc' dir='ltr'>ἀναβεβηκότες</span> <span class='ocrx_word' id='word_1_33' title='bbox 1239 767 1373 854; x_wconf 74' lang='grc' dir='ltr'><strong><em>πρῶτον</em></strong></span> 
     </span>
    </p>
   </div>
   <div class='ocr_carea' id='block_1_3' title="bbox 228 961 1374 4404">
    <p class='ocr_par' dir='ltr' id='par_1_3' title="bbox 228 961 1374 4404">
     <span class='ocr_line' id='line_1_5' title="bbox 232 961 1372 1032; baseline -0.002 -17"><span class='ocrx_word' id='word_1_34' title='bbox 232 965 304 1032; x_wconf 88' lang='lat' dir='ltr'>quod</span> <span class='ocrx_word' id='word_1_35' title='bbox 321 965 497 1015; x_wconf 73' lang='lat' dir='ltr'>Florentium</span> <span class='ocrx_word' id='word_1_36' title='bbox 511 963 604 1026; x_wconf 82' lang='lat' dir='ltr'>affert,</span> <span class='ocrx_word' id='word_1_37' title='bbox 627 963 679 1014; x_wconf 89' lang='lat' dir='ltr'>dno</span> <span class='ocrx_word' id='word_1_38' title='bbox 697 963 775 1012; x_wconf 83' lang='lat' dir='ltr'><strong>codd.</strong></span> <span class='ocrx_word' id='word_1_39' title='bbox 828 969 870 1012; x_wconf 85' lang='lat' dir='ltr'>tes</span> <span class='ocrx_word' id='word_1_40' title='bbox 884 966 1022 1012; x_wconf 82' lang='lat' dir='ltr'>exstmcto</span> <span class='ocrx_word' id='word_1_41' title='bbox 1035 961 1172 1012; x_wconf 79' lang='lat' dir='ltr'>intellexit</span> <span class='ocrx_word' id='word_1_42' title='bbox 1184 961 1372 1028; x_wconf 80' lang='lat' dir='ltr'>reddiditque:</span> 
     </span>
     <span class='ocr_line' id='line_1_6' title="bbox 232 1025 1372 1096; baseline -0.004 -12"><span class='ocrx_word' id='word_1_43' title='bbox 232 1030 351 1096; x_wconf 83' lang='grc' dir='ltr'><strong><em>καίπερ,</em></strong></span> <span class='ocrx_word' id='word_1_44' title='bbox 371 1047 441 1082; x_wconf 81' lang='lat' dir='ltr'>unns</span> <span class='ocrx_word' id='word_1_45' title='bbox 459 1032 531 1082; x_wconf 86' lang='lat' dir='ltr'>liber</span> <span class='ocrx_word' id='word_1_46' title='bbox 548 1029 601 1083; x_wconf 82' lang='grc' dir='ltr'>καί</span> <span class='ocrx_word' id='word_1_47' title='bbox 614 1029 661 1081; x_wconf 89' lang='grc' dir='ltr'>τοί</span> <span class='ocrx_word' id='word_1_48' title='bbox 676 1044 716 1096; x_wconf 76' lang='grc' dir='ltr'>γε.</span> <span class='ocrx_word' id='word_1_49' title='bbox 752 1031 775 1079; x_wconf 86' lang='grc' dir='ltr'><strong>Ε</strong></span> <span class='ocrx_word' id='word_1_50' title='bbox 824 1025 994 1081; x_wconf 73' lang='grc' dir='ltr'><strong><em>Ὑήονποατν.</em></strong></span> <span class='ocrx_word' id='word_1_51' title='bbox 1026 1029 1086 1091; x_wconf 81' lang='lat' dir='ltr'>Quo</span> <span class='ocrx_word' id='word_1_52' title='bbox 1098 1031 1127 1079; x_wconf 91' lang='lat' dir='ltr'>in</span> <span class='ocrx_word' id='word_1_53' title='bbox 1139 1045 1214 1080; x_wconf 87' lang='lat' dir='ltr'>muro</span> <span class='ocrx_word' id='word_1_54' title='bbox 1229 1031 1275 1094; x_wconf 91' lang='lat' dir='ltr'>qui</span> <span class='ocrx_word' id='word_1_55' title='bbox 1288 1029 1372 1080; x_wconf 92' lang='lat' dir='ltr'>collo-</span> 
     </span>
     <span class='ocr_line' id='line_1_7' title="bbox 232 1096 1372 1164; baseline -0.003 -13"><span class='ocrx_word' id='word_1_56' title='bbox 232 1101 308 1152; x_wconf 79' lang='lat' dir='ltr'>Stob.</span> <span class='ocrx_word' id='word_1_57' title='bbox 322 1101 407 1150; x_wconf 89' lang='lat' dir='ltr'>Serm.</span> <span class='ocrx_word' id='word_1_58' title='bbox 421 1101 518 1160; x_wconf 86' lang='lat' dir='ltr'>XLIV,</span> <span class='ocrx_word' id='word_1_59' title='bbox 532 1096 585 1164; x_wconf 89' lang='grc'><strong>[46]</strong></span> <span class='ocrx_word' id='word_1_60' title='bbox 600 1115 662 1164; x_wconf 81' lang='lat' dir='ltr'>pag.</span> <span class='ocrx_word' id='word_1_61' title='bbox 676 1096 726 1148; x_wconf 88' lang='grc'>310</span> <span class='ocrx_word' id='word_1_62' title='bbox 738 1096 774 1162; x_wconf 89' lang='lat' dir='ltr'>(p.</span> <span class='ocrx_word' id='word_1_63' title='bbox 828 1099 884 1149; x_wconf 82' lang='lat' dir='ltr'>ceti</span> <span class='ocrx_word' id='word_1_64' title='bbox 902 1101 980 1148; x_wconf 84' lang='lat' dir='ltr'>erent</span> <span class='ocrx_word' id='word_1_65' title='bbox 992 1096 1174 1148; x_wconf 78' lang='lat' dir='ltr'>Athenienses</span> <span class='ocrx_word' id='word_1_66' title='bbox 1187 1113 1248 1148; x_wconf 87' lang='lat' dir='ltr'>enm</span> <span class='ocrx_word' id='word_1_67' title='bbox 1263 1114 1280 1147; x_wconf 88' lang='lat' dir='ltr'>a</span> <span class='ocrx_word' id='word_1_68' title='bbox 1292 1103 1372 1164; x_wconf 85' lang='lat' dir='ltr'>tergo</span> 
     </span>
     <span class='ocr_line' id='line_1_8' title="bbox 232 1165 1373 1231; baseline -0.004 -12"><span class='ocrx_word' id='word_1_69' title='bbox 232 1168 291 1219; x_wconf 79' lang='grc'>267.</span> <span class='ocrx_word' id='word_1_70' title='bbox 303 1169 336 1218; x_wconf 90' lang='grc' dir='ltr'>Τ.</span> <span class='ocrx_word' id='word_1_71' title='bbox 349 1169 386 1218; x_wconf 93' lang='lat'>11.</span> <span class='ocrx_word' id='word_1_72' title='bbox 402 1167 502 1230; x_wconf 79' lang='lat' dir='ltr'>Gales.)</span> <span class='ocrx_word' id='word_1_73' title='bbox 517 1166 718 1231; x_wconf 80' lang='lat' dir='ltr'>Wesselingius</span> <span class='ocrx_word' id='word_1_74' title='bbox 731 1181 776 1215; x_wconf 83' lang='lat' dir='ltr'>er·</span> <span class='ocrx_word' id='word_1_75' title='bbox 826 1181 857 1216; x_wconf 89' lang='lat' dir='ltr'>se</span> <span class='ocrx_word' id='word_1_76' title='bbox 867 1166 1058 1216; x_wconf 86' lang='lat' dir='ltr'>circumveniri</span> <span class='ocrx_word' id='word_1_77' title='bbox 1067 1165 1202 1228; x_wconf 87' lang='lat' dir='ltr'>viderent,</span> <span class='ocrx_word' id='word_1_78' title='bbox 1212 1165 1314 1228; x_wconf 87' lang='lat' dir='ltr'>Persis,</span> <span class='ocrx_word' id='word_1_79' title='bbox 1325 1167 1373 1230; x_wconf 88' lang='lat' dir='ltr'>qui</span> 
     </span>
     <span class='ocr_line' id='line_1_9' title="bbox 232 1233 1371 1299; baseline -0.004 -12"><span class='ocrx_word' id='word_1_80' title='bbox 232 1237 302 1288; x_wconf 80' lang='lat' dir='ltr'>citet</span> <span class='ocrx_word' id='word_1_81' title='bbox 314 1235 408 1287; x_wconf 83' lang='grc' dir='ltr'><strong><em>καίτοι</em></strong></span> <span class='ocrx_word' id='word_1_82' title='bbox 420 1249 487 1299; x_wconf 69' lang='grc' dir='ltr'><strong><em>περι</em></strong></span> <span class='ocrx_word' id='word_1_83' title='bbox 511 1234 560 1285; x_wconf 88' lang='lat' dir='ltr'>eed</span> <span class='ocrx_word' id='word_1_84' title='bbox 572 1234 624 1284; x_wconf 90' lang='lat' dir='ltr'>boc</span> <span class='ocrx_word' id='word_1_85' title='bbox 636 1233 711 1294; x_wconf 90' lang='lat' dir='ltr'>loco,</span> <span class='ocrx_word' id='word_1_86' title='bbox 729 1233 776 1296; x_wconf 89' lang='lat' dir='ltr'>qui</span> <span class='ocrx_word' id='word_1_87' title='bbox 828 1250 845 1283; x_wconf 89' lang='lat' dir='ltr'>a</span> <span class='ocrx_word' id='word_1_88' title='bbox 861 1233 1049 1298; x_wconf 80' lang='lat' dir='ltr'>septentrione</span> <span class='ocrx_word' id='word_1_89' title='bbox 1067 1234 1096 1282; x_wconf 92' lang='lat' dir='ltr'>in</span> <span class='ocrx_word' id='word_1_90' title='bbox 1114 1248 1205 1282; x_wconf 87' lang='lat' dir='ltr'>arcem</span> <span class='ocrx_word' id='word_1_91' title='bbox 1221 1233 1371 1283; x_wconf 88' lang='lat' dir='ltr'>adscende·</span> 
     </span>
     <span class='ocr_line' id='line_1_10' title="bbox 232 1298 1373 1370; baseline -0.004 -16"><span class='ocrx_word' id='word_1_92' title='bbox 232 1305 334 1370; x_wconf 82' lang='lat' dir='ltr'>legitur</span> <span class='ocrx_word' id='word_1_93' title='bbox 351 1304 379 1352; x_wconf 90' lang='lat' dir='ltr'>in</span> <span class='ocrx_word' id='word_1_94' title='bbox 392 1305 532 1366; x_wconf 83' lang='lat' dir='ltr'>Excerptt.</span> <span class='ocrx_word' id='word_1_95' title='bbox 546 1301 660 1352; x_wconf 84' lang='lat' dir='ltr'>Stobuei</span> <span class='ocrx_word' id='word_1_96' title='bbox 677 1301 721 1351; x_wconf 90' lang='lat' dir='ltr'>tit.</span> <span class='ocrx_word' id='word_1_97' title='bbox 733 1298 774 1350; x_wconf 89' lang='grc'>46.</span> <span class='ocrx_word' id='word_1_98' title='bbox 827 1305 903 1358; x_wconf 89' lang='lat' dir='ltr'>rant,</span> <span class='ocrx_word' id='word_1_99' title='bbox 917 1301 1126 1358; x_wconf 75' lang='lat' dir='ltr'>accedentibus,</span> <span class='ocrx_word' id='word_1_100' title='bbox 1147 1301 1216 1350; x_wconf 89' lang='lat' dir='ltr'>nihil</span> <span class='ocrx_word' id='word_1_101' title='bbox 1229 1299 1304 1350; x_wconf 88' lang='lat' dir='ltr'>aliud</span> <span class='ocrx_word' id='word_1_102' title='bbox 1316 1301 1373 1350; x_wconf 87' lang='lat' dir='ltr'>sibi</span> 
     </span>
     <span class='ocr_line' id='line_1_11' title="bbox 231 1367 1371 1436; baseline -0.004 -15"><span class='ocrx_word' id='word_1_103' title='bbox 231 1374 254 1434; x_wconf 67' lang='grc' dir='ltr'>ξ.</span> <span class='ocrx_word' id='word_1_104' title='bbox 269 1371 315 1436; x_wconf 83' lang='grc'>41,</span> <span class='ocrx_word' id='word_1_105' title='bbox 335 1369 463 1420; x_wconf 88' lang='lat' dir='ltr'>Neineke</span> <span class='ocrx_word' id='word_1_106' title='bbox 481 1369 554 1419; x_wconf 75' lang='lat' dir='ltr'>haud</span> <span class='ocrx_word' id='word_1_107' title='bbox 570 1369 629 1420; x_wconf 91' lang='lat' dir='ltr'>scio</span> <span class='ocrx_word' id='word_1_108' title='bbox 647 1384 684 1418; x_wconf 83' lang='lat' dir='ltr'>nu</span> <span class='ocrx_word' id='word_1_109' title='bbox 700 1373 776 1418; x_wconf 87' lang='lat' dir='ltr'>recte</span> <span class='ocrx_word' id='word_1_110' title='bbox 829 1369 947 1433; x_wconf 86' lang='lat' dir='ltr'>relinqui</span> <span class='ocrx_word' id='word_1_111' title='bbox 970 1367 1178 1430; x_wconf 79' lang='lat' dir='ltr'>intellexerunt,</span> <span class='ocrx_word' id='word_1_112' title='bbox 1205 1369 1260 1417; x_wconf 90' lang='lat' dir='ltr'>nisi</span> <span class='ocrx_word' id='word_1_113' title='bbox 1283 1373 1315 1417; x_wconf 88' lang='lat' dir='ltr'>ut</span> <span class='ocrx_word' id='word_1_114' title='bbox 1336 1368 1371 1417; x_wconf 90' lang='lat' dir='ltr'>de</span> 
     </span>
     <span class='ocr_line' id='line_1_12' title="bbox 233 1426 1373 1502; baseline -0.004 -13"><span class='ocrx_word' id='word_1_115' title='bbox 233 1439 389 1489; x_wconf 82' lang='lat' dir='ltr'>exhibuerit</span> <span class='ocrx_word' id='word_1_116' title='bbox 412 1433 472 1487; x_wconf 78' lang='grc' dir='ltr'>καὶ</span> <span class='ocrx_word' id='word_1_117' title='bbox 496 1431 615 1500; x_wconf 74' lang='grc' dir='ltr'><strong><em>τόπορο</em></strong></span> <span class='ocrx_word' id='word_1_118' title='bbox 646 1426 721 1502; x_wconf 78' lang='grc' dir='ltr'><strong><em>οἷνήρ</em></strong></span> <span class='ocrx_word' id='word_1_119' title='bbox 744 1462 777 1472; x_wconf 91' lang='lat'>—-</span> <span class='ocrx_word' id='word_1_120' title='bbox 829 1452 904 1486; x_wconf 88' lang='lat' dir='ltr'>muro</span> <span class='ocrx_word' id='word_1_121' title='bbox 925 1450 955 1484; x_wconf 89' lang='lat' dir='ltr'>sc</span> <span class='ocrx_word' id='word_1_122' title='bbox 973 1435 1126 1486; x_wconf 85' lang='lat' dir='ltr'>delicerent</span> <span class='ocrx_word' id='word_1_123' title='bbox 1143 1439 1191 1485; x_wconf 82' lang='lat' dir='ltr'>ent</span> <span class='ocrx_word' id='word_1_124' title='bbox 1207 1435 1242 1485; x_wconf 86' lang='lat' dir='ltr'>erl</span> <span class='ocrx_word' id='word_1_125' title='bbox 1260 1435 1373 1485; x_wconf 84' lang='lat' dir='ltr'>deornm</span> 
     </span>
     <span class='ocr_line' id='line_1_13' title="bbox 231 1495 1372 1571; baseline -0.003 -15"><span class='ocrx_word' id='word_1_126' title='bbox 231 1500 345 1571; x_wconf 77' lang='grc' dir='ltr'><strong><em>α’γνοέει</em></strong></span> <span class='ocrx_word' id='word_1_127' title='bbox 368 1498 401 1555; x_wconf 71' lang='grc' dir='ltr'>δὲ</span> <span class='ocrx_word' id='word_1_128' title='bbox 423 1500 455 1554; x_wconf 83' lang='grc' dir='ltr'><strong><em>τὸ</em></strong></span> <span class='ocrx_word' id='word_1_129' title='bbox 475 1498 607 1570; x_wconf 75' lang='grc' dir='ltr'><strong><em>μέγιστον</em></strong></span> <span class='ocrx_word' id='word_1_130' title='bbox 624 1500 674 1554; x_wconf 78' lang='grc' dir='ltr'>καὶ</span> <span class='ocrx_word' id='word_1_131' title='bbox 690 1495 777 1566; x_wconf 77' lang='grc' dir='ltr'><strong><em>τόπερ</em></strong></span> <span class='ocrx_word' id='word_1_132' title='bbox 828 1503 977 1554; x_wconf 76' lang='lat' dir='ltr'>simulacre</span> <span class='ocrx_word' id='word_1_133' title='bbox 998 1503 1138 1567; x_wconf 80' lang='lat' dir='ltr'>fugientes</span> <span class='ocrx_word' id='word_1_134' title='bbox 1160 1503 1277 1552; x_wconf 79' lang='lat' dir='ltr'>salntem</span> <span class='ocrx_word' id='word_1_135' title='bbox 1294 1509 1372 1568; x_wconf 88' lang='lat' dir='ltr'>pste-</span> 
     </span>
     <span class='ocr_line' id='line_1_14' title="bbox 231 1565 1372 1650; baseline -0.002 -28"><span class='ocrx_word' id='word_1_136' title='bbox 231 1567 284 1638; x_wconf 77' lang='grc' dir='ltr'>χρὴ</span> <span class='ocrx_word' id='word_1_137' title='bbox 311 1566 421 1622; x_wconf 77' lang='grc' dir='ltr'><strong><em>εἰδέναι</em></strong></span> <span class='ocrx_word' id='word_1_138' title='bbox 445 1565 541 1622; x_wconf 79' lang='grc' dir='ltr'><strong><em>πάντα</em></strong></span> <span class='ocrx_word' id='word_1_139' title='bbox 565 1565 620 1650; x_wconf 55' lang='grc' dir='ltr'><strong><em>τόν</em></strong></span> <span class='ocrx_word' id='word_1_140' title='bbox 638 1566 778 1636; x_wconf 72' lang='grc' dir='ltr'><strong><em>μέλλοντα</em></strong></span> <span class='ocrx_word' id='word_1_141' title='bbox 829 1577 890 1621; x_wconf 88' lang='lat' dir='ltr'>rent</span> <span class='ocrx_word' id='word_1_142' title='bbox 902 1569 1048 1636; x_wconf 84' lang='lat' dir='ltr'>supplices.</span> <span class='ocrx_word' id='word_1_143' title='bbox 1084 1571 1138 1632; x_wconf 81' lang='lat' dir='ltr'>Qui</span> <span class='ocrx_word' id='word_1_144' title='bbox 1150 1570 1184 1620; x_wconf 92' lang='lat' dir='ltr'>de</span> <span class='ocrx_word' id='word_1_145' title='bbox 1196 1585 1272 1620; x_wconf 88' lang='lat' dir='ltr'>muro</span> <span class='ocrx_word' id='word_1_146' title='bbox 1284 1585 1314 1620; x_wconf 91' lang='lat' dir='ltr'>se</span> <span class='ocrx_word' id='word_1_147' title='bbox 1326 1571 1372 1620; x_wconf 91' lang='lat' dir='ltr'>de-</span> 
     </span>
     <span class='ocr_line' id='line_1_15' title="bbox 233 1631 1372 1703; baseline -0.001 -14"><span class='ocrx_word' id='word_1_148' title='bbox 233 1631 393 1703; x_wconf 75' lang='grc' dir='ltr'><strong><em>α’νθροόπον</em></strong></span> <span class='ocrx_word' id='word_1_149' title='bbox 404 1636 589 1702; x_wconf 78' lang='grc' dir='ltr'><strong><em>καταδοκοόν,</em></strong></span> <span class='ocrx_word' id='word_1_150' title='bbox 604 1653 646 1689; x_wconf 82' lang='grc' dir='ltr'>οτι</span> <span class='ocrx_word' id='word_1_151' title='bbox 658 1655 684 1688; x_wconf 88' lang='grc' dir='ltr'>κ.</span> <span class='ocrx_word' id='word_1_152' title='bbox 697 1655 720 1688; x_wconf 87' lang='grc' dir='ltr'><strong><em>τ.</em></strong></span> <span class='ocrx_word' id='word_1_153' title='bbox 735 1638 758 1688; x_wconf 82' lang='grc' dir='ltr'>ί..</span> <span class='ocrx_word' id='word_1_154' title='bbox 829 1640 966 1699; x_wconf 88' lang='lat' dir='ltr'>iecerunt,</span> <span class='ocrx_word' id='word_1_155' title='bbox 980 1637 1043 1688; x_wconf 88' lang='lat' dir='ltr'>iude</span> <span class='ocrx_word' id='word_1_156' title='bbox 1056 1637 1149 1687; x_wconf 83' lang='lat' dir='ltr'>statim</span> <span class='ocrx_word' id='word_1_157' title='bbox 1158 1643 1293 1702; x_wconf 74' lang='lat' dir='ltr'>perferunt</span> <span class='ocrx_word' id='word_1_158' title='bbox 1302 1635 1372 1700; x_wconf 74' lang='lat' dir='ltr'>(dir-</span> 
     </span>
     <span class='ocr_line' id='line_1_16' title="bbox 265 1696 1373 1772; baseline -0.002 -16"><span class='ocrx_word' id='word_1_159' title='bbox 265 1701 296 1757; x_wconf 78' lang='grc' dir='ltr'><strong><em>οί</em></strong></span> <span class='ocrx_word' id='word_1_160' title='bbox 315 1699 369 1771; x_wconf 75' lang='grc' dir='ltr'><strong><em>μὲν</em></strong></span> <span class='ocrx_word' id='word_1_161' title='bbox 393 1697 541 1770; x_wconf 74' lang='grc' dir='ltr'>ἐρρίπτεον</span> <span class='ocrx_word' id='word_1_162' title='bbox 564 1697 686 1764; x_wconf 73' lang='grc' dir='ltr'><strong><em>ἑωυτοὺς</em></strong></span> <span class='ocrx_word' id='word_1_163' title='bbox 705 1696 778 1756; x_wconf 78' lang='grc' dir='ltr'><strong><em>κατὰ</em></strong></span> <span class='ocrx_word' id='word_1_164' title='bbox 830 1703 999 1772; x_wconf 73' lang='grc' dir='ltr'><strong><em>φθείροντα)</em></strong></span> <span class='ocrx_word' id='word_1_165' title='bbox 1019 1710 1067 1755; x_wconf 85' lang='lat' dir='ltr'>ont</span> <span class='ocrx_word' id='word_1_166' title='bbox 1085 1710 1175 1772; x_wconf 85' lang='lat' dir='ltr'>certe,</span> <span class='ocrx_word' id='word_1_167' title='bbox 1194 1707 1219 1755; x_wconf 89' lang='lat' dir='ltr'>ei</span> <span class='ocrx_word' id='word_1_168' title='bbox 1237 1706 1281 1770; x_wconf 89' lang='lat' dir='ltr'>qni</span> <span class='ocrx_word' id='word_1_169' title='bbox 1299 1705 1373 1755; x_wconf 83' lang='lat' dir='ltr'>salvi</span> 
     </span>
     <span class='ocr_line' id='line_1_17' title="bbox 230 1768 1370 1839; baseline -0.003 -14"><span class='ocrx_word' id='word_1_170' title='bbox 230 1773 283 1825; x_wconf 81' lang='grc' dir='ltr'>τοῦ</span> <span class='ocrx_word' id='word_1_171' title='bbox 294 1771 402 1838; x_wconf 75' lang='grc' dir='ltr'><strong><em>τείχεος</em></strong></span> <span class='ocrx_word' id='word_1_172' title='bbox 411 1768 487 1824; x_wconf 85' lang='grc' dir='ltr'><strong><em>κοίτω</em></strong></span> <span class='ocrx_word' id='word_1_173' title='bbox 497 1773 546 1824; x_wconf 85' lang='grc' dir='ltr'>καί</span> <span class='ocrx_word' id='word_1_174' title='bbox 556 1769 775 1839; x_wconf 74' lang='grc' dir='ltr'>διεφθείροντο]</span> <span class='ocrx_word' id='word_1_175' title='bbox 829 1775 952 1825; x_wconf 82' lang='lat' dir='ltr'>evasisse</span> <span class='ocrx_word' id='word_1_176' title='bbox 970 1789 1003 1822; x_wconf 86' lang='lat' dir='ltr'>ex</span> <span class='ocrx_word' id='word_1_177' title='bbox 1018 1771 1070 1822; x_wconf 93' lang='lat' dir='ltr'>hoc</span> <span class='ocrx_word' id='word_1_178' title='bbox 1089 1787 1155 1823; x_wconf 83' lang='lat' dir='ltr'>cusu</span> <span class='ocrx_word' id='word_1_179' title='bbox 1175 1772 1290 1838; x_wconf 89' lang='lat' dir='ltr'>putandi</span> <span class='ocrx_word' id='word_1_180' title='bbox 1306 1775 1370 1832; x_wconf 86' lang='lat' dir='ltr'>sint,</span> 
     </span>
     <span class='ocr_line' id='line_1_18' title="bbox 230 1839 1372 1905; baseline -0.003 -12"><span class='ocrx_word' id='word_1_181' title='bbox 230 1843 249 1892; x_wconf 89' lang='lat' dir='ltr'>i.</span> <span class='ocrx_word' id='word_1_182' title='bbox 263 1859 286 1893; x_wconf 91' lang='lat' dir='ltr'>e.</span> <span class='ocrx_word' id='word_1_183' title='bbox 301 1843 346 1892; x_wconf 84' lang='lat' dir='ltr'>alii</span> <span class='ocrx_word' id='word_1_184' title='bbox 357 1843 389 1891; x_wconf 81' lang='lat' dir='ltr'>de</span> <span class='ocrx_word' id='word_1_185' title='bbox 401 1857 471 1892; x_wconf 73' lang='lat' dir='ltr'>neure</span> <span class='ocrx_word' id='word_1_186' title='bbox 484 1843 601 1892; x_wconf 72' lang='lat' dir='ltr'>deorsum</span> <span class='ocrx_word' id='word_1_187' title='bbox 612 1846 777 1905; x_wconf 82' lang='lat' dir='ltr'>seprceclpi-</span> <span class='ocrx_word' id='word_1_188' title='bbox 829 1857 847 1891; x_wconf 85' lang='lat' dir='ltr'>a</span> <span class='ocrx_word' id='word_1_189' title='bbox 859 1843 964 1899; x_wconf 88' lang='lat' dir='ltr'>Persis,</span> <span class='ocrx_word' id='word_1_190' title='bbox 983 1841 1137 1904; x_wconf 88' lang='lat' dir='ltr'>inquorum</span> <span class='ocrx_word' id='word_1_191' title='bbox 1154 1855 1249 1890; x_wconf 85' lang='lat' dir='ltr'>manns</span> <span class='ocrx_word' id='word_1_192' title='bbox 1263 1839 1372 1891; x_wconf 83' lang='lat' dir='ltr'>scilicet</span> 
     </span>
     <span class='ocr_line' id='line_1_19' title="bbox 231 1901 1252 1975; baseline -0.002 -16"><span class='ocrx_word' id='word_1_193' title='bbox 231 1916 318 1960; x_wconf 80' lang='lat' dir='ltr'>terunt</span> <span class='ocrx_word' id='word_1_194' title='bbox 330 1915 406 1974; x_wconf 82' lang='lat' dir='ltr'>utque</span> <span class='ocrx_word' id='word_1_195' title='bbox 415 1912 559 1973; x_wconf 76' lang='lat' dir='ltr'>perierunt.</span> <span class='ocrx_word' id='word_1_196' title='bbox 590 1909 690 1959; x_wconf 85' lang='lat' dir='ltr'>Verbis</span> <span class='ocrx_word' id='word_1_197' title='bbox 704 1901 776 1958; x_wconf 70' lang='grc' dir='ltr'><strong><em>κατὰ</em></strong></span> <span class='ocrx_word' id='word_1_198' title='bbox 828 1913 1026 1975; x_wconf 77' lang='lat' dir='ltr'>pervenerant,</span> <span class='ocrx_word' id='word_1_199' title='bbox 1039 1908 1169 1958; x_wconf 87' lang='lat' dir='ltr'>trucidati</span> <span class='ocrx_word' id='word_1_200' title='bbox 1181 1913 1252 1958; x_wconf 90' lang='lat' dir='ltr'>sunt.</span> 
     </span>
     <span class='ocr_line' id='line_1_20' title="bbox 231 1967 1369 2042; baseline -0.002 -14"><span class='ocrx_word' id='word_1_201' title='bbox 231 1975 282 2028; x_wconf 80' lang='grc' dir='ltr'>τοῦ</span> <span class='ocrx_word' id='word_1_202' title='bbox 294 1975 416 2042; x_wconf 75' lang='grc' dir='ltr'><strong><em>τείχεος,</em></strong></span> <span class='ocrx_word' id='word_1_203' title='bbox 435 1977 463 2026; x_wconf 89' lang='lat' dir='ltr'>in</span> <span class='ocrx_word' id='word_1_204' title='bbox 482 1977 580 2041; x_wconf 87' lang='lat' dir='ltr'>quibus</span> <span class='ocrx_word' id='word_1_205' title='bbox 594 1968 668 2027; x_wconf 75' lang='lat' dir='ltr'>conci</span> <span class='ocrx_word' id='word_1_206' title='bbox 681 1976 778 2026; x_wconf 90' lang='lat' dir='ltr'>eodem</span> <span class='ocrx_word' id='word_1_207' title='bbox 863 1968 893 2026; x_wconf 76' lang='lat' dir='ltr'>oi</span> <span class='ocrx_word' id='word_1_208' title='bbox 909 1969 941 2027; x_wconf 71' lang='grc' dir='ltr'>δὲ</span> <span class='ocrx_word' id='word_1_209' title='bbox 959 1967 987 2034; x_wconf 77' lang='grc' dir='ltr'>ἐς</span> <span class='ocrx_word' id='word_1_210' title='bbox 999 1969 1031 2026; x_wconf 88' lang='grc' dir='ltr'><strong><em>τὸ</em></strong></span> <span class='ocrx_word' id='word_1_211' title='bbox 1043 1969 1168 2041; x_wconf 74' lang='grc' dir='ltr'><strong><em>μέγαρον</em></strong></span> <span class='ocrx_word' id='word_1_212' title='bbox 1179 1970 1369 2041; x_wconf 76' lang='grc' dir='ltr'><strong><em>κατέφευγον]</em></strong></span> 
     </span>
     <span class='ocr_line' id='line_1_21' title="bbox 231 2042 1371 2110; baseline -0.002 -16"><span class='ocrx_word' id='word_1_213' title='bbox 231 2045 309 2094; x_wconf 88' lang='lat' dir='ltr'>modo</span> <span class='ocrx_word' id='word_1_214' title='bbox 323 2045 433 2110; x_wconf 90' lang='lat' dir='ltr'>ponitur</span> <span class='ocrx_word' id='word_1_215' title='bbox 446 2058 497 2108; x_wconf 89' lang='lat' dir='ltr'>quc</span> <span class='ocrx_word' id='word_1_216' title='bbox 511 2059 594 2110; x_wconf 85' lang='lat' dir='ltr'>supro</span> <span class='ocrx_word' id='word_1_217' title='bbox 604 2045 641 2106; x_wconf 94' lang='lat' dir='ltr'>ll,</span> <span class='ocrx_word' id='word_1_218' title='bbox 652 2042 685 2094; x_wconf 80' lang='lat'>39</span> <span class='ocrx_word' id='word_1_219' title='bbox 699 2049 727 2094; x_wconf 92' lang='lat' dir='ltr'>et</span> <span class='ocrx_word' id='word_1_220' title='bbox 739 2043 777 2106; x_wconf 94' lang='lat' dir='ltr'>II,</span> <span class='ocrx_word' id='word_1_221' title='bbox 828 2045 846 2094; x_wconf 92' lang='lat' dir='ltr'>i.</span> <span class='ocrx_word' id='word_1_222' title='bbox 862 2060 885 2094; x_wconf 92' lang='lat' dir='ltr'>e.</span> <span class='ocrx_word' id='word_1_223' title='bbox 898 2047 945 2094; x_wconf 82' lang='lat' dir='ltr'>alii</span> <span class='ocrx_word' id='word_1_224' title='bbox 954 2046 980 2094; x_wconf 86' lang='lat' dir='ltr'>in</span> <span class='ocrx_word' id='word_1_225' title='bbox 992 2046 1137 2094; x_wconf 82' lang='lat' dir='ltr'>interiorem</span> <span class='ocrx_word' id='word_1_226' title='bbox 1155 2046 1226 2094; x_wconf 81' lang='lat' dir='ltr'>aedis</span> <span class='ocrx_word' id='word_1_227' title='bbox 1235 2049 1337 2108; x_wconf 81' lang='lat' dir='ltr'>portem</span> <span class='ocrx_word' id='word_1_228' title='bbox 1349 2059 1371 2093; x_wconf 88' lang='lat' dir='ltr'>s.</span> 
     </span>
     <span class='ocr_line' id='line_1_22' title="bbox 232 2109 1371 2176; baseline -0.002 -14"><span class='ocrx_word' id='word_1_229' title='bbox 232 2111 288 2162; x_wconf 82' lang='lat'>121.</span> <span class='ocrx_word' id='word_1_230' title='bbox 302 2113 326 2173; x_wconf 72' lang='lat'>§-</span> <span class='ocrx_word' id='word_1_231' title='bbox 336 2110 352 2162; x_wconf 82' lang='lat'><strong>3</strong></span> <span class='ocrx_word' id='word_1_232' title='bbox 363 2111 420 2173; x_wconf 89' lang='lat' dir='ltr'>(nbi</span> <span class='ocrx_word' id='word_1_233' title='bbox 433 2111 487 2162; x_wconf 84' lang='lat' dir='ltr'>vid.</span> <span class='ocrx_word' id='word_1_234' title='bbox 497 2110 585 2174; x_wconf 78' lang='lat' dir='ltr'>nott),</span> <span class='ocrx_word' id='word_1_235' title='bbox 600 2111 710 2161; x_wconf 85' lang='lat' dir='ltr'>additur</span> <span class='ocrx_word' id='word_1_236' title='bbox 721 2110 747 2161; x_wconf 93' lang='lat' dir='ltr'>h.</span> <span class='ocrx_word' id='word_1_237' title='bbox 758 2111 776 2160; x_wconf 93' lang='lat' dir='ltr'>l.</span> <span class='ocrx_word' id='word_1_238' title='bbox 829 2127 979 2173; x_wconf 85' lang='lat' dir='ltr'>cameram,</span> <span class='ocrx_word' id='word_1_239' title='bbox 1005 2111 1052 2160; x_wconf 91' lang='lat' dir='ltr'>ubi</span> <span class='ocrx_word' id='word_1_240' title='bbox 1068 2111 1153 2176; x_wconf 88' lang='lat' dir='ltr'>ipsius</span> <span class='ocrx_word' id='word_1_241' title='bbox 1175 2111 1244 2161; x_wconf 86' lang='lat' dir='ltr'>dene</span> <span class='ocrx_word' id='word_1_242' title='bbox 1262 2109 1371 2160; x_wconf 87' lang='lat' dir='ltr'>simula-</span> 
     </span>
     <span class='ocr_line' id='line_1_23' title="bbox 230 2171 1372 2243; baseline -0.003 -13"><span class='ocrx_word' id='word_1_243' title='bbox 230 2171 306 2230; x_wconf 75' lang='grc' dir='ltr'><strong><em>κάτω</em></strong></span> <span class='ocrx_word' id='word_1_244' title='bbox 329 2194 363 2232; x_wconf 85' lang='lat' dir='ltr'>ex</span> <span class='ocrx_word' id='word_1_245' title='bbox 388 2195 422 2229; x_wconf 89' lang='lat' dir='ltr'>ea</span> <span class='ocrx_word' id='word_1_246' title='bbox 444 2179 578 2229; x_wconf 75' lang='lat' dir='ltr'>orationis</span> <span class='ocrx_word' id='word_1_247' title='bbox 596 2179 776 2240; x_wconf 84' lang='lat' dir='ltr'>abundantia,</span> <span class='ocrx_word' id='word_1_248' title='bbox 830 2195 904 2229; x_wconf 90' lang='lat' dir='ltr'>crum</span> <span class='ocrx_word' id='word_1_249' title='bbox 927 2183 999 2238; x_wconf 83' lang='lat' dir='ltr'>eret,</span> <span class='ocrx_word' id='word_1_250' title='bbox 1025 2179 1198 2243; x_wconf 78' lang='lat' dir='ltr'>confnperunt.</span> <span class='ocrx_word' id='word_1_251' title='bbox 1239 2179 1281 2228; x_wconf 88' lang='lat' dir='ltr'>De</span> <span class='ocrx_word' id='word_1_252' title='bbox 1303 2194 1372 2229; x_wconf 88' lang='lat' dir='ltr'>voce</span> 
     </span>
     <span class='ocr_line' id='line_1_24' title="bbox 232 2241 1373 2313; baseline -0.004 -15"><span class='ocrx_word' id='word_1_253' title='bbox 232 2263 265 2298; x_wconf 86' lang='lat' dir='ltr'>ex</span> <span class='ocrx_word' id='word_1_254' title='bbox 290 2262 343 2313; x_wconf 84' lang='lat' dir='ltr'>qua</span> <span class='ocrx_word' id='word_1_255' title='bbox 364 2247 449 2297; x_wconf 86' lang='lat' dir='ltr'>etiem</span> <span class='ocrx_word' id='word_1_256' title='bbox 473 2247 555 2312; x_wconf 78' lang='lat' dir='ltr'>poulo</span> <span class='ocrx_word' id='word_1_257' title='bbox 581 2252 646 2298; x_wconf 86' lang='lat' dir='ltr'>ente</span> <span class='ocrx_word' id='word_1_258' title='bbox 670 2247 779 2296; x_wconf 79' lang='lat' dir='ltr'>dixerat</span> <span class='ocrx_word' id='word_1_259' title='bbox 828 2241 955 2310; x_wconf 75' lang='grc' dir='ltr'><strong><em>μέγαρον</em></strong></span> <span class='ocrx_word' id='word_1_260' title='bbox 967 2247 1024 2296; x_wconf 84' lang='lat' dir='ltr'>dixi</span> <span class='ocrx_word' id='word_1_261' title='bbox 1036 2246 1155 2306; x_wconf 81' lang='lat' dir='ltr'>nd1,45</span> <span class='ocrx_word' id='word_1_262' title='bbox 1173 2250 1200 2295; x_wconf 86' lang='lat' dir='ltr'>et</span> <span class='ocrx_word' id='word_1_263' title='bbox 1212 2243 1253 2296; x_wconf 86' lang='grc'>65.</span> <span class='ocrx_word' id='word_1_264' title='bbox 1289 2245 1373 2296; x_wconf 92' lang='lat' dir='ltr'>Intel-</span> 
     </span>
     <span class='ocr_line' id='line_1_25' title="bbox 232 2305 1371 2382; baseline -0.005 -15"><span class='ocrx_word' id='word_1_265' title='bbox 232 2309 416 2382; x_wconf 73' lang='grc' dir='ltr'><strong><em>ἔμπροσθε</em></strong></span> <span class='ocrx_word' id='word_1_266' title='bbox 440 2307 505 2379; x_wconf 83' lang='grc' dir='ltr'>πρό</span> <span class='ocrx_word' id='word_1_267' title='bbox 527 2312 578 2381; x_wconf 76' lang='grc' dir='ltr'><strong><em>τῆς</em></strong></span> <span class='ocrx_word' id='word_1_268' title='bbox 595 2305 776 2378; x_wconf 76' lang='grc' dir='ltr'><strong><em>οἲκροπόίιος,</em></strong></span> <span class='ocrx_word' id='word_1_269' title='bbox 829 2313 925 2380; x_wconf 76' lang='lat' dir='ltr'>ligitur</span> <span class='ocrx_word' id='word_1_270' title='bbox 938 2319 1038 2372; x_wconf 87' lang='lat' dir='ltr'>autern,</span> <span class='ocrx_word' id='word_1_271' title='bbox 1051 2319 1082 2364; x_wconf 89' lang='lat' dir='ltr'>nt</span> <span class='ocrx_word' id='word_1_272' title='bbox 1094 2315 1148 2363; x_wconf 86' lang='lat' dir='ltr'>iem</span> <span class='ocrx_word' id='word_1_273' title='bbox 1161 2327 1244 2378; x_wconf 88' lang='lat' dir='ltr'>supra</span> <span class='ocrx_word' id='word_1_274' title='bbox 1254 2313 1294 2376; x_wconf 84' lang='lat' dir='ltr'>(in</span> <span class='ocrx_word' id='word_1_275' title='bbox 1303 2317 1371 2363; x_wconf 77' lang='lat' dir='ltr'>nott,</span> 
     </span>
     <span class='ocr_line' id='line_1_26' title="bbox 231 2379 1372 2450; baseline -0.004 -16"><span class='ocrx_word' id='word_1_276' title='bbox 231 2386 320 2450; x_wconf 86' lang='lat' dir='ltr'>ipsam</span> <span class='ocrx_word' id='word_1_277' title='bbox 332 2398 389 2434; x_wconf 89' lang='lat' dir='ltr'>rem</span> <span class='ocrx_word' id='word_1_278' title='bbox 403 2383 560 2434; x_wconf 81' lang='lat' dir='ltr'>occuratiu</span> <span class='ocrx_word' id='word_1_279' title='bbox 578 2387 607 2433; x_wconf 90' lang='lat' dir='ltr'>et</span> <span class='ocrx_word' id='word_1_280' title='bbox 619 2383 721 2433; x_wconf 88' lang='lat' dir='ltr'>certius</span> <span class='ocrx_word' id='word_1_281' title='bbox 737 2381 777 2430; x_wconf 92' lang='lat' dir='ltr'>in·</span> <span class='ocrx_word' id='word_1_282' title='bbox 830 2382 865 2432; x_wconf 82' lang='lat' dir='ltr'>od</span> <span class='ocrx_word' id='word_1_283' title='bbox 881 2382 917 2441; x_wconf 93' lang='lat' dir='ltr'>V,</span> <span class='ocrx_word' id='word_1_284' title='bbox 935 2381 978 2431; x_wconf 90' lang='grc'>77.</span> <span class='ocrx_word' id='word_1_285' title='bbox 999 2380 1061 2431; x_wconf 88' lang='lat' dir='ltr'>Vol.</span> <span class='ocrx_word' id='word_1_286' title='bbox 1079 2381 1129 2431; x_wconf 91' lang='lat'>111.</span> <span class='ocrx_word' id='word_1_287' title='bbox 1151 2395 1215 2446; x_wconf 82' lang='lat' dir='ltr'>pag.</span> <span class='ocrx_word' id='word_1_288' title='bbox 1236 2379 1298 2440; x_wconf 88' lang='grc'>147,</span> <span class='ocrx_word' id='word_1_289' title='bbox 1324 2380 1372 2430; x_wconf 88' lang='lat' dir='ltr'>nbi</span> 
     </span>
     <span class='ocr_line' id='line_1_27' title="bbox 230 2446 1373 2516; baseline -0.003 -14"><span class='ocrx_word' id='word_1_290' title='bbox 230 2451 378 2504; x_wconf 84' lang='lat' dir='ltr'>dinutnrns.</span> <span class='ocrx_word' id='word_1_291' title='bbox 401 2451 444 2501; x_wconf 81' lang='lat' dir='ltr'>hd</span> <span class='ocrx_word' id='word_1_292' title='bbox 456 2449 688 2516; x_wconf 75' lang='lat' dir='ltr'>significationem</span> <span class='ocrx_word' id='word_1_293' title='bbox 700 2449 778 2500; x_wconf 89' lang='lat' dir='ltr'>verbi</span> <span class='ocrx_word' id='word_1_294' title='bbox 829 2449 901 2499; x_wconf 87' lang='lat' dir='ltr'>male</span> <span class='ocrx_word' id='word_1_295' title='bbox 929 2449 1090 2514; x_wconf 77' lang='lat' dir='ltr'>impressum</span> <span class='ocrx_word' id='word_1_296' title='bbox 1112 2448 1214 2514; x_wconf 84' lang='lat' dir='ltr'>legitur</span> <span class='ocrx_word' id='word_1_297' title='bbox 1235 2448 1316 2509; x_wconf 87' lang='lat' dir='ltr'><strong>VIII,</strong></span> <span class='ocrx_word' id='word_1_298' title='bbox 1339 2446 1373 2498; x_wconf 79' lang='lat'>83</span> 
     </span>
     <span class='ocr_line' id='line_1_28' title="bbox 231 2510 1373 2583; baseline -0.004 -15"><span class='ocrx_word' id='word_1_299' title='bbox 231 2510 380 2582; x_wconf 80' lang='grc' dir='ltr'><strong><em>ἐρρίπτεον</em></strong></span> <span class='ocrx_word' id='word_1_300' title='bbox 401 2519 544 2583; x_wconf 87' lang='lat' dir='ltr'>pertinent</span> <span class='ocrx_word' id='word_1_301' title='bbox 566 2519 654 2569; x_wconf 85' lang='lat' dir='ltr'>allato</span> <span class='ocrx_word' id='word_1_302' title='bbox 678 2517 713 2568; x_wconf 85' lang='lat' dir='ltr'>ad</span> <span class='ocrx_word' id='word_1_303' title='bbox 729 2517 776 2574; x_wconf 91' lang='lat' dir='ltr'>IV,</span> <span class='ocrx_word' id='word_1_304' title='bbox 828 2533 877 2582; x_wconf 86' lang='lat' dir='ltr'>pro</span> <span class='ocrx_word' id='word_1_305' title='bbox 894 2517 973 2578; x_wconf 87' lang='lat' dir='ltr'><strong>VIII,</strong></span> <span class='ocrx_word' id='word_1_306' title='bbox 993 2513 1039 2580; x_wconf 79' lang='lat'>53)</span> <span class='ocrx_word' id='word_1_307' title='bbox 1058 2517 1162 2575; x_wconf 90' lang='lat' dir='ltr'>monui,</span> <span class='ocrx_word' id='word_1_308' title='bbox 1181 2515 1373 2579; x_wconf 83' lang='lat' dir='ltr'>antiquissimu</span> 
     </span>
     <span class='ocr_line' id='line_1_29' title="bbox 229 2581 1372 2650; baseline -0.003 -15"><span class='ocrx_word' id='word_1_309' title='bbox 229 2585 271 2635; x_wconf 85' lang='grc'>64.</span> <span class='ocrx_word' id='word_1_310' title='bbox 306 2587 348 2635; x_wconf 91' lang='lat' dir='ltr'>De</span> <span class='ocrx_word' id='word_1_311' title='bbox 362 2585 421 2650; x_wconf 88' lang='lat' dir='ltr'>ipso</span> <span class='ocrx_word' id='word_1_312' title='bbox 435 2601 511 2635; x_wconf 89' lang='lat' dir='ltr'>muro</span> <span class='ocrx_word' id='word_1_313' title='bbox 526 2586 549 2634; x_wconf 90' lang='lat' dir='ltr'>si</span> <span class='ocrx_word' id='word_1_314' title='bbox 563 2586 687 2650; x_wconf 81' lang='lat' dir='ltr'>quaeris,</span> <span class='ocrx_word' id='word_1_315' title='bbox 705 2583 778 2634; x_wconf 87' lang='lat' dir='ltr'>haud</span> <span class='ocrx_word' id='word_1_316' title='bbox 829 2585 971 2634; x_wconf 83' lang='lat' dir='ltr'>Minervae</span> <span class='ocrx_word' id='word_1_317' title='bbox 984 2583 1107 2633; x_wconf 82' lang='lat' dir='ltr'>Poliatlis</span> <span class='ocrx_word' id='word_1_318' title='bbox 1124 2581 1220 2644; x_wconf 82' lang='lat' dir='ltr'>sedes,</span> <span class='ocrx_word' id='word_1_319' title='bbox 1239 2583 1274 2632; x_wconf 87' lang='lat' dir='ltr'>ad</span> <span class='ocrx_word' id='word_1_320' title='bbox 1292 2597 1372 2647; x_wconf 80' lang='lat' dir='ltr'>quarn</span> 
     </span>
     <span class='ocr_line' id='line_1_30' title="bbox 230 2649 1372 2716; baseline -0.001 -16"><span class='ocrx_word' id='word_1_321' title='bbox 230 2651 388 2716; x_wconf 82' lang='lat' dir='ltr'>quidem(ut</span> <span class='ocrx_word' id='word_1_322' title='bbox 397 2650 485 2701; x_wconf 78' lang='lat' dir='ltr'>neele</span> <span class='ocrx_word' id='word_1_323' title='bbox 498 2651 663 2702; x_wconf 87' lang='lat' dir='ltr'>arbitretur:</span> <span class='ocrx_word' id='word_1_324' title='bbox 676 2651 777 2700; x_wconf 80' lang='lat' dir='ltr'>l‘Acro·</span> <span class='ocrx_word' id='word_1_325' title='bbox 830 2651 945 2701; x_wconf 85' lang='lat' dir='ltr'>eandem</span> <span class='ocrx_word' id='word_1_326' title='bbox 963 2666 1035 2701; x_wconf 90' lang='lat' dir='ltr'>nnnc</span> <span class='ocrx_word' id='word_1_327' title='bbox 1054 2667 1159 2716; x_wconf 90' lang='lat' dir='ltr'>quoque</span> <span class='ocrx_word' id='word_1_328' title='bbox 1173 2650 1276 2700; x_wconf 82' lang='lat' dir='ltr'>referre</span> <span class='ocrx_word' id='word_1_329' title='bbox 1289 2649 1372 2700; x_wconf 84' lang='lat' dir='ltr'>velim</span> 
     </span>
     <span class='ocr_line' id='line_1_31' title="bbox 249 2715 1372 2782; baseline -0.003 -13"><span class='ocrx_word' id='word_1_330' title='bbox 249 2719 327 2769; x_wconf 90' lang='lat' dir='ltr'>olel.</span> <span class='ocrx_word' id='word_1_331' title='bbox 341 2735 367 2782; x_wconf 90' lang='lat' dir='ltr'>p.</span> <span class='ocrx_word' id='word_1_332' title='bbox 381 2715 424 2780; x_wconf 82' lang='lat'>89)</span> <span class='ocrx_word' id='word_1_333' title='bbox 443 2733 504 2768; x_wconf 87' lang='lat' dir='ltr'>oum</span> <span class='ocrx_word' id='word_1_334' title='bbox 517 2734 620 2768; x_wconf 87' lang='lat' dir='ltr'>murum</span> <span class='ocrx_word' id='word_1_335' title='bbox 638 2717 684 2768; x_wconf 88' lang='lat' dir='ltr'>bic</span> <span class='ocrx_word' id='word_1_336' title='bbox 697 2717 777 2767; x_wconf 89' lang='lat' dir='ltr'>intel·</span> <span class='ocrx_word' id='word_1_337' title='bbox 828 2718 962 2769; x_wconf 83' lang='lat' dir='ltr'>Herodoti</span> <span class='ocrx_word' id='word_1_338' title='bbox 980 2719 1065 2769; x_wconf 84' lang='lat' dir='ltr'>verbs</span> <span class='ocrx_word' id='word_1_339' title='bbox 1084 2719 1160 2776; x_wconf 90' lang='lat' dir='ltr'><strong>(VII,</strong></span> <span class='ocrx_word' id='word_1_340' title='bbox 1178 2717 1221 2773; x_wconf 73' lang='lat'>7²)</span> <span class='ocrx_word' id='word_1_341' title='bbox 1239 2717 1273 2768; x_wconf 87' lang='lat' dir='ltr'>dc</span> <span class='ocrx_word' id='word_1_342' title='bbox 1291 2716 1372 2767; x_wconf 84' lang='lat' dir='ltr'>Cleo·</span> 
     </span>
     <span class='ocr_line' id='line_1_32' title="bbox 228 2735 1373 2917; baseline 0.002 -17"><span class='ocrx_word' id='word_1_343' title='bbox 228 2735 777 2902; x_wconf 59' lang='lat' dir='ltr'>hiltinililttll‘ttt&#39;til</span> <span class='ocrx_word' id='word_1_344' title='bbox 828 2802 920 2903; x_wconf 62' lang='lat' dir='ltr'>lili</span> <span class='ocrx_word' id='word_1_345' title='bbox 935 2776 1373 2917; x_wconf 58' lang='lat' dir='ltr'>‘illiniti:blitiri</span> 
     </span>
     <span class='ocr_line' id='line_1_33' title="bbox 620 2879 1372 2916; baseline 0 -2"><span class='ocrx_word' id='word_1_346' title='bbox 620 2887 627 2913; x_wconf 79' lang='lat' dir='ltr'>t</span> <span class='ocrx_word' id='word_1_347' title='bbox 697 2889 704 2916; x_wconf 75' lang='lat' dir='ltr'>t</span> <span class='ocrx_word' id='word_1_348' title='bbox 768 2880 777 2888; x_wconf 90' lang='grc'><em>“</em></span> <span class='ocrx_word' id='word_1_349' title='bbox 910 2891 917 2914; x_wconf 81' lang='lat' dir='ltr'>r</span> <span class='ocrx_word' id='word_1_350' title='bbox 1361 2879 1372 2886; x_wconf 86' lang='lat'>&#39;</span> 
     </span>
     <span class='ocr_line' id='line_1_34' title="bbox 229 2911 1372 2986; baseline 0 -17"><span class='ocrx_word' id='word_1_351' title='bbox 229 2911 366 2982; x_wconf 76' lang='grc' dir='ltr'><strong><em>λαονικόν</em></strong></span> <span class='ocrx_word' id='word_1_352' title='bbox 378 2919 485 2982; x_wconf 72' lang='grc' dir='ltr'><strong><em>τεῖχος,</em></strong></span> <span class='ocrx_word' id='word_1_353' title='bbox 499 2923 530 2968; x_wconf 90' lang='lat' dir='ltr'>nt</span> <span class='ocrx_word' id='word_1_354' title='bbox 541 2920 641 2969; x_wconf 85' lang='lat' dir='ltr'>Noster</span> <span class='ocrx_word' id='word_1_355' title='bbox 654 2919 776 2984; x_wconf 87' lang='lat' dir='ltr'>appella·</span> <span class='ocrx_word' id='word_1_356' title='bbox 828 2925 915 2970; x_wconf 87' lang='lat' dir='ltr'>terum</span> <span class='ocrx_word' id='word_1_357' title='bbox 932 2921 1075 2971; x_wconf 75' lang='lat' dir='ltr'>Minervae</span> <span class='ocrx_word' id='word_1_358' title='bbox 1092 2919 1221 2986; x_wconf 88' lang='lat' dir='ltr'>templum</span> <span class='ocrx_word' id='word_1_359' title='bbox 1242 2937 1263 2970; x_wconf 86' lang='lat' dir='ltr'>s.</span> <span class='ocrx_word' id='word_1_360' title='bbox 1281 2920 1372 2970; x_wconf 89' lang='lat' dir='ltr'>Heca·</span> 
     </span>
     <span class='ocr_line' id='line_1_35' title="bbox 229 2983 1371 3053; baseline 0 -16"><span class='ocrx_word' id='word_1_361' title='bbox 229 2988 270 3037; x_wconf 86' lang='lat' dir='ltr'>uit</span> <span class='ocrx_word' id='word_1_362' title='bbox 288 2985 323 3046; x_wconf 87' lang='lat' dir='ltr'>V,</span> <span class='ocrx_word' id='word_1_363' title='bbox 341 2983 375 3034; x_wconf 93' lang='grc'>64</span> <span class='ocrx_word' id='word_1_364' title='bbox 398 2983 456 3046; x_wconf 85' lang='lat' dir='ltr'>(ubi</span> <span class='ocrx_word' id='word_1_365' title='bbox 479 2986 534 3036; x_wconf 85' lang='lat' dir='ltr'>vid.</span> <span class='ocrx_word' id='word_1_366' title='bbox 557 2985 662 3049; x_wconf 83' lang='lat' dir='ltr'>nott.).;</span> <span class='ocrx_word' id='word_1_367' title='bbox 687 2987 777 3052; x_wconf 77' lang='lat' dir='ltr'>egitur</span> <span class='ocrx_word' id='word_1_368' title='bbox 828 2987 974 3053; x_wconf 87' lang='lat' dir='ltr'>tompedon</span> <span class='ocrx_word' id='word_1_369' title='bbox 987 2987 1069 3037; x_wconf 89' lang='lat' dir='ltr'>retuli</span> <span class='ocrx_word' id='word_1_370' title='bbox 1081 2985 1155 3053; x_wconf 81' lang='lat' dir='ltr'>(pag.</span> <span class='ocrx_word' id='word_1_371' title='bbox 1168 2987 1224 3038; x_wconf 81' lang='lat'><strong>137.</strong></span> <span class='ocrx_word' id='word_1_372' title='bbox 1238 2987 1299 3036; x_wconf 92' lang='lat' dir='ltr'>Vol.</span> <span class='ocrx_word' id='word_1_373' title='bbox 1309 2987 1371 3050; x_wconf 87' lang='grc' dir='ltr'>ΙΙΙ),</span> 
     </span>
     <span class='ocr_line' id='line_1_36' title="bbox 229 3051 1372 3120; baseline 0.002 -17"><span class='ocrx_word' id='word_1_374' title='bbox 229 3054 333 3119; x_wconf 85' lang='lat' dir='ltr'>potius,</span> <span class='ocrx_word' id='word_1_375' title='bbox 352 3053 377 3102; x_wconf 88' lang='lat' dir='ltr'>ai</span> <span class='ocrx_word' id='word_1_376' title='bbox 395 3051 459 3116; x_wconf 88' lang='lat' dir='ltr'>quid</span> <span class='ocrx_word' id='word_1_377' title='bbox 477 3053 572 3114; x_wconf 84' lang='lat' dir='ltr'>video,</span> <span class='ocrx_word' id='word_1_378' title='bbox 592 3053 626 3102; x_wconf 93' lang='lat' dir='ltr'>de</span> <span class='ocrx_word' id='word_1_379' title='bbox 646 3069 677 3103; x_wconf 89' lang='lat' dir='ltr'>eo</span> <span class='ocrx_word' id='word_1_380' title='bbox 690 3069 775 3114; x_wconf 88' lang='lat' dir='ltr'>muro,</span> <span class='ocrx_word' id='word_1_381' title='bbox 830 3056 864 3104; x_wconf 83' lang='lat' dir='ltr'>ed</span> <span class='ocrx_word' id='word_1_382' title='bbox 882 3055 953 3120; x_wconf 91' lang='lat' dir='ltr'>quod</span> <span class='ocrx_word' id='word_1_383' title='bbox 971 3055 1100 3120; x_wconf 87' lang='lat' dir='ltr'>templum</span> <span class='ocrx_word' id='word_1_384' title='bbox 1118 3056 1168 3106; x_wconf 91' lang='lat' dir='ltr'>hoc</span> <span class='ocrx_word' id='word_1_385' title='bbox 1187 3070 1293 3120; x_wconf 89' lang='lat' dir='ltr'>quoque</span> <span class='ocrx_word' id='word_1_386' title='bbox 1311 3054 1372 3105; x_wconf 88' lang='lat' dir='ltr'>loco</span> 
     </span>
     <span class='ocr_line' id='line_1_37' title="bbox 230 3115 1372 3188; baseline 0.002 -18"><span class='ocrx_word' id='word_1_387' title='bbox 230 3122 277 3186; x_wconf 91' lang='lat' dir='ltr'>qui</span> <span class='ocrx_word' id='word_1_388' title='bbox 295 3119 330 3170; x_wconf 87' lang='lat' dir='ltr'>ed</span> <span class='ocrx_word' id='word_1_389' title='bbox 342 3118 519 3170; x_wconf 81' lang='lat' dir='ltr'>occidentale</span> <span class='ocrx_word' id='word_1_390' title='bbox 538 3122 610 3170; x_wconf 88' lang='lat' dir='ltr'>arcis</span> <span class='ocrx_word' id='word_1_391' title='bbox 623 3119 709 3181; x_wconf 82' lang='lat' dir='ltr'>lotus,</span> <span class='ocrx_word' id='word_1_392' title='bbox 729 3121 777 3170; x_wconf 91' lang='lat' dir='ltr'>ubi</span> <span class='ocrx_word' id='word_1_393' title='bbox 828 3115 859 3172; x_wconf 89' lang='grc' dir='ltr'><strong><em>τό</em></strong></span> <span class='ocrx_word' id='word_1_394' title='bbox 872 3116 998 3188; x_wconf 77' lang='grc' dir='ltr'><strong><em>μέγαρον</em></strong></span> <span class='ocrx_word' id='word_1_395' title='bbox 1011 3129 1074 3187; x_wconf 82' lang='lat' dir='ltr'>epte</span> <span class='ocrx_word' id='word_1_396' title='bbox 1087 3123 1185 3172; x_wconf 80' lang='lat' dir='ltr'>referri</span> <span class='ocrx_word' id='word_1_397' title='bbox 1196 3123 1299 3187; x_wconf 85' lang='lat' dir='ltr'>nequit.</span> <span class='ocrx_word' id='word_1_398' title='bbox 1319 3121 1372 3172; x_wconf 85' lang='lat' dir='ltr'>Illa</span> 
     </span>
     <span class='ocr_line' id='line_1_38' title="bbox 229 3187 1372 3254; baseline 0.001 -17"><span class='ocrx_word' id='word_1_399' title='bbox 229 3188 356 3238; x_wconf 86' lang='lat' dir='ltr'>introitus</span> <span class='ocrx_word' id='word_1_400' title='bbox 375 3193 436 3236; x_wconf 84' lang='lat' dir='ltr'>erat</span> <span class='ocrx_word' id='word_1_401' title='bbox 453 3187 658 3253; x_wconf 79' lang='lat' dir='ltr'>adscensnsque</span> <span class='ocrx_word' id='word_1_402' title='bbox 682 3189 717 3238; x_wconf 85' lang='lat' dir='ltr'>ad</span> <span class='ocrx_word' id='word_1_403' title='bbox 734 3205 776 3238; x_wconf 84' lang='lat' dir='ltr'>nr·</span> <span class='ocrx_word' id='word_1_404' title='bbox 827 3191 971 3240; x_wconf 78' lang='lat' dir='ltr'>Minervae</span> <span class='ocrx_word' id='word_1_405' title='bbox 983 3189 1104 3240; x_wconf 88' lang='lat' dir='ltr'>Poliadis</span> <span class='ocrx_word' id='word_1_406' title='bbox 1123 3191 1219 3252; x_wconf 82' lang='lat' dir='ltr'>codes,</span> <span class='ocrx_word' id='word_1_407' title='bbox 1239 3189 1274 3239; x_wconf 93' lang='lat' dir='ltr'>nd</span> <span class='ocrx_word' id='word_1_408' title='bbox 1291 3205 1372 3254; x_wconf 86' lang='lat' dir='ltr'>quern</span> 
     </span>
     <span class='ocr_line' id='line_1_39' title="bbox 231 3249 1373 3322; baseline 0.004 -18"><span class='ocrx_word' id='word_1_409' title='bbox 231 3271 290 3305; x_wconf 91' lang='lat' dir='ltr'>cem</span> <span class='ocrx_word' id='word_1_410' title='bbox 303 3254 409 3312; x_wconf 77' lang='lat' dir='ltr'>facilis,</span> <span class='ocrx_word' id='word_1_411' title='bbox 430 3259 583 3306; x_wconf 86' lang='lat' dir='ltr'>exstructus</span> <span class='ocrx_word' id='word_1_412' title='bbox 599 3261 660 3306; x_wconf 86' lang='lat' dir='ltr'>eret</span> <span class='ocrx_word' id='word_1_413' title='bbox 673 3257 707 3306; x_wconf 85' lang='lat' dir='ltr'>nd</span> <span class='ocrx_word' id='word_1_414' title='bbox 719 3271 775 3306; x_wconf 84' lang='lat' dir='ltr'>rna·</span> <span class='ocrx_word' id='word_1_415' title='bbox 828 3249 860 3307; x_wconf 87' lang='grc' dir='ltr'><strong><em>τό</em></strong></span> <span class='ocrx_word' id='word_1_416' title='bbox 869 3251 995 3322; x_wconf 72' lang='grc' dir='ltr'><strong><em>μέγαρον</em></strong></span> <span class='ocrx_word' id='word_1_417' title='bbox 1006 3263 1125 3322; x_wconf 82' lang='lat' dir='ltr'>spectat,</span> <span class='ocrx_word' id='word_1_418' title='bbox 1138 3263 1168 3307; x_wconf 91' lang='lat' dir='ltr'>ut</span> <span class='ocrx_word' id='word_1_419' title='bbox 1181 3257 1373 3322; x_wconf 84' lang='lat' dir='ltr'>antiquissima</span> 
     </span>
     <span class='ocr_line' id='line_1_40' title="bbox 230 3323 1372 3388; baseline -0.001 -14"><span class='ocrx_word' id='word_1_420' title='bbox 230 3325 316 3374; x_wconf 89' lang='lat' dir='ltr'>iorem</span> <span class='ocrx_word' id='word_1_421' title='bbox 342 3323 415 3373; x_wconf 79' lang='lat' dir='ltr'>arcis</span> <span class='ocrx_word' id='word_1_422' title='bbox 439 3325 618 3374; x_wconf 78' lang='lat' dir='ltr'>securitatem</span> <span class='ocrx_word' id='word_1_423' title='bbox 643 3323 776 3388; x_wconf 86' lang='lat' dir='ltr'>simulque</span> <span class='ocrx_word' id='word_1_424' title='bbox 828 3325 1061 3375; x_wconf 80' lang='lat' dir='ltr'>itssnnctissime</span> <span class='ocrx_word' id='word_1_425' title='bbox 1077 3331 1148 3375; x_wconf 87' lang='lat' dir='ltr'>erat:</span> <span class='ocrx_word' id='word_1_426' title='bbox 1166 3326 1193 3374; x_wconf 91' lang='lat' dir='ltr'>in</span> <span class='ocrx_word' id='word_1_427' title='bbox 1209 3325 1372 3374; x_wconf 79' lang='lat' dir='ltr'>henchthe-</span> 
     </span>
     <span class='ocr_line' id='line_1_41' title="bbox 231 3391 1372 3456; baseline -0.002 -13"><span class='ocrx_word' id='word_1_428' title='bbox 231 3392 265 3444; x_wconf 88' lang='lat' dir='ltr'>ad</span> <span class='ocrx_word' id='word_1_429' title='bbox 287 3391 392 3442; x_wconf 85' lang='lat' dir='ltr'>aditum</span> <span class='ocrx_word' id='word_1_430' title='bbox 415 3391 667 3452; x_wconf 78' lang='lat' dir='ltr'>intercludendum,</span> <span class='ocrx_word' id='word_1_431' title='bbox 690 3393 714 3442; x_wconf 87' lang='lat' dir='ltr'>si</span> <span class='ocrx_word' id='word_1_432' title='bbox 732 3394 777 3456; x_wconf 88' lang='lat' dir='ltr'>qui</span> <span class='ocrx_word' id='word_1_433' title='bbox 828 3395 940 3443; x_wconf 88' lang='lat' dir='ltr'>nienses</span> <span class='ocrx_word' id='word_1_434' title='bbox 969 3393 1161 3456; x_wconf 75' lang='lat' dir='ltr'>confugientes</span> <span class='ocrx_word' id='word_1_435' title='bbox 1192 3397 1276 3455; x_wconf 85' lang='lat' dir='ltr'>etque</span> <span class='ocrx_word' id='word_1_436' title='bbox 1302 3395 1372 3442; x_wconf 88' lang='lat' dir='ltr'>anti-</span> 
     </span>
     <span class='ocr_line' id='line_1_42' title="bbox 229 3459 1372 3526; baseline -0.003 -14"><span class='ocrx_word' id='word_1_437' title='bbox 229 3461 322 3512; x_wconf 82' lang='lat' dir='ltr'>hoeteo</span> <span class='ocrx_word' id='word_1_438' title='bbox 342 3461 521 3510; x_wconf 86' lang='lat' dir='ltr'>accederent:</span> <span class='ocrx_word' id='word_1_439' title='bbox 550 3459 604 3510; x_wconf 84' lang='lat' dir='ltr'>hnc</span> <span class='ocrx_word' id='word_1_440' title='bbox 628 3461 699 3509; x_wconf 87' lang='lat' dir='ltr'>enim</span> <span class='ocrx_word' id='word_1_441' title='bbox 718 3459 777 3510; x_wconf 82' lang='lat' dir='ltr'>sole</span> <span class='ocrx_word' id='word_1_442' title='bbox 830 3477 909 3526; x_wconf 87' lang='lat' dir='ltr'>quum</span> <span class='ocrx_word' id='word_1_443' title='bbox 922 3460 991 3510; x_wconf 84' lang='lat' dir='ltr'>dene</span> <span class='ocrx_word' id='word_1_444' title='bbox 1004 3461 1111 3526; x_wconf 84' lang='lat' dir='ltr'>signum</span> <span class='ocrx_word' id='word_1_445' title='bbox 1125 3459 1301 3523; x_wconf 78' lang='lat' dir='ltr'>(Palladium)</span> <span class='ocrx_word' id='word_1_446' title='bbox 1316 3475 1372 3509; x_wconf 82' lang='lat' dir='ltr'>nni·</span> 
     </span>
     <span class='ocr_line' id='line_1_43' title="bbox 230 3523 1372 3594; baseline -0.002 -16"><span class='ocrx_word' id='word_1_447' title='bbox 230 3529 303 3579; x_wconf 81' lang='lat' dir='ltr'>ercis</span> <span class='ocrx_word' id='word_1_448' title='bbox 316 3533 395 3594; x_wconf 85' lang='lat' dir='ltr'>perte</span> <span class='ocrx_word' id='word_1_449' title='bbox 414 3544 448 3578; x_wconf 89' lang='lat' dir='ltr'>ea</span> <span class='ocrx_word' id='word_1_450' title='bbox 461 3533 535 3579; x_wconf 89' lang='lat' dir='ltr'>certe</span> <span class='ocrx_word' id='word_1_451' title='bbox 550 3532 657 3591; x_wconf 85' lang='lat' dir='ltr'>aetate,</span> <span class='ocrx_word' id='word_1_452' title='bbox 676 3527 709 3577; x_wconf 89' lang='lat' dir='ltr'>dc</span> <span class='ocrx_word' id='word_1_453' title='bbox 724 3543 777 3592; x_wconf 85' lang='lat' dir='ltr'>que</span> <span class='ocrx_word' id='word_1_454' title='bbox 829 3527 997 3594; x_wconf 84' lang='lat' dir='ltr'>plectentes,</span> <span class='ocrx_word' id='word_1_455' title='bbox 1017 3533 1146 3592; x_wconf 80' lang='lat' dir='ltr'>tanquam</span> <span class='ocrx_word' id='word_1_456' title='bbox 1160 3523 1266 3588; x_wconf 77' lang='grc' dir='ltr'><strong><em>[κε’ται,</em></strong></span> <span class='ocrx_word' id='word_1_457' title='bbox 1280 3527 1372 3578; x_wconf 84' lang='lat' dir='ltr'>salvos</span> 
     </span>
     <span class='ocr_line' id='line_1_44' title="bbox 230 3590 1372 3661; baseline 0 -17"><span class='ocrx_word' id='word_1_458' title='bbox 230 3596 256 3644; x_wconf 92' lang='lat' dir='ltr'>h.</span> <span class='ocrx_word' id='word_1_459' title='bbox 275 3595 294 3644; x_wconf 91' lang='lat' dir='ltr'>l.</span> <span class='ocrx_word' id='word_1_460' title='bbox 314 3597 418 3660; x_wconf 84' lang='lat' dir='ltr'>agitur,</span> <span class='ocrx_word' id='word_1_461' title='bbox 444 3590 476 3646; x_wconf 85' lang='grc' dir='ltr'><strong><em>τό</em></strong></span> <span class='ocrx_word' id='word_1_462' title='bbox 499 3597 593 3661; x_wconf 78' lang='grc' dir='ltr'><strong><em>τεῖχος</em></strong></span> <span class='ocrx_word' id='word_1_463' title='bbox 611 3601 777 3646; x_wconf 86' lang='lat' dir='ltr'>exstructum</span> <span class='ocrx_word' id='word_1_464' title='bbox 828 3611 858 3646; x_wconf 89' lang='lat' dir='ltr'>ee</span> <span class='ocrx_word' id='word_1_465' title='bbox 884 3597 942 3646; x_wconf 87' lang='lat' dir='ltr'>fore</span> <span class='ocrx_word' id='word_1_466' title='bbox 967 3601 1124 3661; x_wconf 83' lang='lat' dir='ltr'>sperarent,</span> <span class='ocrx_word' id='word_1_467' title='bbox 1153 3613 1214 3646; x_wconf 83' lang='lat' dir='ltr'>mox</span> <span class='ocrx_word' id='word_1_468' title='bbox 1239 3600 1330 3646; x_wconf 84' lang='lat' dir='ltr'>temen</span> <span class='ocrx_word' id='word_1_469' title='bbox 1356 3611 1372 3644; x_wconf 88' lang='lat' dir='ltr'>e</span> 
     </span>
     <span class='ocr_line' id='line_1_45' title="bbox 229 3661 1374 3746; baseline 0.001 -36"><span class='ocrx_word' id='word_1_470' title='bbox 229 3663 315 3711; x_wconf 87' lang='lat' dir='ltr'>luisse</span> <span class='ocrx_word' id='word_1_471' title='bbox 327 3663 453 3714; x_wconf 82' lang='lat' dir='ltr'>arbitror.</span> <span class='ocrx_word' id='word_1_472' title='bbox 477 3665 519 3714; x_wconf 80' lang='lat' dir='ltr'>Ad</span> <span class='ocrx_word' id='word_1_473' title='bbox 529 3665 601 3714; x_wconf 85' lang='lat' dir='ltr'>hanc</span> <span class='ocrx_word' id='word_1_474' title='bbox 615 3679 720 3728; x_wconf 90' lang='lat' dir='ltr'>qnoque</span> <span class='ocrx_word' id='word_1_475' title='bbox 735 3679 777 3713; x_wconf 82' lang='lat' dir='ltr'>nr·</span> <span class='ocrx_word' id='word_1_476' title='bbox 828 3665 920 3715; x_wconf 79' lang='lat' dir='ltr'>Persic</span> <span class='ocrx_word' id='word_1_477' title='bbox 933 3664 1065 3746; x_wconf 68' lang='lat' dir='ltr'>ingressis</span> <span class='ocrx_word' id='word_1_478' title='bbox 1075 3664 1216 3714; x_wconf 88' lang='lat' dir='ltr'>interlecti</span> <span class='ocrx_word' id='word_1_479' title='bbox 1229 3668 1304 3722; x_wconf 62' lang='grc' dir='ltr'><strong><em>οιτον,</em></strong></span> <span class='ocrx_word' id='word_1_480' title='bbox 1318 3661 1374 3712; x_wconf 80' lang='grc' dir='ltr'>τῶν</span> 
     </span>
     <span class='ocr_line' id='line_1_46' title="bbox 230 3720 1372 3810; baseline 0.004 -34"><span class='ocrx_word' id='word_1_481' title='bbox 230 3729 270 3777; x_wconf 90' lang='lat' dir='ltr'>cis</span> <span class='ocrx_word' id='word_1_482' title='bbox 284 3733 389 3792; x_wconf 80' lang='lat' dir='ltr'>partem</span> <span class='ocrx_word' id='word_1_483' title='bbox 403 3731 503 3795; x_wconf 81' lang='lat' dir='ltr'>refero,</span> <span class='ocrx_word' id='word_1_484' title='bbox 518 3731 589 3796; x_wconf 90' lang='lat' dir='ltr'>quod</span> <span class='ocrx_word' id='word_1_485' title='bbox 599 3747 682 3796; x_wconf 86' lang='lat' dir='ltr'>supro</span> <span class='ocrx_word' id='word_1_486' title='bbox 692 3731 776 3792; x_wconf 84' lang='lat' dir='ltr'><strong>(VIII,</strong></span> <span class='ocrx_word' id='word_1_487' title='bbox 830 3725 862 3782; x_wconf 73' lang='lat' dir='ltr'>di</span> <span class='ocrx_word' id='word_1_488' title='bbox 883 3731 1027 3810; x_wconf 79' lang='grc' dir='ltr'><strong><em>Περοεων,</em></strong></span> <span class='ocrx_word' id='word_1_489' title='bbox 1052 3733 1093 3780; x_wconf 87' lang='lat' dir='ltr'>eit</span> <span class='ocrx_word' id='word_1_490' title='bbox 1114 3731 1226 3788; x_wconf 83' lang='lat' dir='ltr'>Noster,</span> <span class='ocrx_word' id='word_1_491' title='bbox 1252 3723 1282 3779; x_wconf 79' lang='grc' dir='ltr'><strong><em>οἱ</em></strong></span> <span class='ocrx_word' id='word_1_492' title='bbox 1301 3720 1372 3780; x_wconf 80' lang='grc' dir='ltr'><strong><em>α’να-</em></strong></span> 
     </span>
     <span class='ocr_line' id='line_1_47' title="bbox 229 3789 1372 3865; baseline 0.003 -21"><span class='ocrx_word' id='word_1_493' title='bbox 229 3793 272 3854; x_wconf 81' lang='grc'>54)</span> <span class='ocrx_word' id='word_1_494' title='bbox 285 3793 370 3857; x_wconf 80' lang='lat' dir='ltr'>lignis</span> <span class='ocrx_word' id='word_1_495' title='bbox 380 3797 536 3864; x_wconf 78' lang='lat' dir='ltr'>tabulisque</span> <span class='ocrx_word' id='word_1_496' title='bbox 551 3814 642 3848; x_wconf 86' lang='lat' dir='ltr'>arcem</span> <span class='ocrx_word' id='word_1_497' title='bbox 655 3799 776 3863; x_wconf 85' lang='lat' dir='ltr'>espeisse</span> <span class='ocrx_word' id='word_1_498' title='bbox 828 3798 981 3865; x_wconf 80' lang='grc' dir='ltr'><strong><em>βεβηκοτες</em></strong></span> <span class='ocrx_word' id='word_1_499' title='bbox 1005 3798 1116 3861; x_wconf 75' lang='grc' dir='ltr'><strong><em>πρῶτον</em></strong></span> <span class='ocrx_word' id='word_1_500' title='bbox 1140 3793 1193 3864; x_wconf 73' lang='grc' dir='ltr'><strong><em>μὲν</em></strong></span> <span class='ocrx_word' id='word_1_501' title='bbox 1215 3789 1372 3860; x_wconf 72' lang='grc' dir='ltr'><strong><em>ἐτράποντο</em></strong></span> 
     </span>
     <span class='ocr_line' id='line_1_48' title="bbox 230 3858 1373 3930; baseline 0.003 -20"><span class='ocrx_word' id='word_1_502' title='bbox 230 3861 358 3910; x_wconf 88' lang='lat' dir='ltr'>dicuutur</span> <span class='ocrx_word' id='word_1_503' title='bbox 367 3861 550 3916; x_wconf 80' lang='lat' dir='ltr'>Athenienses</span> <span class='ocrx_word' id='word_1_504' title='bbox 561 3867 590 3915; x_wconf 88' lang='lat' dir='ltr'>in</span> <span class='ocrx_word' id='word_1_505' title='bbox 601 3882 665 3916; x_wconf 84' lang='lat' dir='ltr'>arce</span> <span class='ocrx_word' id='word_1_506' title='bbox 676 3865 774 3926; x_wconf 85' lang='lat' dir='ltr'>rolicti,</span> <span class='ocrx_word' id='word_1_507' title='bbox 828 3859 899 3930; x_wconf 82' lang='grc' dir='ltr'><strong><em>πρὸς</em></strong></span> <span class='ocrx_word' id='word_1_508' title='bbox 917 3859 968 3924; x_wconf 80' lang='grc' dir='ltr'><strong><em>τός</em></strong></span> <span class='ocrx_word' id='word_1_509' title='bbox 984 3858 1088 3928; x_wconf 82' lang='grc' dir='ltr'><strong><em>πόλος,</em></strong></span> <span class='ocrx_word' id='word_1_510' title='bbox 1114 3861 1220 3924; x_wconf 77' lang='grc' dir='ltr'><strong><em>ταύτας</em></strong></span> <span class='ocrx_word' id='word_1_511' title='bbox 1242 3859 1273 3915; x_wconf 73' lang='lat' dir='ltr'>di</span> <span class='ocrx_word' id='word_1_512' title='bbox 1292 3858 1373 3915; x_wconf 81' lang='grc' dir='ltr'><strong><em>α’νοί-</em></strong></span> 
     </span>
     <span class='ocr_line' id='line_1_49' title="bbox 229 3924 1373 3998; baseline 0.003 -19"><span class='ocrx_word' id='word_1_513' title='bbox 229 3927 351 3992; x_wconf 86' lang='lat' dir='ltr'>reliquas</span> <span class='ocrx_word' id='word_1_514' title='bbox 364 3928 436 3978; x_wconf 83' lang='lat' dir='ltr'>ercle</span> <span class='ocrx_word' id='word_1_515' title='bbox 449 3936 558 3994; x_wconf 88' lang='lat' dir='ltr'>partes,</span> <span class='ocrx_word' id='word_1_516' title='bbox 572 3934 719 3998; x_wconf 85' lang='lat' dir='ltr'>praecipuo</span> <span class='ocrx_word' id='word_1_517' title='bbox 734 3949 775 3982; x_wconf 84' lang='lat' dir='ltr'>se·</span> <span class='ocrx_word' id='word_1_518' title='bbox 829 3933 927 3995; x_wconf 78' lang='grc' dir='ltr'><strong><em>ξαντες</em></strong></span> <span class='ocrx_word' id='word_1_519' title='bbox 948 3925 1013 3991; x_wconf 69' lang='lat' dir='ltr'>coris</span> <span class='ocrx_word' id='word_1_520' title='bbox 1032 3927 1127 3992; x_wconf 77' lang='grc' dir='ltr'><strong><em>ἱκέτας</em></strong></span> <span class='ocrx_word' id='word_1_521' title='bbox 1146 3924 1300 3997; x_wconf 77' lang='grc' dir='ltr'><strong><em>ἐφόνευον,</em></strong></span> <span class='ocrx_word' id='word_1_522' title='bbox 1325 3933 1373 3983; x_wconf 91' lang='lat' dir='ltr'>ubi</span> 
     </span>
     <span class='ocr_line' id='line_1_50' title="bbox 228 3993 1374 4067; baseline 0.005 -22"><span class='ocrx_word' id='word_1_523' title='bbox 228 3994 444 4061; x_wconf 86' lang='lat' dir='ltr'>ptentrionalem</span> <span class='ocrx_word' id='word_1_524' title='bbox 462 3997 517 4047; x_wconf 90' lang='lat' dir='ltr'>loci</span> <span class='ocrx_word' id='word_1_525' title='bbox 533 4007 633 4049; x_wconf 84' lang='lat' dir='ltr'>nature</span> <span class='ocrx_word' id='word_1_526' title='bbox 652 4003 720 4050; x_wconf 83' lang='lat' dir='ltr'>entis</span> <span class='ocrx_word' id='word_1_527' title='bbox 736 4005 776 4049; x_wconf 89' lang='lat' dir='ltr'>tn·</span> <span class='ocrx_word' id='word_1_528' title='bbox 827 3993 878 4056; x_wconf 78' lang='grc' dir='ltr'><strong><em>τὰς</em></strong></span> <span class='ocrx_word' id='word_1_529' title='bbox 895 3993 986 4058; x_wconf 82' lang='grc' dir='ltr'><strong><em>πόλος</em></strong></span> <span class='ocrx_word' id='word_1_530' title='bbox 1007 4001 1080 4050; x_wconf 85' lang='lat' dir='ltr'>hand</span> <span class='ocrx_word' id='word_1_531' title='bbox 1098 4001 1224 4067; x_wconf 81' lang='lat' dir='ltr'>intelligo</span> <span class='ocrx_word' id='word_1_532' title='bbox 1243 4001 1276 4050; x_wconf 89' lang='lat' dir='ltr'>de</span> <span class='ocrx_word' id='word_1_533' title='bbox 1296 4001 1374 4051; x_wconf 83' lang='lat' dir='ltr'>aedis</span> 
     </span>
     <span class='ocr_line' id='line_1_51' title="bbox 230 4063 1372 4133; baseline 0.004 -20"><span class='ocrx_word' id='word_1_534' title='bbox 230 4063 344 4114; x_wconf 83' lang='lat' dir='ltr'>tabatur</span> <span class='ocrx_word' id='word_1_535' title='bbox 367 4078 501 4128; x_wconf 87' lang='lat' dir='ltr'>rupesque</span> <span class='ocrx_word' id='word_1_536' title='bbox 530 4068 697 4131; x_wconf 83' lang='lat' dir='ltr'>praecipites</span> <span class='ocrx_word' id='word_1_537' title='bbox 721 4084 775 4117; x_wconf 88' lang='lat' dir='ltr'>om·</span> <span class='ocrx_word' id='word_1_538' title='bbox 828 4067 908 4118; x_wconf 87' lang='lat' dir='ltr'>huius</span> <span class='ocrx_word' id='word_1_539' title='bbox 925 4068 1011 4132; x_wconf 81' lang='lat' dir='ltr'>portis</span> <span class='ocrx_word' id='word_1_540' title='bbox 1024 4085 1045 4121; x_wconf 83' lang='lat' dir='ltr'>s.</span> <span class='ocrx_word' id='word_1_541' title='bbox 1060 4069 1164 4128; x_wconf 81' lang='lat' dir='ltr'>ianuis,</span> <span class='ocrx_word' id='word_1_542' title='bbox 1185 4069 1301 4133; x_wconf 78' lang='lat' dir='ltr'>adquae</span> <span class='ocrx_word' id='word_1_543' title='bbox 1317 4070 1372 4133; x_wconf 88' lang='lat' dir='ltr'>pri-</span> 
     </span>
     <span class='ocr_line' id='line_1_52' title="bbox 232 4131 1372 4200; baseline 0.004 -20"><span class='ocrx_word' id='word_1_544' title='bbox 232 4146 294 4180; x_wconf 88' lang='lat' dir='ltr'>nam</span> <span class='ocrx_word' id='word_1_545' title='bbox 309 4143 450 4180; x_wconf 86' lang='lat' dir='ltr'>nccessum</span> <span class='ocrx_word' id='word_1_546' title='bbox 466 4131 662 4196; x_wconf 84' lang='lat' dir='ltr'>impediebant.</span> <span class='ocrx_word' id='word_1_547' title='bbox 682 4135 775 4199; x_wconf 88' lang='lat' dir='ltr'>Neque</span> <span class='ocrx_word' id='word_1_548' title='bbox 829 4150 900 4184; x_wconf 87' lang='lat' dir='ltr'>mum</span> <span class='ocrx_word' id='word_1_549' title='bbox 924 4150 953 4184; x_wconf 90' lang='lat' dir='ltr'>se</span> <span class='ocrx_word' id='word_1_550' title='bbox 975 4135 1077 4186; x_wconf 87' lang='lat' dir='ltr'>Perenc</span> <span class='ocrx_word' id='word_1_551' title='bbox 1102 4135 1290 4187; x_wconf 87' lang='lat' dir='ltr'>converterint</span> <span class='ocrx_word' id='word_1_552' title='bbox 1313 4137 1372 4200; x_wconf 89' lang='lat' dir='ltr'>qui-</span> 
     </span>
     <span class='ocr_line' id='line_1_53' title="bbox 233 4197 1372 4276; baseline 0.004 -28"><span class='ocrx_word' id='word_1_553' title='bbox 233 4198 317 4248; x_wconf 86' lang='lat' dir='ltr'>nliter</span> <span class='ocrx_word' id='word_1_554' title='bbox 341 4197 483 4262; x_wconf 78' lang='lat' dir='ltr'>(loettling</span> <span class='ocrx_word' id='word_1_555' title='bbox 507 4199 703 4276; x_wconf 25' lang='lat' dir='ltr'>(5Gesnmmelte</span> <span class='ocrx_word' id='word_1_556' title='bbox 724 4203 778 4251; x_wconf 88' lang='lat' dir='ltr'>Ab·</span> <span class='ocrx_word' id='word_1_557' title='bbox 828 4203 931 4266; x_wconf 88' lang='lat' dir='ltr'>bneque</span> <span class='ocrx_word' id='word_1_558' title='bbox 944 4205 1049 4268; x_wconf 81' lang='lat' dir='ltr'>apertis</span> <span class='ocrx_word' id='word_1_559' title='bbox 1066 4204 1205 4269; x_wconf 83' lang='lat' dir='ltr'>supplices</span> <span class='ocrx_word' id='word_1_560' title='bbox 1224 4204 1372 4254; x_wconf 83' lang='lat' dir='ltr'>interfece-</span> 
     </span>
     <span class='ocr_line' id='line_1_54' title="bbox 232 4264 1373 4336; baseline 0.004 -20"><span class='ocrx_word' id='word_1_561' title='bbox 232 4264 337 4316; x_wconf 82' lang='lat' dir='ltr'>hnndll.</span> <span class='ocrx_word' id='word_1_562' title='bbox 355 4281 419 4332; x_wconf 78' lang='lat' dir='ltr'>pag.</span> <span class='ocrx_word' id='word_1_563' title='bbox 432 4265 475 4328; x_wconf 75' lang='lat'>72)</span> <span class='ocrx_word' id='word_1_564' title='bbox 493 4281 524 4316; x_wconf 90' lang='grc' dir='ltr'>το</span> <span class='ocrx_word' id='word_1_565' title='bbox 541 4268 634 4330; x_wconf 74' lang='grc' dir='ltr'><strong><em>τεῖχος</em></strong></span> <span class='ocrx_word' id='word_1_566' title='bbox 651 4269 684 4318; x_wconf 91' lang='lat' dir='ltr'>dc</span> <span class='ocrx_word' id='word_1_567' title='bbox 702 4284 777 4318; x_wconf 87' lang='lat' dir='ltr'>muro</span> <span class='ocrx_word' id='word_1_568' title='bbox 829 4270 895 4318; x_wconf 90' lang='lat' dir='ltr'>rint:</span> <span class='ocrx_word' id='word_1_569' title='bbox 915 4269 965 4319; x_wconf 91' lang='lat' dir='ltr'>has</span> <span class='ocrx_word' id='word_1_570' title='bbox 978 4271 1049 4320; x_wconf 90' lang='lat' dir='ltr'>enim</span> <span class='ocrx_word' id='word_1_571' title='bbox 1063 4277 1155 4336; x_wconf 83' lang='lat' dir='ltr'>portes</span> <span class='ocrx_word' id='word_1_572' title='bbox 1173 4287 1194 4320; x_wconf 92' lang='lat' dir='ltr'>s.</span> <span class='ocrx_word' id='word_1_573' title='bbox 1209 4271 1306 4321; x_wconf 87' lang='lat' dir='ltr'>ianuae</span> <span class='ocrx_word' id='word_1_574' title='bbox 1319 4271 1373 4320; x_wconf 90' lang='lat' dir='ltr'>No·</span> 
     </span>
     <span class='ocr_line' id='line_1_55' title="bbox 233 4332 1372 4404; baseline 0.002 -18"><span class='ocrx_word' id='word_1_575' title='bbox 233 4332 268 4386; x_wconf 88' lang='lat' dir='ltr'>ad</span> <span class='ocrx_word' id='word_1_576' title='bbox 286 4337 381 4402; x_wconf 76' lang='lat' dir='ltr'>portes</span> <span class='ocrx_word' id='word_1_577' title='bbox 398 4333 539 4386; x_wconf 89' lang='lat' dir='ltr'>introitum</span> <span class='ocrx_word' id='word_1_578' title='bbox 556 4335 631 4386; x_wconf 88' lang='lat' dir='ltr'>arcis</span> <span class='ocrx_word' id='word_1_579' title='bbox 649 4335 777 4387; x_wconf 87' lang='lat' dir='ltr'>clauden·</span> <span class='ocrx_word' id='word_1_580' title='bbox 830 4341 887 4386; x_wconf 80' lang='lat' dir='ltr'>nter</span> <span class='ocrx_word' id='word_1_581' title='bbox 901 4337 969 4388; x_wconf 88' lang='lat' dir='ltr'>dicit</span> <span class='ocrx_word' id='word_1_582' title='bbox 982 4333 1084 4401; x_wconf 77' lang='grc' dir='ltr'><strong><em>θύρας,</em></strong></span> <span class='ocrx_word' id='word_1_583' title='bbox 1098 4339 1154 4388; x_wconf 85' lang='lat' dir='ltr'>vid.</span> <span class='ocrx_word' id='word_1_584' title='bbox 1166 4339 1199 4401; x_wconf 91' lang='lat' dir='ltr'>V,</span> <span class='ocrx_word' id='word_1_585' title='bbox 1212 4339 1254 4389; x_wconf 80' lang='lat'>72.</span> <span class='ocrx_word' id='word_1_586' title='bbox 1274 4339 1372 4404; x_wconf 84' lang='lat' dir='ltr'>Itaque</span> 
     </span>
    </p>
   </div>
   <div class='ocr_carea' id='block_1_4' title="bbox 0 0 1524 4962">
    <p class='ocr_par' dir='ltr' id='par_1_4' title="bbox 0 0 1524 4962">
     <span class='ocr_line' id='line_1_56' title="bbox 0 0 1524 4962; baseline 0 0"><span class='ocrx_word' id='word_1_587' title='bbox 0 0 1524 4962; x_wconf 95' lang='lat' dir='ltr'> </span> 
     </span>
    </p>
   </div>
  </div>
 </body>
</html>
