2984 4962
266 459 327 521 460
673 453 986 516 COMMENTATIO

265 643 324 681 sum
342 627 482 696 disputata
497 627 637 695 videntur,
659 627 698 680 ita
716 627 823 696 laegeri
838 625 908 679 illam
928 627 1104 692 seutentiam,
1127 643 1181 697 qua
1198 627 1293 681 Carica
1310 628 1400 680 Hero·

265 713 356 766 dotum
372 712 512 764 contendit
526 729 605 764 usum
625 731 686 764 esse
704 711 834 778 dialecto,
856 728 909 764 uon
928 712 1027 780 babeo,
1044 712 1145 782 quibus
1163 713 1319 765 accuratius
1336 731 1399 781 pro-

263 798 331 863 bem,
348 815 399 850 nec
420 797 505 865 magis
523 796 590 850 illud
605 797 786 867 probaverim,
802 795 875 866 quod
893 797 989 850 Carica
1007 797 1057 848 bac
1073 796 1188 850 dialecto
1205 797 1373 866 Hippocrate

264 887 291 935 et
312 881 496 950 logograpbos
515 889 581 934 uso's
600 899 662 934 essa
684 881 729 934 alli
751 881 961 948 contenderunt,
988 898 1048 933 cum
1067 889 1198 950 quattuor
1219 881 1265 934 illa
1287 882 1399 934 Ionismi

263 983 375 1036 genera,
391 982 461 1036 quae
479 966 637 1019 Herodotus
652 967 711 1036 ipse
728 967 746 1020 l.
761 966 779 1018 l.
795 965 906 1032 indicat,
922 966 955 1018 ad
965 965 1084 1021 locorum
1101 965 1287 1020 diversitatem
1305 967 1399 1036 potios

263 1051 457 1124 pertinuerint,
471 1067 550 1120 quam
563 1051 666 1104 adeam
680 1051 915 1118 dicendilormam,
928 1067 991 1120 qua,
1005 1051 1054 1120 qui
1065 1051 1228 1118 scriberent,
1243 1057 1398 1104 uterentur.

263 1137 303 1190 rlc
318 1153 385 1189 sane
400 1136 511 1188 maxima
527 1135 656 1189 credibile
674 1137 718 1205 lit,
738 1137 772 1189 ad
792 1135 1019 1205 logogrspborum
1039 1135 1160 1206 proxime
1181 1135 1400 1189 antecedentium

263 1222 396 1275 rationem
412 1216 509 1274 N'ostri
524 1237 673 1274 sermonem
697 1221 811 1292 propius
828 1221 992 1287 accessisse,
1015 1221 1137 1291 adeoque
1161 1222 1210 1274 lrac
1230 1221 1292 1291 ipsa
1304 1220 1400 1272 Ionica

264 1306 378 1360 dialecto
400 1313 431 1358 ut
451 1305 586 1359 scriberet
601 1307 733 1362 Nostrum
752 1325 783 1360 eo
801 1313 958 1359 commotum
980 1306 1082 1373 luisse,
1100 1305 1173 1375 quod
1190 1306 1238 1375 qni
1254 1306 1400 1358 antecede-

264 1399 327 1444 rent
339 1391 510 1459 logographi,
525 1409 573 1444 eos
591 1391 641 1444 lrac
658 1391 772 1445 dialecto
788 1408 855 1444 usos
877 1409 939 1444 esse
953 1391 1083 1457 vidisset,
1099 1397 1130 1442 ut
1147 1397 1221 1444 recte
1239 1391 1402 1460 pronuntiat

264 1475 408 1543 Goettling
432 1476 460 1526 in
477 1475 596 1530 Praelat.
623 1477 785 1529 adHesiod.
815 1493 877 1546 pag.
896 1474 992 1528 XXXI.
1014 1475 1056 1528 ed.
1077 1475 1191 1528 secund.
1224 1475 1403 1544 Itaquecum

264 1559 401 1612 Bredovio
418 1577 481 1629 pag.
497 1564 523 1614 9.
544 1563 576 1615 10
597 1560 720 1614 existimo
738 1561 896 1614 adhibuisse
917 1579 970 1612 non
990 1559 1099 1612 localem
1113 1559 1230 1630 aliquam
1245 1559 1404 1626 dialectum,

264 1644 360 1714 quales
378 1645 492 1697 luerunt
506 1653 637 1716 quattuor
652 1647 686 1697 ab
710 1646 771 1715 ipso
787 1646 927 1698 Herodoto
944 1652 1178 1716 commemoratae,
1206 1644 1275 1710 „sed
1304 1645 1405 1714 potius

264 1745 449 1798 „communem
469 1731 603 1800 quandam
624 1731 744 1800 priorum
758 1730 1000 1802 (logograpborum
1026 1735 1073 1781 aut
1087 1729 1249 1798 scriptorum
1264 1729 1292 1781 iu
1310 1747 1406 1784 rerum

265 1814 465 1882 „monumentis
482 1815 675 1884 componendis
690 1815 874 1884 versutorum)
897 1815 1008 1884 scriptis
1025 1814 1077 1867 iam
1094 1815 1287 1868 conformatam
1304 1813 1406 1868 litera-

264 1899 350 1969 „riam
366 1899 445 1969 quasi
463 1899 606 1952 dialectum
622 1900 752 1967 ionicam,
769 1917 838 1969 quae
851 1917 900 1970 pro
917 1898 1008 1952 indole
1027 1907 1055 1952 et
1071 1906 1170 1952 natura
1185 1898 1308 1952 cuiusvis
1334 1901 1407 1953 scri-

265 1983 382 2054 ‚,ptoris‚
400 2001 450 2053 pro
462 1990 632 2052 argumento,
651 1985 724 2055 quod
742 1985 794 2038 sibi
809 1985 928 2055 quisque
941 1984 1112 2037 tractandum
1125 1983 1249 2054 sumpsit,
1265 1983 1347 2036 aliam
1362 1985 1409 2038 iu-

265 2069 386 2135 „duebet
408 2069 535 2121 laciem.“
577 2069 616 2122 Ac
638 2069 705 2122 nihil
727 2069 853 2136 dubium,
878 2068 961 2139 quin,
984 2087 1039 2140 qua
1061 2077 1150 2122 aetate
1176 2075 1254 2138 pater
1269 2069 1410 2123 historiae

265 2153 385 2222 scripsit,
401 2153 497 2207 Ionum
512 2153 645 2208 dialectos
661 2156 771 2209 maxime
793 2155 865 2208 culta
881 2162 909 2207 et
923 2161 1075 2224 propagata
1090 2154 1183 2220 inerit,
1199 2153 1272 2206 unde
1289 2155 1410 2222 iactum,

265 2245 297 2291 ut
311 2245 339 2291 et
353 2237 512 2292 Herodotus
530 2245 558 2292 et
572 2239 617 2292 alii
632 2239 677 2292 illa
692 2247 836 2293 uterentur
846 2239 1040 2309 quodammodo
1057 2257 1170 2292 necesse
1187 2233 1309 2306 essctl).
1332 2239 1412 2293 Hinc

205 2387 209 2396 Ι
265 2323 308 2377 vel
322 2325 483 2393 Hellanicus,
499 2325 547 2394 qui
565 2325 698 2378 Herodoti
714 2342 818 2395 suppar
833 2331 971 2392 censetur,
987 2324 1105 2376 Ionicum
1117 2323 1261 2376 dialectum
1276 2324 1303 2375 in
1324 2323 1411 2376 libris

265 2409 325 2461 suis
354 2408 519 2478 praetulisse
541 2409 665 2477 videtur3
691 2411 793 2480 quippe
818 2410 897 2462 cuius
920 2407 947 2460 in
974 2408 1135 2477 fragmentis
1158 2407 1247 2460 adbuc
1267 2409 1411 2478 quaedam

265 2511 413 2562 superesse
438 2494 534 2546 dicunt
557 2494 644 2546 Ionlcl
669 2495 802 2548 sermonis
834 2489 1020 2562 vestigia**)3
1051 2494 1116 2564 quid
1148 2492 1221 2562 quod
1251 2495 1413 2564 Pherecydis

266 2578 395 2630 historias
423 2579 515 2632 eodem
540 2580 635 2632 ionum
662 2597 787 2634 sermone
813 2579 983 2648 conscriptas
1018 2596 1080 2632 esse
1106 2579 1137 2630 fit
1163 2577 1306 2648 probabile
1316 2575 1412 2642 *Illi

265 2679 425 2732 quamquam
443 2681 476 2715 ex
493 2664 561 2733 ipsis
573 2665 742 2732 fragmentis,
758 2681 827 2733 quae
843 2665 876 2716 ad
891 2664 1037 2716 communis
1053 2663 1162 2716 dialecti
1178 2663 1280 2716 formas
1298 2681 1412 2718 semro·

266 2764 325 2800 nem
340 2747 508 2814 Pherecydis
523 2765 685 2802 conversum
705 2749 842 2816 exhibent,
858 2748 924 2801 certi
940 2747 1006 2818 quid
1022 2749 1116 2801 afferri
1132 2748 1237 2817 nequit.
1255 2747 1297 2800 De
1317 2751 1413 2804 Hecu-

265 2841 324 2886 toeo
349 2831 452 2885 Milesio
476 2833 579 2888 diserte
605 2834 690 2886 tradit
713 2835 900 2902 Hermogenes
926 2833 960 2886 de
978 2832 1052 2886 Ideie
1079 2832 1115 2884 II.
1146 2835 1186 2886 1⁴2.
1213 2849 1275 2902 pag.
1303 2837 1362 2889 513
1388 2856 1413 2888 s.

266 2934 292 2986 p.
312 2917 363 2970 399
384 2915 472 2968 Walz.
491 2923 560 2986 etp.
579 2920 629 2972 423
647 2918 824 2988 Spengel.†),
848 2919 1013 2980 Hecataeum
1034 2916 1158 2970 scribens
1180 2933 1258 2970 usum
1278 2936 1348 2972 cese
1378 2923 1414 2992 τῇ

265 2996 396 3072 διαλέκτῳ
410 2991 521 3072 άιιράιῳ
542 2994 617 3072 Ἰάδι,
639 3002 807 3056 Herodotum
834 3021 898 3056 vero
921 3004 1042 3074 ποικίλῃ,
1062 3001 1081 3054 i.
1097 3021 1121 3054 e.
1142 3003 1230 3056 multis
1248 3004 1415 3058 orationum

257 3086 357 3158 Quoia
383 3087 537 3140 atnamerir
562 3089 716 3158 variegata,
742 3094 773 3140 ut
797 3087 913 3157 explicat
940 3085 1106 3155 Wesseling.
1130 3086 1206 3140 Dias.
1232 3087 1342 3143 Herod.
1377 3091 1415 3142 X.

266 3189 292 3240 p.
312 3172 375 3238 146,
391 3170 434 3223 vel
450 3171 543 3241 potius
565 3173 661 3238 mlxtu,
683 3173 701 3224 i.
716 3191 740 3224 e.
757 3191 810 3224 non
827 3189 896 3242 pura
916 3173 1024 3237 Ionica,
1041 3171 1089 3224 sed
1107 3173 1226 3239 vertute,
1249 3172 1314 3224 aliis
1334 3176 1415 3243 epici

267 3263 295 3308 et
311 3254 433 3324 vulgaris
451 3257 584 3310 sermonis
599 3257 693 3310 formis
709 3257 844 3310 admixtis.
879 3257 976 3328 ltaque
990 3257 1189 3325 Hermogenem
1212 3256 1338 3311 indicare
1362 3277 1415 3312 vo-

334 3505 358 3573 *)
376 3509 437 3560 Vid.
451 3508 565 3573 Dionys.
577 3507 668 3558 Halic.
681 3509 728 3558 VI.
743 3525 770 3574 p.
783 3505 841 3558 864.
856 3507 892 3590 (p.
909 3505 963 3558 146.
980 3506 1051 3568 lau:
1075 3499 1105 3556 ol
1121 3498 1154 3556 δὲ
1171 3497 1226 3570 πρὸ
1242 3503 1295 3556 τοῦ
1315 3505 1416 3560 Πελο-

267 3575 463 3642 ποννησιακοῦ
480 3569 627 3641 γευόμενοι
645 3569 770 3640 πολέμου
782 3571 831 3626 καὶ
843 3591 924 3641 μεχρι
937 3572 987 3624 τοῦ
1001 3571 1184 3624 Θουκυδίδου
1196 3573 1418 3638 παρεκτείναν-

266 3660 311 3702 τες
324 3635 461 3720 q‘lrar'oc,
470 3637 571 3708 ὁμοίας
585 3637 666 3709 ἔσχον
675 3634 801 3700 άιιαυιες
813 3635 849 3701 ὡς
863 3636 909 3694 Iol
922 3635 952 3693 τὸ
965 3636 1036 3720 πολι)
1049 3635 1240 3721 προαιρέσεις·
1262 3638 1297 3720 ol:
1307 3658 1339 3693 τε
1355 3640 1419 3710 τὴν

263 3703 341 3762 ’laida
359 3713 543 3778 προελομευοι
562 3705 725 3773 διάλεκτον,
751 3709 813 3778 τήν
835 3726 870 3760 τε
893 3713 968 3768 τοῖς
988 3725 1065 3760 τοτε
1086 3723 1229 3774 χρονοις
1250 3711 1418 3772 μαλιστα

266 3771 464 3838 ἀνθοῦσαν,
482 3774 573 3830 καλοῖ
584 3773 637 3846 τὴν
648 3769 773 3845 άοχαίαυ
789 3771 902 3830 :scotto
914 3769 1017 3844 μικράς
1029 3793 1109 3836 τινας
1122 3771 1242 3844 ἔχουσαν
1256 3775 1419 3843 διαφοράς

268 3841 346 3910 παρά
359 3841 412 3912 τὴν
422 3842 501 3900 Ἰάδα
513 3864 538 3897 κ.
552 3864 575 3897 ι,
589 3849 612 3898 λ.

333 3911 372 3976 *ll
392 3915 453 3964 Vid.
466 3915 551 3966 Sturz.
566 3916 600 3966 ad
612 3915 753 3966 Hellanici
766 3916 891 3976 fragmm.
905 3931 931 3980 p.
944 3915 977 3964 25
992 3913 1147 3978 οο11.ρ.44.
1164 3911 1219 3963 143.
1238 3913 1268 3962 C.
1283 3913 1419 3966 Mueller

267 3985 295 4033 in
308 3983 443 4048 Frugmm.
457 3985 529 4032 Hist.
543 3983 657 4033 Graocc.
672 3983 693 4033 I.
708 4000 734 4048 p.
748 3983 864 4032 XXXIII
880 3981 950 4032 haec
967 3983 1001 4032 da
1013 3981 1160 4032 Hellanico
1178 3981 1287 4031 scribit:
1315 3983 1418 4044 „Dia-

267 4050 340 4100 lecto
352 4063 417 4099 usus
430 4055 484 4110 est,
503 4055 533 4099 ut
545 4051 668 4116 plerique
680 4052 761 4100 istius
774 4049 903 4116 temporis
915 4049 1053 4112 historici,
1074 4049 1183 4112 Ionica,
1202 4047 1330 4100 colorata
1347 4053 1417 4102 siue

269 4117 351 4169 dubio
365 4117 458 4167 formis
470 4119 619 4170 recitator*

334 4181 389 4246 m)
407 4184 468 4234 Vid.
483 4185 568 4236 Stura.
584 4187 618 4237 od
630 4185 781 4249 Pherecyd.
795 4202 820 4250 p.
833 4185 867 4234 74
879 4200 936 4249 seq.

335 4249 364 4315 †)
382 4253 473 4302 Locus
485 4253 543 4332 ipsc
556 4254 596 4303 sic
609 4269 638 4303 aa
651 4253 747 4304 habet:
768 4251 948 4316 (Hecataeus)
962 4251 996 4318 τῇ
1008 4246 1146 4316 διαλέκτῳ
1158 4245 1190 4301 δὲ
1202 4245 1321 4316 άκοάιῳ
1332 4242 1416 4304 Ἰάδι

268 4315 317 4370 καὶ
334 4311 370 4370 orl
385 4335 531 4386 μεμιγμευ,
560 4317 735 4386 χρησάμενος
755 4310 824 4370 oaldi
842 4315 913 4370 κατά
930 4315 980 4370 τὸν
998 4311 1155 4383 Ἡρόδοτον
1176 4317 1294 4384 ποικίλῃ
1317 4308 1419 4386 ἧττόν

270 4379 446 4506 δῖιιυΒὶιὲειὲά
463 4404 494 4452 γε
512 4337 611 4520 illem
628 4379 782 4452 marquarde.
812 4387 891 4438 Couf.
906 4388 988 4438 etlam
1001 4389 1041 4449 II,
1054 4388 1078 4437 4.
1097 4403 1123 4453 p.
1137 4386 1187 4438 405
1204 4387 1241 4452 (p.
1255 4385 1310 4438 349
1321 4389 1417 4439 Welz

270 4473 283 4504 e
309 4473 335 4522 p.
382 4461 388 4476 ·
430 4471 517 4522 penge
542 4493 548 4506 .
