3074 4960
247 489 287 551 86
684 471 948 540 HERODOTI

209 703 211 710 ·
247 651 345 724 νἰπόλι
368 649 469 743 ἀνδρί
475 672 481 684 ·
505 649 603 722 πόλιν
626 648 689 742 γὰρ
717 647 776 720 τόν
805 650 1026 740 Θεμιστοκλέα
1049 645 1275 738 παρεχόμενον
1297 644 1389 718 οὕτω

249 759 378 826 ἐκέλευε
401 752 533 844 γνώμας
557 751 815 842 συμβάλλεσθαι.
867 754 972 820 ταῦτα
1001 753 1042 820 de'
1066 755 1100 820 ολ
1126 753 1308 839 προέφερε,
1334 746 1388 820 ὅτι

214 935 218 944 ,
247 853 420 946 ἡλώκεσάν
442 883 477 925 τε
495 857 549 924 καλ
568 861 756 944 κατείχοντο
780 858 817 922 ai
835 848 982 941 Ἀθῆναι.
1024 849 1105 921 Τότε
1124 848 1166 939 δὴ
1188 845 1206 920 ό
1229 861 1388 940 Θεμιστο-

249 961 344 1046 κλέης
379 954 506 1028 ἐκεῖνόν
532 983 567 1025 τε
594 958 649 1025 καλ
674 951 753 1035 roris
784 961 989 1044 Κορινθίους
1022 951 1127 1023 πολλά
1159 979 1195 1022 τε
1220 954 1275 1022 καλ
1302 950 1389 1021 κακὰ

249 1067 353 1148 ἔλεγε·
381 1061 538 1128 ἑωυτοῖσί
556 1085 593 1127 τε
618 1054 738 1144 ἐδήλου
762 1054 848 1148 λόγῳ
873 1049 918 1136 ὥς
937 1064 987 1142 ele
1006 1057 1061 1124 καὶ
1081 1051 1174 1134 πόλις
1192 1055 1247 1123 καλ
1271 1057 1315 1142 γῆ
1331 1057 1387 1142 με’-

249 1261 386 1324 cyomant.
410 1253 442 1306 19
464 1253 506 1319 [T.
524 1255 574 1305 111.
597 1271 623 1320 p.
641 1252 689 1304 361
709 1249 790 1320 seq.].
844 1254 965 1316 laeiuut;
984 1253 1056 1302 coni.
1075 1252 1154 1315 vm,
1173 1249 1207 1302 90
1224 1255 1252 1302 et
1269 1266 1339 1316 quae
1359 1251 1387 1300 in

248 1327 281 1376 In
304 1341 387 1376 unum
411 1327 509 1374 coacto
530 1322 643 1388 populo,
670 1323 715 1386 qui
736 1327 792 1371 tum
843 1321 985 1372 Thesauro
1001 1321 1082 1386 Ling.
1100 1319 1199 1370 Graec.
1212 1319 1262 1371 111.
1279 1335 1306 1384 p.
1323 1317 1389 1369 1876

250 1397 330 1444 erant
342 1393 415 1442 inter
426 1393 562 1455 Prytaneo
574 1389 701 1451 Proddri‚
719 1389 764 1440 vel
778 1405 792 1438 e
845 1388 887 1440 ed.
901 1388 1028 1438 Dindorf.
1043 1387 1201 1437 afferuntur.

249 1461 377 1512 Proedris
398 1451 413 1508 ὁ
435 1447 601 1524 Ἐπιοτοὶτης
619 1459 717 1507 iterum
734 1472 793 1522 pro·
878 1446 951 1506 οὕτω
962 1448 1085 1520 ἐκέλευε]
1096 1455 1237 1505 Adimanti
1248 1455 1388 1504 sententia

250 1528 384 1594 ponebat,
401 1541 455 1590 qua
467 1525 500 1575 de
514 1541 542 1575 re
556 1529 631 1576 esset
643 1524 793 1590 agendmm
843 1523 915 1574 haec
939 1527 993 1573 est:
1028 1523 1185 1573 Themistocli
1211 1530 1261 1571 tura
1284 1523 1387 1580 ιλιιπαιπ,

251 1595 367 1645 excitati
383 1607 451 1643 voce
470 1592 616 1658 praeconis
628 1595 752 1642 oratores
764 1592 793 1641 in
845 1593 946 1658 quando
963 1590 1048 1640 urbem
1066 1589 1234 1651 (civitatem,
1258 1591 1388 1654 patriam,

250 1661 366 1712 medium
379 1659 538 1724 prodibant,
556 1675 613 1708 rem
626 1659 793 1725 propositam
845 1674 899 1724 qua
920 1674 991 1708 nunc
1014 1657 1122 1722 quidem
1144 1657 1259 1708 Athenis
1284 1657 1389 1706 eversio

251 1727 357 1778 civibus
370 1726 516 1776 suadentes
528 1726 573 1776 vel
586 1725 792 1788 dissuadentes;
845 1726 951 1790 eareat)
973 1725 1094 1776 exhibere
1109 1732 1211 1789 posset,
1235 1729 1312 1774 licere
1330 1739 1388 1775 aea·

250 1795 279 1844 hi
303 1809 415 1845 causam
433 1793 546 1858 quisque
568 1809 646 1843 suam
668 1793 717 1842 uhi
734 1809 793 1858 per·
844 1797 938 1844 tentius
970 1796 1042 1856 (cnm
1073 1793 1192 1842 caeteris
1221 1791 1389 1842 Graecorum

251 1867 384 1921 orassent,
396 1867 453 1910 tum
463 1859 577 1926 populus
588 1861 672 1910 eausa
682 1860 795 1924 cognita
845 1859 971 1924 ducibus)
988 1861 1122 1924 conferre,
1141 1860 1159 1908 i.
1174 1875 1198 1908 e.
1216 1875 1276 1908 cum
1295 1864 1389 1909 eaete-

250 1929 411 1978 mittebatur
432 1929 461 1977 in
483 1927 628 1992 suffragia:
652 1928 794 1992 Epistetes
845 1929 883 1978 ris
901 1927 1016 1978 Graecis
1037 1927 1190 1977 deliberare
1213 1931 1241 1976 et
1256 1926 1395 1990 suffragia

249 1996 296 2045 vel
309 1995 379 2046 alius
398 1995 538 2045 exordiae
551 1995 714 2058 Prytanum,
732 2009 793 2044 sen·
845 1995 928 2045 ferre.
965 1994 1011 2044 Sic
1028 1990 1112 2045 πόλιν
1124 1985 1302 2058 παρέχεσθαι
1320 1994 1390 2043 dicit

251 2064 355 2113 teuties
368 2077 482 2128 rogans,
497 2061 641 2112 dicebatur
654 2053 794 2127 ἐπιψηφί-
844 2061 995 2126 Thueydid.
1006 2063 1056 2122 lv,
1070 2061 1102 2111 64
1117 2061 1174 2124 (ubi
1187 2061 1241 2111 vid.
1255 2062 1389 2128 interpre-

252 2131 317 2194 ζειν.
327 2157 360 2165 -
370 2131 433 2192 Ηῑο,
447 2145 508 2180 cum
522 2145 633 2179 eausam
646 2145 723 2179 suam
735 2145 795 2194 per·
845 2129 899 2194 tes)
923 2133 951 2179 et
967 2130 1018 2191 IV,
1032 2127 1077 2190 833
1097 2117 1287 2194 ἀρχαιότατον
1302 2122 1390 2187 ἔθνος

252 2202 359 2248 orasset
370 2196 581 2258 Themistocles,
594 2198 649 2246 iam
663 2202 727 2246 ante
741 2197 795 2245 iro·
845 2189 974 2262 παρεχό
980 2211 1080 2264 μενοι
1090 2197 1245 2246 Herodotus
1255 2196 1389 2254 diritVll,

251 2271 295 2316 tus
319 2265 479 2315 Adimantus
508 2280 579 2314 nunc
605 2265 685 2314 noluit
708 2263 793 2326 ilary-
847 2263 905 2316 161.
923 2252 1389 2330 Departiculeofr'rorconi.Matth.

251 2335 348 2384 diadem
367 2323 554 2398 ἐπιψηφίζειν
575 2322 661 2382 α’πόλι
678 2321 794 2393 ἅνδρί.“
847 2332 894 2382 Gr.
908 2331 954 2381 Gr.
968 2335 992 2392 ἓ.
1005 2330 1065 2393 565,
1082 2331 1102 2380 l.
1127 2331 1306 2380 Locutionem
1320 2325 1390 2394 yaci-

252 2401 370 2452 Subiieit
391 2401 434 2450 vir
455 2401 708 2466 praestantissimus
727 2399 796 2449 alios
846 2415 902 2465 μας
914 2395 1127 2466 συμβάλλεσθαι
1141 2399 1223 2464 attigi
1233 2399 1261 2447 in
1274 2403 1342 2448 nott.
1354 2399 1391 2448 ad

251 2468 327 2519 locos
349 2469 521 2533 Xenoplront.
545 2469 633 2518 Anah.
655 2469 691 2526 V,
717 2467 742 2528 1,
765 2465 794 2515 14

253 2535 315 2586 οοΙΙ.
328 2537 394 2597 VII,
408 2535 437 2597 3,
453 2536 496 2597 14,
516 2535 563 2584 ubi
576 2551 647 2585 nano
660 2535 795 2598 Kruegeri

253 2601 411 2652 consulatur
424 2603 576 2664 annotatio,
590 2602 757 2652 Memorabb.
772 2602 793 2662 1,

254 2667 341 2730 1,18,
359 2668 407 2718 ubi
424 2669 503 2734 plura
522 2670 655 2718 excitavit
667 2668 796 2718 Knehner

251 2735 281 2784 in
299 2735 340 2784 ed.
358 2736 423 2784 mai.
442 2751 505 2801 pag.
519 2733 560 2784 66.
596 2735 657 2784 vid.
680 2750 794 2799 quoque,

253 2802 299 2866 qui
310 2800 344 2850 de
356 2801 398 2850 his
410 2803 584 2867 disputarunt
593 2802 795 2866 Antiquitatum

253 2869 421 2918 Graecarum
438 2869 599 2932 scriptores,
619 2867 649 2917 (i.
667 2869 713 2918 Fr.
727 2869 795 2918 Her·

252 2945 335 2984 mann
347 2935 468 2994 (Griech.
482 2934 687 2985 Staatsnlterth.
700 2937 723 2996 §-
740 2935 795 2986 129.

252 3005 308 3052 not.
325 2999 366 3062 16)
386 3005 414 3051 et
426 3002 597 3051 Sclroemann
616 3002 737 3064 (Griech.
750 3002 796 3052 Al·

252 3068 421 3119 terthiim.1.
444 3085 470 3134 p.
489 3067 563 3130 aare
589 3070 795 3134 inscriptionum

253 3137 294 3200 (in
306 3135 403 3200 quihus
415 3135 572 3201 plerumque
585 3137 723 3187 invenitur
733 3129 795 3187 ἒπε-

252 3195 379 3270 ψὴφιζεν
396 3203 449 3254 hoc
467 3203 558 3264 sensu)
577 3205 736 3255 testimonia
755 3210 795 3255 at-

253 3271 316 3321 tulit
325 3271 452 3322 Boeclsh:
463 3272 723 3322 Monateberichtd.
731 3273 795 3323 Ber-

252 3339 301 3390 lin.
314 3339 403 3390 Akad.
421 3339 445 3388 d.
458 3339 628 3418 Wiesensph.
644 3339 717 3390 1856.
731 3356 795 3406 pag.

255 3407 311 3459 123.
325 3435 357 3444 -
376 3407 419 3457 Ad
435 3407 558 3458 dativum
576 3400 661 3458 απόλι
680 3408 723 3470 (de
743 3423 795 3472 qua

253 3475 343 3526 forma
358 3475 412 3526 vid.
431 3475 547 3526 Bredov.
569 3491 594 3540 p.
609 3473 679 3539 too.)
698 3465 794 3540 oivdpl,

254 3545 271 3592 i.
286 3560 309 3593 e.
328 3545 352 3593 in
367 3545 476 3608 pretium
488 3544 536 3594 νιίιΙ
557 3545 657 3593 eloltate
674 3549 793 3604 rorenlts,

254 3611 326 3659 conf.
341 3611 470 3661 Kuehner
483 3611 529 3661 Gr.
544 3611 589 3661 Gr.
604 3612 628 3671 §.
641 3609 691 3661 579
703 3617 758 3661 not.
770 3609 794 3661 3.

254 3675 397 3726 Geminum
414 3679 525 3728 Aeliani
541 3679 631 3729 locum
649 3679 681 3728 V.
695 3679 729 3727 H.
744 3679 794 3742 111,

256 3742 430 3818 l'l'ettulerat
438 3745 653 3796 Valckenarius:
666 3735 724 3796 οὔτ’
734 3737 796 3796 ἐπε·

254 3817 382 3872 ψηφισεν,
396 3801 558 3876 Ἀθηναίοις
576 3813 603 3874 (ἰ.
619 3829 643 3862 e.
657 3815 796 3863 Athenien

240 3876 314 3932 ,aium
326 3880 351 3925 ιἰι
362 3879 481 3940 pretinm)
499 3875 550 3929 τὸν
561 3879 618 3930 τῶν
631 3873 701 3931 δέκα
714 3893 796 3943 σιρα-

254 3941 348 4006 ιημοίν
360 3935 500 4004 θάνατον.
516 3973 546 3981 -
559 3947 622 3996 Mox
635 3947 698 3998 dedi
712 3945 796 4012 Θεμι-

255 4005 372 4060 στοκλέα
384 4013 432 4074 pro
444 4007 652 4080 Θεμιστοκλῆαι
670 4015 725 4065 vid.
737 4015 797 4064 lan-

845 2467 882 2527 V,
896 2465 937 2517 92.
950 2469 974 2528 ξ.
990 2466 1011 2515 1.
1047 2467 1080 2516 In
1092 2466 1184 2516 verbis
1196 2466 1390 2530 sequentibus:

846 2523 889 2584 ὅτι
907 2525 1053 2600 ἡλώκεσάν
1070 2547 1099 2582 τε
1113 2529 1163 2583 καλ
1180 2530 1346 2597 κατείχοντο
1359 2527 1393 2582 ui
1423 2577 1425 2582 ,

845 2598 960 2667 Ἀθῆναι
975 2602 1001 2662 (i.
1014 2617 1037 2650 e.
1051 2601 1167 2651 Allienus
1178 2607 1269 2664 captas
1281 2616 1337 2650 esee
1349 2617 1392 2651 ca-

845 2676 952 2734 ptaeque
975 2671 1024 2718 iem
1047 2670 1130 2718 teneri
1149 2675 1175 2718 tn
1195 2669 1298 2719 hostium
1316 2675 1390 2732 pole·

846 2738 924 2798 stete)
949 2736 983 2785 ad
1007 2735 1269 2800 plusquamperr'eeti
1291 2741 1319 2784 et
1341 2737 1390 2784 im·

847 2804 966 2869 perfecti
987 2803 1042 2853 vim
1065 2803 1136 2853 bene
1155 2803 1274 2852 attendit
1290 2803 1391 2853 Matth.

848 2869 894 2920 Gr.
909 2869 955 2920 Gr.
969 2872 991 2931 5.
1006 2869 1055 2919 467
1074 2876 1102 2920 et
1118 2873 1142 2932 5.
1155 2869 1217 2932 565,
1235 2870 1261 2932 l;
1280 2869 1316 2920 sd
1334 2871 1390 2920 ior-

848 2953 919 2986 mam
929 2927 1075 3001 ἡλώκεσαν
1085 2938 1157 2986 conf.
1168 2937 1284 2987 Bredor.
1314 2937 1392 2988 ,312

883 2996 954 3054 Τότε
978 2997 1015 3070 δὴ
1039 2995 1054 3055 ό
1074 2953 1312 3082 ,Θεμιστοκλέηςί
1324 3005 1391 3055 Val-

848 3073 927 3122 cken.
942 3071 1038 3122 maluit
1050 3087 1112 3122 τοτε
1126 3065 1163 3123 δὲ
1176 3065 1221 3138 δὴ,
1238 3073 1285 3122 uhi
1298 3078 1391 3122 tamen

847 3140 909 3189 mett
922 3140 1029 3204 quidem
1047 3141 1187 3190 sententit
1202 3141 1248 3190 vix
1261 3155 1329 3206 opus
1342 3141 1390 3190 ad·

847 3207 912 3257 dere
933 3207 1099 3272 particulam
1118 3201 1159 3260 δέ.
1195 3208 1320 3273 Respicit
1336 3207 1390 3257 No-

846 3279 903 3324 ster
924 3275 1011 3325 verba
1029 3291 1090 3339 cap.
1108 3275 1158 3324 LX
1175 3275 1233 3324 init.
1257 3269 1320 3325 τότε
1337 3268 1391 3340 μὲν

846 3333 937 3406 η’τιίως
961 3335 1032 3406 πρὸς
1054 3334 1104 3392 τόν
1124 3339 1286 3406 Κορίνθιον
1309 3331 1390 3408 cipri·

846 3417 931 3472 ψατο.
967 3410 1147 3460 Accusatiros
1164 3409 1231 3459 duos
1250 3410 1333 3460 verbo
1346 3401 1388 3460 λε’-

847 3491 908 3542 pesa
921 3477 1028 3527 additos
1040 3477 1135 3542 attigit
1145 3477 1276 3527 Kuehner
1285 3476 1331 3528 Gr.
1342 3476 1389 3527 Gr.

846 3547 870 3605 §-
884 3543 943 3608 556,
957 3545 983 3596 h.
1002 3544 1063 3596 coll.
1080 3543 1234 3594 Matthiaeo
1246 3543 1291 3594 Gr.
1304 3543 1351 3594 Gr.
1363 3546 1388 3605 §-

846 3611 897 3662 416
910 3617 937 3662 et
948 3613 1007 3662 444.
1043 3612 1083 3660 Ad
1101 3612 1188 3676 ipsam
1204 3613 1390 3662 narrationem

848 3681 921 3729 conl.
935 3679 1074 3729 Plutarch.
1084 3679 1262 3730 Themistocl.
1275 3678 1314 3728 11.
1344 3695 1388 3744 ag.

850 3747 896 3796 117
909 3749 954 3808 ΙΙ,
985 3747 1032 3812 qui
1055 3746 1195 3796 Adimanti
1220 3746 1281 3797 loeo
1305 3695 1389 3796 aiium

849 3815 981 3878 quendam
998 3814 1069 3864 haec
1082 3815 1110 3863 in
1122 3814 1338 3864 Themistoclem
1350 3814 1389 3864 di-

846 3883 919 3930 xisse
933 3887 1040 3944 narret,
1060 3897 1139 3946 quern
1156 3885 1249 3930 tamen
1267 3881 1388 3939 eundern,

847 3954 877 3998 ut
889 3949 959 3998 bene
977 3949 1016 3997 ibi
1033 3953 1125 4000 monet
1138 3949 1258 3999 Sintenis
1271 3963 1334 4014 pag.
1348 3948 1388 4010 51,

847 4015 905 4064 noli
918 4015 1084 4066 confundere
1096 4031 1156 4065 cnm
1166 4016 1320 4066 Eretrienei
1332 4015 1387 4076 illo,

254 4077 321 4126 data
334 4077 369 4126 ad
381 4093 442 4142 cap.
456 4079 496 4128 57.
515 4111 519 4120 .
532 4081 574 4128 De
592 4081 651 4145 ipso
668 4083 727 4133 viro
740 4083 796 4132 dixi
848 4083 927 4132 cuius
936 4082 1008 4149 apud
1018 4083 1133 4133 cundem
1144 4083 1319 4133 Plutarchum
1329 4099 1390 4132 mox

256 4143 290 4192 ad
302 4145 366 4207 Vll,
383 4144 439 4203 ΙΝ.
476 4147 508 4196 ln
526 4147 572 4204 iis,
591 4163 661 4211 quae
674 4151 797 4214 proxime
848 4149 971 4200 inlicitur
981 4152 1169 4201 mentio-In
1178 4165 1253 4216 seqq.
1261 4151 1295 4201 ad
1304 4151 1388 4200 verba

255 4212 434 4274 antecedunt,
454 4203 608 4278 ἐπεφέρετο
628 4217 753 4266 reddam:
772 4220 797 4266 ia
848 4211 885 4274 ὦς
898 4213 943 4282 εἴη
956 4217 1055 4268 Iacobs
1068 4218 1176 4268 eoniert
1187 4219 1212 4280 l,
1226 4219 1269 4268 ¹2⁴¹.
1282 4219 1332 4280 Ill,
1347 4217 1386 4269 36.

254 4293 308 4328 ενοι
325 4280 435 4330 innectus
452 4287 490 4330 eat
514 4281 585 4331 eive:
605 4286 630 4331 in
646 4299 700 4332 eram
713 4287 795 4342 ι’τναίλ,
848 4285 927 4347 Vlll,
947 4283 1001 4334 137.

254 4345 280 4396 si
303 4347 411 4412 quidem
440 4338 632 4413 ἐπιφέρεσθαι
660 4351 796 4416 dicuntur,
882 4342 1014 4402 ἕωνιαῖοί
1023 4367 1052 4402 τε
1063 4344 1167 4417 ἐδήλου
1179 4344 1264 4418 λόγῳ]
1279 4353 1296 4402 i.
1307 4353 1389 4403 emula

256 4413 302 4480 qui
322 4412 362 4478 (in
379 4415 473 4479 alium)
496 4416 603 4466 irruunt
627 4431 648 4466 s.
667 4417 797 4484 impetum
848 4419 1081 4486 (Atheniensibus)
1098 4422 1216 4472 καίονται
1229 4427 1255 4472 et
1269 4420 1389 4471 νεότατι
