2980 4978
234 443 295 503 474
640 439 954 502 ΟΟΜΜΕΝΤΑΤΙΟ

235 611 291 664 riae
312 627 379 664 suae
401 611 485 664 libros
502 611 677 681 inscripserit
693 611 840 683 lonicaqne
861 613 976 666 dialecto
992 629 1060 667 usas
1075 614 1127 682 sit,
1154 612 1283 666 credibile
1298 631 1371 666 sane

234 702 292 763 est,
311 695 384 748 illum
400 697 533 750 Herodoti
547 695 696 766 exemplum
712 704 835 750 secutum
849 703 932 768 atque
947 700 1095 753 orationem
1109 699 1293 752 Herodoteam
1308 699 1370 751 irai-

235 781 287 833 tari
305 781 456 836 studuisse.
500 782 628 834 Succedit
648 781 695 852 qni
713 783 804 835 eadem
818 784 877 837 fera
891 784 1023 837 Hadriani
1038 789 1127 837 aetate
1148 783 1370 850 mutilationes,

234 883 313 936 quem
328 865 461 918 Herodoti
484 867 624 919 admodum
643 867 798 935 studiosum
815 869 919 936 fauisse,
947 870 1014 922 adeo
1035 877 1066 921 ut
1086 869 1157 921 baud
1177 885 1265 937 pauca
1282 870 1372 921 verba

234 968 266 1002 ac
290 950 441 1003 locutiones
468 969 502 1004 ex
522 952 663 1004 Herodoto
690 953 884 1022 assumpserit,
914 954 1029 1024 plurima
1048 959 1187 1006 testantur
1206 953 1371 1006 imitationis

234 1035 368 1105 exempla,
386 1036 414 1087 in
431 1035 556 1094 Historia
567 1035 725 1090 animalium
742 1037 909 1107 potissimum
926 1039 1006 1092 obvia
1022 1045 1078 1091 eta
1095 1038 1173 1090 nobis
1185 1038 1213 1090 in
1226 1037 1301 1090 notis
1317 1055 1371 1090 sua

234 1137 360 1191 quaeque
376 1121 435 1172 loco
451 1113 623 1188 indicata*)r
651 1121 775 1193 idemque
797 1139 886 1192 nuper
905 1125 1051 1194 proposuit
1065 1123 1116 1176 Ed.
1132 1122 1249 1175 Rasmus
1266 1123 1296 1175 in
1315 1122 1368 1175 Ae·

233 1205 362 1257 lianeorr.
375 1207 530 1273 fragmentt.
543 1205 704 1275 Specimine.
716 1207 739 1260 1.
752 1207 887 1278 (Berolin.
902 1211 983 1276 1858)
994 1225 1057 1278 pag,
1071 1212 1096 1261 7.
1114 1207 1265 1276 Praecipue
1277 1213 1371 1260 autem

235 1291 277 1343 bic
300 1291 480 1343 nominandus
502 1297 545 1343 est
568 1293 729 1360 Pausanias,
752 1291 831 1344 cuius
856 1293 1001 1346 dictionem
1016 1293 1189 1346 Herodoteae
1210 1291 1370 1348 simillimam

234 1393 297 1428 esse
314 1375 365 1428 iam
381 1375 519 1442 Xylander
537 1377 681 1446 professus
696 1381 753 1443 est,
777 1377 824 1448 qui
839 1377 994 1431 Pausaniae
1012 1377 1167 1448 periegesin
1184 1377 1289 1446 primus
1304 1385 1373 1446 post

235 1459 330 1512 Aldam
352 1460 438 1513 edidit
458 1477 529 1512 anuo
548 1463 611 1516 1583
627 1462 752 1532 idemque
774 1461 853 1514 etiam
867 1464 1095 1533 pronuntiarunt,
1118 1462 1165 1532 qui
1186 1469 1250 1531 post
1264 1461 1371 1529 Xylan·

234 1545 311 1596 drum
333 1545 394 1597 huic
417 1545 546 1612 scriptori
569 1563 677 1615 operam
700 1563 775 1599 suam
799 1555 948 1615 naverunt,
967 1543 1205 1616 Sylbargius**),
1228 1545 1371 1612 llubnias,

233 1629 413 1695 Scbaeserus,
436 1647 524 1699 usque
547 1630 580 1682 ad
600 1631 804 1684 recentissimus
827 1632 961 1698 editores,
983 1651 998 1684 e
1020 1631 1121 1702 quibus
1142 1647 1223 1684 unum
1247 1631 1373 1682 sufficiat

233 1715 371 1782 appellare
385 1713 572 1780 Siebelisium‚
591 1717 680 1784 quiin
699 1717 911 1782 commentariis,
934 1717 1035 1788 quibus
1051 1715 1204 1768 Pausaniae
1219 1715 1305 1767 libros
1327 1716 1372 1767 in-

234 1799 350 1865 struxit,
368 1799 394 1851 id
409 1815 519 1868 qaoque
534 1799 599 1868 egit,
616 1801 688 1852 utin
706 1800 824 1869 singulis
840 1802 953 1854 vocibus
968 1799 1221 1870 locutionibusque,
1237 1807 1373 1868 quantum

234 1883 267 1933 ab
289 1883 429 1936 Herodoto
452 1883 585 1953 panderet
607 1884 775 1952 Pausanias,
797 1893 1021 1939 commonstraret
1042 1885 1177 1956 simulque
1198 1885 1373 1950 ostenderet,

234 1973 365 2038 quantum
381 1968 515 2020 Herodoti
532 1969 616 2022 verba
634 1969 757 2022 valerent
776 1969 809 2022 ad
825 1969 977 2024 Pausaniae
994 1972 1078 2024 verba
1093 1969 1202 2038 singula
1217 1967 1260 2020 vel
1277 1985 1373 2021 emen-

234 2051 324 2104 danda
335 2052 377 2105 rel
386 2052 548 2105 illustranda
561 2071 717 2124 omnemque
730 2055 790 2108 eins
801 2055 949 2109 orationem
960 2055 1055 2109 melius
1065 2053 1281 2122 cognoscendam
1291 2053 1374 2120 m).

233 2137 328 2199 Quare
349 2155 400 2189 uos
422 2153 531 2208 quoque
547 2138 574 2190 in
593 2139 711 2206 singulis
728 2139 795 2192 locis
810 2141 993 2207 Herodnteis,
1017 2141 1064 2193 ubi
1085 2139 1216 2192 Nostrum
1238 2137 1375 2190 inritando

234 2222 386 2292 exprimere
402 2222 510 2274 studuit
522 2223 692 2290 Pausanias,
709 2224 805 2277 sedulo
820 2225 848 2276 id
867 2226 1060 2291 indicavimus,
1083 2223 1283 2294 praeeuntibus
1298 2223 1376 2292 ipsis

233 2307 269 2358 iis
281 2307 364 2374 viris,
381 2307 428 2378 qui
441 2307 502 2360 olim
517 2308 544 2361 iu
557 2309 690 2361 Herodoti
704 2309 795 2362 verbis
809 2309 981 2363 illustrandis
993 2310 1062 2362 idem
1074 2309 1288 2379 praestiterunt,
1305 2308 1374 2358 Val-

233 2392 390 2445 ckenarium
408 2392 483 2460 dico,
502 2393 549 2464 qui
564 2393 637 2445 inter
651 2394 785 2446 Herodoti
798 2395 947 2448 imitatores
963 2395 1080 2447 eminere
1095 2392 1256 2446 Pausaniam
1271 2391 1377 2445 merito

234 2477 358 2543 ‹lixit†)‚
384 2485 412 2530 et
427 2477 640 2546 Wesselingium
650 2479 716 2546 ††),
739 2479 787 2548 qui
803 2479 936 2532 Herodoti
957 2485 1116 2532 sectatorem
1137 2477 1303 2530 industriam
1322 2495 1376 2529 vo·

234 2561 307 2612 cavit
316 2562 479 2614 Pausaniam
495 2563 578 2632 idque
594 2563 711 2631 singulis
727 2565 883 2634 quibusque
898 2563 964 2616 locis
980 2563 1145 2616 Herodoteis
1161 2561 1233 2614 baud
1248 2579 1313 2614 raro
1330 2563 1378 2613 in·

234 2646 344 2697 dicavit.
381 2647 419 2698 Et
434 2663 592 2716 quamquam
608 2647 762 2700 Pausaniae
779 2649 865 2700 oratio
880 2649 991 2702 maltum
1008 2649 1087 2700 abest
1107 2665 1123 2698 a
1141 2647 1234 2699 natira
1249 2645 1295 2697 illa
1313 2647 1376 2698 He-

234 2730 324 2782 rodoti
336 2730 508 2800 simplicitate
524 2739 552 2783 et
567 2731 710 2786 dulcedine
725 2749 814 2802 neque
830 2735 938 2786 omnino
952 2733 986 2786 iis
1002 2733 1151 2786 virtutibus
1167 2730 1289 2796 excellit,
1309 2732 1376 2800 qui-

235 2815 286 2866 bus
301 2815 483 2869 Herodoteam
505 2817 653 2870 orationem
677 2817 812 2885 insignem
830 2837 892 2870 esse
914 2835 999 2888 supra
1021 2817 1205 2882 ostendimus,
1228 2823 1322 2867 tamen
1345 2817 1377 2868 in

234 2899 353 2966 singulis
365 2900 479 2953 vocibus
492 2901 686 2970 tumulisque,
701 2919 769 2971 quas
780 2903 909 2955 imitando
922 2903 1072 2972 exprimere
1083 2901 1191 2954 studuit
1203 2900 1379 2964 Pausanias,

234 2985 345 3036 multum
360 2984 434 3036 valet
448 2986 513 3038 baec
527 2985 655 3051 imitatio,
677 2986 823 3056 eademque
835 2988 862 3039 in
880 2987 954 3040 bisce
965 2987 1083 3056 singulis
1099 2985 1205 3039 dicendi
1218 2985 1380 3053 generibus

235 3069 373 3122 imitandis
391 3075 419 3121 et
434 3071 616 3139 exprimendis
632 3070 718 3138 magis
734 3073 871 3140 cernitur,
890 3090 969 3142 quam
985 3073 1012 3124 in
1030 3072 1161 3125 universo
1173 3069 1309 3123 orationis
1326 3071 1379 3122 lra-

235 3156 292 3206 bitn
309 3161 337 3207 et
352 3153 531 3222 colore†††).
560 3155 656 3224 ltaque
671 3156 749 3208 etiarn
767 3157 793 3209 in
809 3158 893 3210 rebus
905 3157 1022 3224 divinis,
1038 3155 1185 3226 praecipue
1200 3155 1226 3206 iu
1243 3155 1382 3209 doctrina

234 3241 268 3292 de
283 3239 376 3292 divina
394 3239 500 3292 iustitia
517 3257 548 3292 ac
563 3241 689 3308 Nemesi,
711 3259 824 3310 quacum
845 3243 916 3311 apud
934 3242 1103 3294 Herodotum
1120 3239 1290 3293 coniunctam
1309 3259 1382 3294 essa

235 3325 352 3378 vidimus
372 3329 412 3395 (S.
430 3323 476 3392 12)
496 3327 658 3379 sententiam
680 3326 713 3378 de
734 3325 827 3380 divina
844 3327 963 3394 invidia,
991 3327 1034 3380 vel
1056 3326 1102 3378 ubi
1125 3325 1220 3378 iisdem
1241 3327 1303 3377 lere
1324 3333 1383 3378 aut

235 3416 308 3462 certe
320 3410 454 3462 similibus
466 3411 580 3464 vocibus
594 3419 622 3464 et
636 3410 818 3464 locutionibus
831 3411 983 3464 Pausanias
999 3411 1101 3481 utitur,
1119 3418 1206 3462 tamen
1220 3427 1274 3462 non
1291 3427 1381 3479 pror-

300 3676 328 3744 *J
346 3680 423 3730 Nunc
437 3678 506 3730 addo
520 3679 627 3728 Aelinn.
645 3679 677 3728 N.
690 3678 721 3728 Λ.
736 3680 811 3741 XVI,
825 3679 872 3741 ⁶20,
890 3679 936 3728 ubi
950 3679 1060 3744 scripsit
1077 3672 1112 3727 oi
1127 3675 1182 3726 cois
1200 3665 1300 3726 Ἰνδῶν
1318 3675 1362 3728 lo'
1373 3709 1385 3716 -

235 3761 318 3808 γιοι,
341 3748 453 3797 imitans
463 3747 630 3797 Herodotum
642 3748 662 3806 Ι,
679 3746 704 3796 l:
725 3741 856 3811 Περσέων
868 3740 921 3812 μέν
934 3763 986 3796 νυν
999 3739 1033 3796 ol
1044 3738 1157 3810 λόγιοι
1170 3761 1195 3794 a.
1206 3760 1230 3794 a.
1243 3745 1268 3794 l..
1289 3746 1384 3798 Cani.

237 3815 320 3864 etiam
333 3820 401 3864 nott.
415 3815 450 3864 ad
463 3815 563 3865 Herod.
576 3815 625 3876 111,
641 3814 680 3864 1¹2.
694 3812 735 3864 ol.

302 3895 344 3962 Pl)
363 3898 424 3948 vid.
438 3915 502 3963 pag.
514 3897 573 3950 933.
587 3899 646 3948 Vol.
659 3899 694 3948 11.
709 3899 751 3948 ad.
764 3899 852 3949 Halm.

250 4047 257 4063 ¹
302 3979 358 4048 m)
376 3981 438 4031 vin.
452 3981 576 4032 Siebelis.
591 3983 714 4032 Praelat.
728 3983 786 4034 Vol.
800 3984 820 4033 1.
834 4001 859 4049 p.
873 3983 923 4032 XX
935 3997 992 4048 seq.

302 4065 334 4132 †)
353 4067 381 4116 ia
398 4070 454 4116 not.
469 4067 502 4115 od
515 4067 616 4117 Herod.
629 4067 685 4128 ΙΙΙ,
701 4066 748 4118 133
762 4067 877 4133 aliisque
891 4066 963 4116 haud
976 4067 1073 4132 paucis
1086 4066 1169 4128 locis,
1187 4065 1235 4115 ubi
1247 4065 1388 4120 Herodo-

237 4138 283 4184 tea
296 4135 410 4184 eontulit
423 4149 483 4183 cum
497 4135 652 4185 Pausaniae
665 4135 765 4188 verbis.

302 4218 354 4282 ††)
373 4219 401 4268 in
414 4224 470 4268 not.
483 4217 518 4267 ad
530 4218 631 4268 Herod.
645 4219 680 4282 V,
694 4218 728 4270 39
740 4219 857 4284 aliisque
870 4219 940 4269 locis
953 4218 1146 4283 compluribus.

302 4300 374 4366 †††)
392 4301 455 4352 Vid.
469 4302 586 4352 Siebelia
599 4303 616 4351 l.
630 4303 647 4352 l.
662 4319 725 4368 pag.
739 4305 803 4353 XXI
816 4319 874 4368 seq.
889 4304 1046 4353 otBoeokh.
1060 4303 1252 4368 inscriptione
1270 4305 1388 4356 acade-

237 4371 323 4430 mica,
342 4385 411 4433 quae
428 4371 531 4434 prodiit
548 4370 668 4420 lierolini
689 4371 752 4420 1824
769 4371 802 4420 dc
817 4372 974 4422 Pausaniae
991 4371 1070 4434 stilo,
1094 4371 1166 4437 typis
1188 4372 1314 4436 repetita
1333 4375 1388 4424 in:

237 4435 420 4503 l'bilologicel
432 4437 555 4486 Muscam
568 4437 627 4486 Vol.
642 4440 665 4500 Ι,
677 4439 726 4487 ubi
737 4439 792 4488 vid.
805 4454 868 4504 pag.
880 4436 940 4489 629.
