2984 4962
308 467 366 526 DE
388 467 493 525 VITA
514 465 571 524 ΕΤ
594 463 785 526 SORIPTIS
803 463 1038 525 HERODOTI.
1179 471 1240 530 445

107 628 186 702 ἐρέων
204 629 241 698 ὡς
255 629 344 699 οὕτως
364 627 383 706 ἢ
403 630 490 699 ἄλλοις
506 655 562 698 νοις
582 637 670 691 ταῦτα
691 630 811 704 ἐγένετο·
837 631 887 690 τὸν
902 632 931 690 dl
949 633 1014 690 olda
1028 629 1113 698 αὐτὸς
1131 639 1241 706 πρῶτον

106 713 267 789 ὑπάρξαντα
283 714 389 776 ἀδίκων
406 720 494 790 ἔργων
512 715 539 784 ἒς
558 716 624 784 τούς
636 713 781 791 Ἕλληνας,
802 723 901 776 τοῦτον
923 709 1047 792 σημήνας
1067 717 1240 794 προβήσομαι

106 799 131 866 ἐς
145 800 176 860 τὸ
191 801 285 874 πρόσω
300 809 350 861 τοῦ
369 801 468 878 λόγον,
489 801 590 876 ὁμοίως
610 800 697 880 μιαρὰ
716 804 764 859 aci
785 802 890 875 μεγάλα
910 800 995 860 ἄστεα
1015 801 1207 874 dedecimus}
1228 837 1241 846 ·

106 879 202 956 ιξιοὶν·
225 886 262 945 τὰ
276 886 329 961 γὰρ
350 887 382 945 τὸ
396 886 482 946 πάλαι
498 887 604 961 μεγάλα
618 882 668 962 η’ν,
689 885 825 944 τὰπολλὰ
840 885 933 945 αὐτῶν
953 887 1053 962 σμικρὰ
1072 890 1181 961 γέγονε·
1205 886 1241 946 τὰ

105 973 134 1041 di
148 970 193 1030 ἐπ’
209 971 274 1046 ἐμοῦ
286 968 322 1047 ἦν
333 971 450 1047 μεγάλα,
469 971 603 1046 πρότερον
622 967 658 1047 ἦν
673 971 788 1046 σμικροὶ·
810 972 862 1046 τήν
876 969 1063 1046 dodemani-qv
1077 967 1118 1030 civ
1131 971 1242 1032 ἐπιστά-

105 1079 186 1128 μενος
206 1055 386 1132 εὐδαιμονίην
406 1055 515 1131 οὐδαμοὶ
537 1057 566 1115 ἐν
583 1056 679 1135 τιοότῷ
698 1059 848 1131 μένουσαν,
875 1057 1058 1132 ἐπιμνήσομαι
1078 1055 1241 1132 ἀμφοτέρων

103 1139 215 1215 ὁμοίως.

188 1231 290 1285 Reiieit
305 1231 406 1300 igitur,
430 1249 501 1300 quae
516 1232 549 1284 de
565 1232 703 1300 prioribus
723 1232 891 1302 temporibus
912 1232 1013 1286 sabulis
1028 1230 1153 1284 involuta
1169 1234 1240 1285 lere-

105 1316 206 1368 bantur
226 1323 254 1369 et
271 1334 286 1368 a
302 1316 478 1386 logographis
498 1317 692 1384 tradebantur3
715 1317 809 1371 maluit
824 1325 899 1370 certa
920 1318 1020 1370 secturi
1035 1317 1154 1386 indeque
1173 1333 1241 1370 suae

105 1401 236 1453 historiae
252 1401 358 1453 initium
373 1401 471 1454 ducere
486 1419 501 1454 a
518 1401 638 1470 Croeso,
663 1402 697 1455 de
716 1419 770 1472 quo
792 1403 878 1472 primo
899 1404 1016 1456 certiora
1036 1402 1090 1472 ipsi
1112 1402 1241 1454 innotue-

106 1493 182 1552 runt,
205 1485 332 1553 Lydiam,
365 1487 411 1538 ubi
432 1487 493 1540 olim
508 1487 553 1540 ille
571 1495 716 1555 regnarat,
738 1487 928 1558 perlustranti.
972 1487 1045 1540 Hine
1066 1485 1156 1538 statim
1177 1495 1241 1556 post

105 1570 265 1624 mentionem
285 1571 417 1639 rixarum,
440 1589 510 1642 quae
525 1572 598 1624 inter
616 1573 739 1626 Graecos
754 1573 938 1638 barbarosve,
960 1572 1061 1641 quihus
1077 1571 1240 1624 enarrandis
1327 1619 1331 1626 .

105 1671 184 1706 suum
200 1673 269 1726 opus
286 1656 491 1724 destinarat*),
516 1657 577 1709 olim
593 1665 704 1711 exortae
725 1658 752 1710 in
768 1657 844 1711 Darii
859 1663 887 1710 et
902 1657 1001 1710 Xerxis
1019 1656 1240 1726 expeditionibus

104 1740 183 1808 quasi
208 1741 341 1811 repetitae
358 1742 493 1812 finemque
515 1750 659 1797 assecutae
677 1742 838 1812 videantur,
861 1742 991 1794 narrandi
1013 1741 1120 1793 initium
1141 1741 1241 1793 facita

105 1824 209 1878 Croeso
231 1826 326 1895 Lyd03
349 1827 493 1895 quoniam,
518 1828 586 1895 nisi,
611 1843 681 1897 quae
705 1827 784 1880 bellis
804 1827 905 1880 Persas
925 1827 998 1880 inter
1018 1837 1102 1896 atque
1117 1826 1240 1878 Graecos

104 1909 191 1977 gestis
209 1912 331 1980 proxime
349 1913 565 1980 antecesserint,
587 1921 714 1966 accurate
729 1912 873 1981 cognoris,
892 1912 957 1964 haec
971 1913 1033 1981 ipsa
1048 1910 1119 1964 bella
1133 1927 1239 1964 eorum-

103 2011 157 2064 que
173 1997 294 2049 rationes
308 2004 337 2049 et
350 2013 449 2050 causas
466 1998 511 2050 vix
527 1997 580 2050 rite
598 1997 766 2052 intellexeris
777 1995 833 2064 **).

186 2081 485 2152 PerCroesumsponte
501 2082 660 2136 devenimus
678 2084 780 2136 medias
795 2081 822 2136 iu
833 2081 973 2150 Lydorum
988 2099 1043 2151 res,
1059 2081 1241 2151 quasNoster
1315 2069 1320 2080 ’

103 2165 152 2216 hac
169 2167 312 2219 occasione
329 2166 427 2234 oblata,
446 2184 526 2238 quoru
539 2168 619 2220 etiam
638 2168 666 2220 in
684 2168 746 2220 aliis
767 2183 905 2236 uunquam
923 2165 1142 2236 praetermittere
1158 2165 1238 2228 solet,

102 2258 134 2302 ut
154 2251 260 2303 scilicet
280 2268 461 2321 quaecuuque
479 2253 513 2304 de
533 2251 625 2323 aliqua
645 2261 719 2305 terra
743 2252 858 2320 eiusque
874 2251 972 2304 incolis
990 2267 1136 2319 rerumque
1151 2249 1240 2316 gestis

101 2345 239 2404 comperta
257 2336 363 2403 habeat,
380 2337 408 2388 in
425 2336 540 2388 medium
556 2338 688 2407 proferat,
706 2336 863 2388 accuratius
879 2344 907 2388 et
918 2335 1080 2403 diligentius
1095 2333 1240 2402 persequi-

102 2429 162 2485 tur3
188 2421 328 2486 Lydorum
353 2438 420 2472 vero
447 2437 560 2488 regnum
585 2437 675 2474 cuma
696 2421 790 2473 Persis
815 2419 884 2472 duce
900 2420 974 2486 Cyro
1005 2435 1130 2471 eversum
1155 2425 1239 2484 esset,

102 2503 184 2573 paulo
201 2513 265 2556 ante
285 2521 364 2574 quam
381 2505 497 2558 Graecis
513 2506 612 2558 bellum
628 2511 704 2558 esset
719 2505 838 2570 illatum;
855 2505 943 2556 oratio
958 2503 1029 2556 redit
1044 2504 1079 2555 ad
1094 2503 1197 2570 Cyrum
1213 2509 1241 2554 et

102 2588 208 2640 Persici
228 2591 306 2658 regni
322 2589 415 2656 initia,
438 2607 509 2659 quaa
524 2591 667 2644 Medorum
683 2607 794 2660 quoque
809 2589 962 2658 imperium,
988 2588 1062 2641 unde
1076 2587 1143 2640 illud
1161 2605 1239 2639 exor-

102 2689 162 2726 sum
175 2681 247 2740 aret,
266 2675 492 2744 complectuntur.
519 2676 551 2728 In
566 2675 660 2730 Persis
674 2683 762 2728 autern
778 2691 925 2744 eorumque
939 2675 1021 2726 rebus
1037 2673 1125 2742 gestis
1138 2673 1189 2725 iarn
1202 2673 1240 2724 ita

112 2964 119 2985 ‚
152 2907 192 2982 ι’)
213 2909 272 2985 Vi‘l:
290 2909 368 2960 modo
387 2911 477 2975 operis
494 2910 675 2976 prooemium:
694 2899 853 2974 Ἡροδότου
868 2899 1095 2984 Ἁλικαρνησσέος
1112 2899 1239 2972 ἱστορίης

100 2973 237 3038 αποδεξις
249 2975 316 3042 ηδε·
340 2969 378 3036 ὥς
394 2972 464 3044 μήτε
481 2971 516 3028 τὰ
534 2973 675 3043 γενόμενα
694 2969 723 3039 ἐξ
735 2967 899 3054 ἀνθρώπων
912 2974 949 3038 τῷ
963 2989 1054 3041 χρονῳ
1067 2967 1182 3106 ἐξίτηλα
1195 2969 1237 3052 ρξ-

101 3059 198 3108 νηται,
217 3041 287 3110 μήτε
306 3039 336 3107 ἔρ
356 3061 374 3094 α
393 3041 503 3110 μεγαλα
521 3061 550 3095 τε
567 3043 616 3096 καὶ
633 3045 791 3110 despuere
804 3037 838 3094 τὰ
852 3032 1024 3108 pistillisque
1037 3035 1072 3092 τὰ
1086 3035 1117 3091 dl
1150 3039 1238 3108 αρβα-

100 3125 174 3230 ροισι
191 3061 394 3189 οἷποδεχθέζιτα
411 3104 500 3164 eisteti
521 3109 652 3179 γένηται,
676 3109 717 3163 ια’
740 3127 774 3163 τε
797 3106 899 3174 ἄλλα,
923 3109 984 3161 aori
1009 3100 1054 3160 δι’
1077 3097 1119 3174 ἣν
1140 3104 1239 3175 αἰτίην

121 3173 323 3243 πολέμησαν
334 3177 519 3244 eliciturus
542 3182 609 3244 (ubi,
625 3183 694 3246 quod
708 3180 834 3231 hocloco
848 3181 948 3230 addere
961 3179 1068 3244 placet,
1086 3179 1155 3244 Aug.
1169 3179 1240 3226 Mat·

100 3247 177 3297 thiae
191 3248 219 3295 in
232 3248 422 3311 Ephemeridd.
436 3249 559 3298 lenense.
575 3247 647 3298 1828.
663 3265 702 3298 nr.
719 3247 775 3298 ltu.
790 3266 815 3314 p.
829 3247 878 3298 389
895 3243 931 3296 τά
943 3261 973 3297 τε
986 3235 1058 3296 aitte
1075 3245 1152 3294 reddi
1165 3245 1238 3294 vult:

100 3331 174 3380 quum
191 3316 301 3378 reliqua,
321 3315 447 3380 quoniam
467 3315 495 3363 in
514 3315 742 3365 antecedentibus
759 3331 841 3365 sensu
860 3313 967 3378 quidem
986 3315 1161 3362 contineatur
1178 3327 1238 3362 ver-

101 3384 164 3430 bum
179 3379 353 3446 διηγεῖσθαι.
384 3383 437 3431 Sed
450 3383 490 3430 ito
503 3384 558 3432 iam
569 3383 813 3446 Wytteubachius,
829 3397 907 3446 quem
922 3381 1075 3442 attulimus,
1095 3380 1183 3428 locum
1197 3381 1237 3427 in-

99 3449 247 3499 tellexerat
259 3451 288 3498 in
301 3449 413 3499 Selectt.
427 3450 567 3502 historice.
578 3467 604 3515 p.
618 3449 676 3501 338.
706 3450 796 3499 Aliter
812 3451 882 3499 haec
901 3449 1040 3514 explicare
1052 3447 1133 3498 video
1146 3447 1238 3496 Oster-

100 3533 192 3568 mauu.
206 3518 246 3575 (in
259 3517 375 3568 Jahrbb.
389 3518 409 3570 f.
423 3517 531 3566 Philolo
552 3553 558 3566 .
574 3517 765 3568 Vothxxvl.
780 3534 806 3582 p.
817 3516 892 3580 596),
911 3517 957 3581 qui
975 3515 1067 3565 verbis
1082 3505 1239 3577 Ἡροδότου

97 3577 325 3651 Ἁλικαρνησσέος
338 3579 464 3651 ἱστορίης
474 3534 610 3662 α’πόξεξις
620 3577 672 3662 ᾖδε
685 3585 792 3634 titulum
806 3585 897 3650 operis
911 3581 1106 3648 quodammodo
1120 3581 1239 3630 iudicari

100 3660 176 3704 ratus
195 3669 210 3702 a
228 3653 403 3718 sequentibus
425 3653 517 3703 verbis
534 3668 571 3710 ως
588 3667 658 3718 pure
675 3669 700 3702 ιι.
719 3668 742 3702 τ.
761 3653 784 3702 l..
802 3667 901 3702 noram
919 3651 1060 3716 periodum
1080 3649 1186 3698 institui
1203 3663 1237 3698 ac

100 3727 163 3788 post
176 3713 210 3772 ια’
227 3736 256 3772 τε
269 3711 342 3772 ἄλλα
354 3721 466 3771 verbum
480 3711 602 3783 αἰιέδεξε
620 3722 704 3770 inseri
721 3719 787 3770 vult.
817 3719 951 3784 Equidem
967 3721 996 3768 in
1009 3733 1055 3776 ea,
1070 3733 1151 3782 quam
1164 3717 1236 3779 dodi,

100 3792 173 3841 inter
192 3791 328 3840 relatione
341 3789 420 3839 huius
433 3789 488 3839 loci
500 3789 649 3840 subsistere
663 3788 766 3838 malim.

198 3858 206 3922 )
224 3858 379 3908 Herodotus
397 3859 420 3908 si
438 3856 615 3922 chronologia
633 3857 702 3907 duce
721 3855 862 3906 historiam
885 3869 1013 3904 enarrare
1030 3852 1175 3916 voluisset,
1201 3852 1236 3902 ab

98 3927 220 3990 Assyriis
237 3927 329 3992 potius
347 3925 484 3991 proticisci
502 3925 619 3989 indeque
639 3925 673 3974 ad
691 3925 786 3974 Medos
804 3923 958 3987 Persasque
984 3927 1011 3970 et
1030 3921 1064 3970 ad
1083 3919 1157 3970 bella
1176 3936 1236 3970 curn

101 3995 216 4044 Graecis
234 4000 314 4060 gesta
332 3993 498 4044 descendero
512 4007 654 4058 rerumque
668 3993 813 4042 historiam
826 3991 861 4040 sd
873 4006 924 4040 suu
937 4003 1022 4054 usque
1035 3995 1159 4054 tempora
1173 4005 1237 4038 eon·

100 4062 208 4111 tinuare
221 4063 371 4112 debuisset.
401 4055 495 4126 Neque
508 4077 573 4111 vero
586 4061 643 4110 tale
660 4060 818 4111 universale
832 4059 902 4124 quod
918 4058 1013 4108 dieunt
1023 4056 1155 4106 historiae
1169 4071 1236 4121 opus

99 4128 148 4177 ille
162 4129 278 4179 condere
289 4129 388 4192 voluit,
403 4143 566 4194 quamquam
580 4128 660 4194 quale
673 4143 745 4178 nunc
758 4133 862 4189 exstat,
876 4126 940 4176 talis
949 4125 1039 4190 operis
1051 4126 1129 4176 vices
1140 4126 1235 4189 utique

100 4195 180 4246 nobis
192 4198 327 4248 sustinere
340 4197 436 4259 debot;
455 4197 503 4246 sed
516 4197 590 4246 bella
603 4197 780 4247 barbarorum
794 4211 854 4246 cum
868 4193 983 4244 Graecis
996 4209 1125 4243 enarrare
1138 4197 1167 4241 et
1179 4193 1236 4256 qui-

100 4265 162 4313 dem
180 4265 247 4329 ipsis
265 4265 379 4316 Graecis
398 4267 426 4314 in
444 4266 535 4315 animo
554 4264 664 4324 habuit;
684 4265 777 4328 itaque
797 4263 831 4313 ab
851 4277 885 4313 oa
901 4267 975 4312 terra
993 4261 1144 4322 exorditur,
1164 4275 1234 4324 quae

99 4333 219 4380 rixarum
232 4335 348 4382 omniurn
362 4334 439 4397 origo
458 4339 486 4382 et
499 4332 578 4397 quusi
591 4333 653 4382 sous
667 4332 833 4382 Graecorum
851 4345 899 4380 eru
912 4331 1028 4380 maxime
1041 4331 1070 4378 in
1082 4343 1112 4378 so
1126 4343 1235 4377 couver-

99 4404 186 4460 terut;
206 4405 288 4464 atque
307 4417 320 4450 e
334 4401 423 4464 Lydia
439 4402 545 4450 domum
563 4400 597 4450 ad
610 4400 755 4450 Persarum
773 4415 806 4449 sc
819 4399 948 4463 deinceps
962 4397 997 4446 ad
1011 4397 1177 4447 Graecorum
1190 4410 1234 4444 res

100 4468 208 4516 transit.
237 4469 343 4518 hlonuit
356 4469 488 4518 Creuaor:
507 4469 579 4518 Hist.
593 4468 682 4517 Kunst
693 4468 719 4517 d.
735 4469 781 4518 Gr.
794 4483 820 4532 p.
835 4465 884 4516 138
896 4465 933 4530 (p.
950 4464 997 4514 108
1011 4465 1052 4514 ed.
1066 4465 1143 4526 see).
