<?xml version="1.0" encoding="UTF-8"?>
<!DOCTYPE html PUBLIC "-//W3C//DTD XHTML 1.0 Transitional//EN"
    "http://www.w3.org/TR/xhtml1/DTD/xhtml1-transitional.dtd">
<html xmlns="http://www.w3.org/1999/xhtml" xml:lang="en" lang="en">
 <head>
  <title>
</title>
<meta http-equiv="Content-Type" content="text/html;charset=utf-8" />
  <meta name='ocr-system' content='tesseract 3.04.00' />
  <meta name='ocr-capabilities' content='ocr_page ocr_carea ocr_par ocr_line ocrx_word'/>
</head>
<body>
  <div class='ocr_page' id='page_1' title='image "./herodotihalicar02bhgoog/herodotihalicar02bhgoog_0187.png"; bbox 0 0 3074 4960; ppageno 0'>
   <div class='ocr_carea' id='block_1_1' title="bbox 226 411 925 482">
    <p class='ocr_par' dir='ltr' id='par_1_1' title="bbox 226 411 925 482">
     <span class='ocr_line' id='line_1_1' title="bbox 226 411 925 482; baseline -0.014 0"><span class='ocrx_word' id='word_1_1' title='bbox 226 419 285 482; x_wconf 88' lang='grc'><strong>168</strong></span> <span class='ocrx_word' id='word_1_2' title='bbox 661 411 925 474; x_wconf 82' lang='lat' dir='ltr'><strong>HERODOTI</strong></span> 
     </span>
    </p>
   </div>
   <div class='ocr_carea' id='block_1_2' title="bbox 159 580 1419 1691">
    <p class='ocr_par' dir='ltr' id='par_1_2' title="bbox 159 580 1419 1691">
     <span class='ocr_line' id='line_1_2' title="bbox 225 580 1363 678; baseline 0.001 -21"><span class='ocrx_word' id='word_1_3' title='bbox 225 617 291 678; x_wconf 81' lang='grc' dir='ltr'><strong><em>ειν,</em></strong></span> <span class='ocrx_word' id='word_1_4' title='bbox 316 593 446 674; x_wconf 90' lang='grc' dir='ltr'><strong><em>Πενίην</em></strong></span> <span class='ocrx_word' id='word_1_5' title='bbox 462 613 498 654; x_wconf 91' lang='grc' dir='ltr'><strong>τε</strong></span> <span class='ocrx_word' id='word_1_6' title='bbox 516 587 571 655; x_wconf 82' lang='grc' dir='ltr'><strong><em>καί</em></strong></span> <span class='ocrx_word' id='word_1_7' title='bbox 587 580 801 674; x_wconf 79' lang='grc' dir='ltr'><strong><em>Ἀμηχανίην</em></strong></span> <span class='ocrx_word' id='word_1_8' title='bbox 826 587 880 656; x_wconf 82' lang='grc' dir='ltr'><strong>καὶ</strong></span> <span class='ocrx_word' id='word_1_9' title='bbox 904 583 1033 656; x_wconf 81' lang='grc' dir='ltr'><strong><em>τούτων</em></strong></span> <span class='ocrx_word' id='word_1_10' title='bbox 1050 588 1118 656; x_wconf 78' lang='grc' dir='ltr'><strong><em>των</em></strong></span> <span class='ocrx_word' id='word_1_11' title='bbox 1134 587 1227 655; x_wconf 75' lang='grc' dir='ltr'><strong><em>θεοῖν</em></strong></span> <span class='ocrx_word' id='word_1_12' title='bbox 1247 585 1363 674; x_wconf 84' lang='grc' dir='ltr'><strong><em>ἐπηβό-</em></strong></span> 
     </span>
     <span class='ocr_line' id='line_1_3' title="bbox 225 683 1364 778; baseline -0.002 -19"><span class='ocrx_word' id='word_1_13' title='bbox 225 699 302 770; x_wconf 89' lang='grc' dir='ltr'><strong><em>λους</em></strong></span> <span class='ocrx_word' id='word_1_14' title='bbox 322 685 433 768; x_wconf 78' lang='grc' dir='ltr'><strong><em>ἐόντας</em></strong></span> <span class='ocrx_word' id='word_1_15' title='bbox 448 683 621 776; x_wconf 79' lang='grc' dir='ltr'><strong><em>Ἀνδρίους</em></strong></span> <span class='ocrx_word' id='word_1_16' title='bbox 639 683 680 755; x_wconf 82' lang='grc' dir='ltr'><strong>οὐ</strong></span> <span class='ocrx_word' id='word_1_17' title='bbox 705 683 827 756; x_wconf 73' lang='grc' dir='ltr'><strong><em>δαίσειν</em></strong></span> <span class='ocrx_word' id='word_1_18' title='bbox 849 684 1005 776; x_wconf 82' lang='grc' dir='ltr'><strong><em>χρήματα.</em></strong></span> <span class='ocrx_word' id='word_1_19' title='bbox 1042 683 1198 757; x_wconf 75' lang='grc' dir='ltr'><strong><em>οὐδέκοτε</em></strong></span> <span class='ocrx_word' id='word_1_20' title='bbox 1221 684 1284 778; x_wconf 75' lang='grc' dir='ltr'><strong>γὰρ</strong></span> <span class='ocrx_word' id='word_1_21' title='bbox 1307 692 1364 776; x_wconf 79' lang='grc' dir='ltr'><strong><em>τῆς</em></strong></span> 
     </span>
     <span class='ocr_line' id='line_1_4' title="bbox 226 777 1364 878; baseline -0.001 -18"><span class='ocrx_word' id='word_1_22' title='bbox 226 793 362 860; x_wconf 76' lang='grc' dir='ltr'><strong><em>ἑωυτῶν</em></strong></span> <span class='ocrx_word' id='word_1_23' title='bbox 379 785 565 878; x_wconf 76' lang='grc' dir='ltr'><em>ἀδυναμίης</em></span> <span class='ocrx_word' id='word_1_24' title='bbox 583 785 644 876; x_wconf 82' lang='grc' dir='ltr'><strong><em>τὴν</em></strong></span> <span class='ocrx_word' id='word_1_25' title='bbox 659 783 848 876; x_wconf 75' lang='grc' dir='ltr'><strong><em>Ἀθηναίων</em></strong></span> <span class='ocrx_word' id='word_1_26' title='bbox 867 786 1011 877; x_wconf 83' lang='grc' dir='ltr'><strong><em>δύναμιν</em></strong></span> <span class='ocrx_word' id='word_1_27' title='bbox 1029 787 1115 859; x_wconf 85' lang='grc' dir='ltr'><strong><em>εἶναι</em></strong></span> <span class='ocrx_word' id='word_1_28' title='bbox 1133 791 1271 878; x_wconf 80' lang='grc' dir='ltr'><strong><em>κρέσσω.</em></strong></span> <span class='ocrx_word' id='word_1_29' title='bbox 1298 777 1364 859; x_wconf 81' lang='grc' dir='ltr'><strong>θό-</strong></span> 
     </span>
     <span class='ocr_line' id='line_1_5' title="bbox 224 885 1365 981; baseline -0.002 -19"><span class='ocrx_word' id='word_1_30' title='bbox 224 921 274 962; x_wconf 90' lang='grc' dir='ltr'><strong><em>τοι</em></strong></span> <span class='ocrx_word' id='word_1_31' title='bbox 297 892 359 981; x_wconf 71' lang='grc' dir='ltr'><strong>μὲν</strong></span> <span class='ocrx_word' id='word_1_32' title='bbox 384 888 424 978; x_wconf 77' lang='grc' dir='ltr'><strong>δὴ</strong></span> <span class='ocrx_word' id='word_1_33' title='bbox 449 893 553 959; x_wconf 76' lang='grc' dir='ltr'><strong><em>ταῦτα</em></strong></span> <span class='ocrx_word' id='word_1_34' title='bbox 582 885 839 978; x_wconf 77' lang='grc' dir='ltr'><strong><em>ὑποκρινόμενοι</em></strong></span> <span class='ocrx_word' id='word_1_35' title='bbox 856 892 918 958; x_wconf 86' lang='grc' dir='ltr'><strong>καλ</strong></span> <span class='ocrx_word' id='word_1_36' title='bbox 942 886 983 959; x_wconf 79' lang='grc' dir='ltr'><strong>οὐ</strong></span> <span class='ocrx_word' id='word_1_37' title='bbox 1015 887 1130 970; x_wconf 89' lang='grc' dir='ltr'><strong><em>δόντες</em></strong></span> <span class='ocrx_word' id='word_1_38' title='bbox 1153 887 1193 959; x_wconf 76' lang='grc' dir='ltr'><strong><em>τὰ</em></strong></span> <span class='ocrx_word' id='word_1_39' title='bbox 1216 887 1365 980; x_wconf 81' lang='grc' dir='ltr'><strong><em>χρήματα</em></strong></span> 
     </span>
     <span class='ocr_line' id='line_1_6' title="bbox 159 987 1364 1082; baseline -0.002 -17"><span class='ocrx_word' id='word_1_40' title='bbox 159 1004 217 1065; x_wconf 87' lang='grc'><strong>112</strong></span> <span class='ocrx_word' id='word_1_41' title='bbox 228 994 483 1082; x_wconf 77' lang='grc' dir='ltr'><strong><em>ἐπολιορκέοντο.</em></strong></span> <span class='ocrx_word' id='word_1_42' title='bbox 503 993 742 1080; x_wconf 79' lang='grc' dir='ltr'><strong><em>Θεμιστοκλέης</em></strong></span> <span class='ocrx_word' id='word_1_43' title='bbox 761 991 814 1078; x_wconf 79' lang='grc' dir='ltr'><strong><em>δέ,</em></strong></span> <span class='ocrx_word' id='word_1_44' title='bbox 831 987 873 1061; x_wconf 74' lang='lat' dir='ltr'><strong>ari</strong></span> <span class='ocrx_word' id='word_1_45' title='bbox 891 987 954 1081; x_wconf 76' lang='grc' dir='ltr'><strong>γὰρ</strong></span> <span class='ocrx_word' id='word_1_46' title='bbox 973 990 1111 1062; x_wconf 79' lang='grc' dir='ltr'><strong><em>ἐπαύετο</em></strong></span> <span class='ocrx_word' id='word_1_47' title='bbox 1125 995 1364 1078; x_wconf 76' lang='grc' dir='ltr'><strong><em>πλεονεκτέων,</em></strong></span> 
     </span>
     <span class='ocr_line' id='line_1_7' title="bbox 226 1087 1365 1184; baseline -0.002 -20"><span class='ocrx_word' id='word_1_48' title='bbox 226 1097 402 1184; x_wconf 79' lang='grc' dir='ltr'><strong><em>ἐσπέμπων</em></strong></span> <span class='ocrx_word' id='word_1_49' title='bbox 427 1097 459 1174; x_wconf 84' lang='grc' dir='ltr'><strong>ἐς</strong></span> <span class='ocrx_word' id='word_1_50' title='bbox 481 1090 538 1173; x_wconf 84' lang='grc' dir='ltr'><strong><em>τίις</em></strong></span> <span class='ocrx_word' id='word_1_51' title='bbox 562 1089 662 1172; x_wconf 75' lang='grc' dir='ltr'><strong><em>ἄλλας</em></strong></span> <span class='ocrx_word' id='word_1_52' title='bbox 685 1091 808 1181; x_wconf 79' lang='grc' dir='ltr'><strong><em>νήσους</em></strong></span> <span class='ocrx_word' id='word_1_53' title='bbox 831 1087 1083 1182; x_wconf 77' lang='grc' dir='ltr'><strong><em>ἀπειλητηρίους</em></strong></span> <span class='ocrx_word' id='word_1_54' title='bbox 1112 1091 1248 1182; x_wconf 78' lang='grc' dir='ltr'><strong><em>λόγους,</em></strong></span> <span class='ocrx_word' id='word_1_55' title='bbox 1278 1103 1365 1162; x_wconf 78' lang='lat' dir='ltr'><strong>circe</strong></span> 
     </span>
     <span class='ocr_line' id='line_1_8' title="bbox 224 1189 1364 1286; baseline 0 -22"><span class='ocrx_word' id='word_1_56' title='bbox 224 1193 373 1286; x_wconf 84' lang='grc' dir='ltr'><strong><em>χρήματα</em></strong></span> <span class='ocrx_word' id='word_1_57' title='bbox 392 1191 447 1264; x_wconf 76' lang='grc' dir='ltr'><strong>διὰ</strong></span> <span class='ocrx_word' id='word_1_58' title='bbox 465 1197 532 1264; x_wconf 74' lang='grc' dir='ltr'><strong><em>τῶν</em></strong></span> <span class='ocrx_word' id='word_1_59' title='bbox 550 1189 662 1264; x_wconf 73' lang='grc' dir='ltr'><strong><em>αὐτοῖν</em></strong></span> <span class='ocrx_word' id='word_1_60' title='bbox 680 1189 841 1282; x_wconf 78' lang='grc' dir='ltr'><strong><em>ἀγγέλων,</em></strong></span> <span class='ocrx_word' id='word_1_61' title='bbox 860 1191 1044 1284; x_wconf 78' lang='grc' dir='ltr'><strong><em>χρεόμενος</em></strong></span> <span class='ocrx_word' id='word_1_62' title='bbox 1062 1193 1188 1283; x_wconf 82' lang='grc' dir='ltr'><strong><em>λόγοισι</em></strong></span> <span class='ocrx_word' id='word_1_63' title='bbox 1205 1211 1291 1264; x_wconf 72' lang='grc' dir='ltr'><strong><em>τοῖσι</em></strong></span> <span class='ocrx_word' id='word_1_64' title='bbox 1309 1197 1364 1264; x_wconf 83' lang='grc' dir='ltr'><strong>καὶ</strong></span> 
     </span>
     <span class='ocr_line' id='line_1_9' title="bbox 225 1289 1365 1388; baseline -0.002 -20"><span class='ocrx_word' id='word_1_65' title='bbox 225 1295 306 1388; x_wconf 86' lang='grc' dir='ltr'><strong><em>πρός</em></strong></span> <span class='ocrx_word' id='word_1_66' title='bbox 322 1293 495 1388; x_wconf 86' lang='grc' dir='ltr'><strong><em>Ἀνδρίους</em></strong></span> <span class='ocrx_word' id='word_1_67' title='bbox 515 1293 685 1386; x_wconf 84' lang='grc' dir='ltr'><strong><em>ἐχρήσατο,</em></strong></span> <span class='ocrx_word' id='word_1_68' title='bbox 704 1297 829 1383; x_wconf 82' lang='grc' dir='ltr'><strong><em>λέγων,</em></strong></span> <span class='ocrx_word' id='word_1_69' title='bbox 849 1289 910 1382; x_wconf 79' lang='grc' dir='ltr'><strong><em>ὦς,</em></strong></span> <span class='ocrx_word' id='word_1_70' title='bbox 930 1293 1021 1384; x_wconf 80' lang='grc' dir='ltr'><strong><em>εἰμὴ</em></strong></span> <span class='ocrx_word' id='word_1_71' title='bbox 1041 1294 1187 1366; x_wconf 82' lang='grc' dir='ltr'><strong><em>δυ’σουσι</em></strong></span> <span class='ocrx_word' id='word_1_72' title='bbox 1206 1292 1242 1366; x_wconf 86' lang='grc' dir='ltr'><strong><em>τό</em></strong></span> <span class='ocrx_word' id='word_1_73' title='bbox 1262 1293 1365 1366; x_wconf 77' lang='lat' dir='ltr'><strong>niceti-</strong></span> 
     </span>
     <span class='ocr_line' id='line_1_10' title="bbox 226 1391 1366 1488; baseline 0 -20"><span class='ocrx_word' id='word_1_74' title='bbox 226 1427 346 1488; x_wconf 88' lang='grc' dir='ltr'><strong><em>μενον,</em></strong></span> <span class='ocrx_word' id='word_1_75' title='bbox 378 1395 509 1480; x_wconf 78' lang='grc' dir='ltr'><strong><em>ἐπάξειν</em></strong></span> <span class='ocrx_word' id='word_1_76' title='bbox 530 1394 592 1485; x_wconf 81' lang='grc' dir='ltr'><strong><em>τὴν</em></strong></span> <span class='ocrx_word' id='word_1_77' title='bbox 616 1393 773 1486; x_wconf 80' lang='grc' dir='ltr'><strong><em>στρατιὴν</em></strong></span> <span class='ocrx_word' id='word_1_78' title='bbox 796 1399 864 1467; x_wconf 74' lang='grc' dir='ltr'><strong><em>τοῖν</em></strong></span> <span class='ocrx_word' id='word_1_79' title='bbox 883 1391 1066 1486; x_wconf 77' lang='grc' dir='ltr'><strong><em>Ἑλλήνων,</em></strong></span> <span class='ocrx_word' id='word_1_80' title='bbox 1091 1399 1145 1466; x_wconf 86' lang='grc' dir='ltr'><strong>καὶ</strong></span> <span class='ocrx_word' id='word_1_81' title='bbox 1163 1400 1366 1488; x_wconf 88' lang='grc' dir='ltr'><strong><em>πολιορκέων</em></strong></span> 
     </span>
     <span class='ocr_line' id='line_1_11' title="bbox 229 1488 1367 1590; baseline -0.001 -21"><span class='ocrx_word' id='word_1_82' title='bbox 229 1497 399 1590; x_wconf 82' lang='grc' dir='ltr'><strong><em>ἐξαιρήσει.</em></strong></span> <span class='ocrx_word' id='word_1_83' title='bbox 448 1501 554 1586; x_wconf 82' lang='grc' dir='ltr'><strong><em>λέγων</em></strong></span> <span class='ocrx_word' id='word_1_84' title='bbox 584 1488 632 1568; x_wconf 66' lang='grc' dir='ltr'><strong>οἶν</strong></span> <span class='ocrx_word' id='word_1_85' title='bbox 649 1501 753 1568; x_wconf 80' lang='grc' dir='ltr'><strong><em>ταῦτα</em></strong></span> <span class='ocrx_word' id='word_1_86' title='bbox 776 1500 934 1586; x_wconf 83' lang='grc' dir='ltr'><strong><em>συνέλεγε</em></strong></span> <span class='ocrx_word' id='word_1_87' title='bbox 958 1496 1106 1589; x_wconf 80' lang='grc' dir='ltr'><strong><em>χρήματα</em></strong></span> <span class='ocrx_word' id='word_1_88' title='bbox 1129 1497 1255 1588; x_wconf 82' lang='grc' dir='ltr'><strong><em>μεγάλα</em></strong></span> <span class='ocrx_word' id='word_1_89' title='bbox 1278 1495 1367 1587; x_wconf 74' lang='grc' dir='ltr'><strong><em>παρὰ</em></strong></span> 
     </span>
     <span class='ocr_line' id='line_1_12' title="bbox 227 1597 1419 1691; baseline -0.001 -20"><span class='ocrx_word' id='word_1_90' title='bbox 227 1607 427 1691; x_wconf 87' lang='grc' dir='ltr'><strong><em>Καρυστίων</em></strong></span> <span class='ocrx_word' id='word_1_91' title='bbox 448 1627 484 1669; x_wconf 90' lang='grc' dir='ltr'><strong>τε</strong></span> <span class='ocrx_word' id='word_1_92' title='bbox 507 1601 562 1669; x_wconf 85' lang='grc' dir='ltr'><strong><em>κοιλ</em></strong></span> <span class='ocrx_word' id='word_1_93' title='bbox 580 1607 731 1690; x_wconf 89' lang='grc' dir='ltr'><strong><em>Παρίων,</em></strong></span> <span class='ocrx_word' id='word_1_94' title='bbox 751 1607 785 1669; x_wconf 82' lang='grc' dir='ltr'><strong>οἳ</strong></span> <span class='ocrx_word' id='word_1_95' title='bbox 805 1598 1056 1690; x_wconf 80' lang='grc' dir='ltr'><strong><em>πυνθανόμενοι</em></strong></span> <span class='ocrx_word' id='word_1_96' title='bbox 1074 1597 1136 1689; x_wconf 81' lang='grc' dir='ltr'><strong><em>τήν</em></strong></span> <span class='ocrx_word' id='word_1_97' title='bbox 1153 1627 1189 1670; x_wconf 91' lang='grc' dir='ltr'><strong>τε</strong></span> <span class='ocrx_word' id='word_1_98' title='bbox 1198 1597 1357 1690; x_wconf 65' lang='grc' dir='ltr'><strong><em>Ἄνδρον,</em></strong></span> <span class='ocrx_word' id='word_1_99' title='bbox 1365 1625 1419 1677; x_wconf 75' lang='grc'><strong>673</strong></span> 
     </span>
    </p>
   </div>
   <div class='ocr_carea' id='block_1_3' title="bbox 226 1789 1368 3282">
    <p class='ocr_par' dir='ltr' id='par_1_3' title="bbox 226 1789 1368 3282">
     <span class='ocr_line' id='line_1_13' title="bbox 260 1789 1365 1864; baseline -0.002 -14"><span class='ocrx_word' id='word_1_100' title='bbox 260 1794 309 1850; x_wconf 85' lang='grc' dir='ltr'><strong>καλ</strong></span> <span class='ocrx_word' id='word_1_101' title='bbox 326 1789 433 1848; x_wconf 74' lang='grc' dir='ltr'><strong><em>τούτων</em></strong></span> <span class='ocrx_word' id='word_1_102' title='bbox 450 1795 505 1847; x_wconf 76' lang='grc' dir='ltr'><strong><em>τοῖν</em></strong></span> <span class='ocrx_word' id='word_1_103' title='bbox 522 1797 601 1848; x_wconf 79' lang='grc' dir='ltr'><strong><em>θεῶν</em></strong></span> <span class='ocrx_word' id='word_1_104' title='bbox 614 1789 771 1864; x_wconf 78' lang='grc' dir='ltr'><strong><em>ἐπηβόλους</em></strong></span> <span class='ocrx_word' id='word_1_105' title='bbox 822 1799 869 1848; x_wconf 92' lang='lat' dir='ltr'><strong>nui</strong></span> <span class='ocrx_word' id='word_1_106' title='bbox 888 1798 922 1848; x_wconf 83' lang='lat' dir='ltr'><strong>ud</strong></span> <span class='ocrx_word' id='word_1_107' title='bbox 940 1799 1003 1860; x_wconf 88' lang='lat' dir='ltr'><strong>VII,</strong></span> <span class='ocrx_word' id='word_1_108' title='bbox 1027 1795 1082 1847; x_wconf 81' lang='grc'><strong><em>158.</em></strong></span> <span class='ocrx_word' id='word_1_109' title='bbox 1113 1797 1215 1848; x_wconf 80' lang='lat' dir='ltr'>Sensus</span> <span class='ocrx_word' id='word_1_110' title='bbox 1234 1797 1290 1848; x_wconf 88' lang='lat' dir='ltr'><strong>loci</strong></span> <span class='ocrx_word' id='word_1_111' title='bbox 1310 1804 1365 1849; x_wconf 86' lang='lat' dir='ltr'><strong>est:</strong></span> 
     </span>
     <span class='ocr_line' id='line_1_14' title="bbox 227 1855 1367 1932; baseline -0.001 -16"><span class='ocrx_word' id='word_1_112' title='bbox 227 1857 326 1922; x_wconf 80' lang='grc' dir='ltr'><strong><em>ἐόντας</em></strong></span> <span class='ocrx_word' id='word_1_113' title='bbox 341 1855 492 1929; x_wconf 73' lang='grc' dir='ltr'><strong><em>Ἀνδρίους]</em></strong></span> <span class='ocrx_word' id='word_1_114' title='bbox 517 1867 534 1915; x_wconf 91' lang='lat' dir='ltr'><strong>i.</strong></span> <span class='ocrx_word' id='word_1_115' title='bbox 549 1883 572 1915; x_wconf 90' lang='lat' dir='ltr'><strong>e.</strong></span> <span class='ocrx_word' id='word_1_116' title='bbox 592 1873 667 1932; x_wconf 84' lang='lat' dir='ltr'><strong>atque</strong></span> <span class='ocrx_word' id='word_1_117' title='bbox 684 1867 770 1916; x_wconf 76' lang='lat' dir='ltr'><strong>torrem</strong></span> <span class='ocrx_word' id='word_1_118' title='bbox 822 1882 902 1931; x_wconf 82' lang='lat' dir='ltr'><strong>neque</strong></span> <span class='ocrx_word' id='word_1_119' title='bbox 920 1869 983 1916; x_wconf 88' lang='lat' dir='ltr'><strong>enim</strong></span> <span class='ocrx_word' id='word_1_120' title='bbox 1003 1866 1120 1916; x_wconf 75' lang='lat' dir='ltr'><strong>cessabat</strong></span> <span class='ocrx_word' id='word_1_121' title='bbox 1136 1869 1258 1930; x_wconf 73' lang='lat' dir='ltr'><strong>pecunias</strong></span> <span class='ocrx_word' id='word_1_122' title='bbox 1269 1882 1291 1916; x_wconf 88' lang='lat' dir='ltr'><strong>s.</strong></span> <span class='ocrx_word' id='word_1_123' title='bbox 1304 1881 1367 1930; x_wconf 75' lang='lat' dir='ltr'><strong>aper</strong></span> 
     </span>
     <span class='ocr_line' id='line_1_15' title="bbox 226 1933 1366 1999; baseline -0.001 -16"><span class='ocrx_word' id='word_1_124' title='bbox 226 1937 329 1988; x_wconf 79' lang='lat' dir='ltr'><strong>deornm</strong></span> <span class='ocrx_word' id='word_1_125' title='bbox 341 1940 469 1996; x_wconf 77' lang='lat' dir='ltr'><strong>corttpates</strong></span> <span class='ocrx_word' id='word_1_126' title='bbox 481 1935 610 1996; x_wconf 76' lang='lat' dir='ltr'><strong>eumfacit</strong></span> <span class='ocrx_word' id='word_1_127' title='bbox 621 1940 704 1983; x_wconf 78' lang='lat' dir='ltr'><strong>eseent</strong></span> <span class='ocrx_word' id='word_1_128' title='bbox 718 1935 770 1984; x_wconf 77' lang='lat' dir='ltr'><strong>Aa·</strong></span> <span class='ocrx_word' id='word_1_129' title='bbox 822 1935 988 1999; x_wconf 81' lang='lat' dir='ltr'><strong>conquirendi</strong></span> <span class='ocrx_word' id='word_1_130' title='bbox 1003 1935 1118 1998; x_wconf 76' lang='lat' dir='ltr'><strong>eupitius.</strong></span> <span class='ocrx_word' id='word_1_131' title='bbox 1155 1933 1300 1984; x_wconf 76' lang='lat' dir='ltr'><strong>Caeterum</strong></span> <span class='ocrx_word' id='word_1_132' title='bbox 1320 1950 1366 1983; x_wconf 87' lang='lat' dir='ltr'><strong>ee·</strong></span> 
     </span>
     <span class='ocr_line' id='line_1_16' title="bbox 227 2000 1366 2066; baseline -0.002 -14"><span class='ocrx_word' id='word_1_133' title='bbox 227 2003 280 2052; x_wconf 85' lang='lat' dir='ltr'><strong>drii</strong></span> <span class='ocrx_word' id='word_1_134' title='bbox 289 2017 310 2050; x_wconf 91' lang='lat' dir='ltr'><strong>s.</strong></span> <span class='ocrx_word' id='word_1_135' title='bbox 324 2002 460 2066; x_wconf 76' lang='lat' dir='ltr'><strong>quasdem</strong></span> <span class='ocrx_word' id='word_1_136' title='bbox 473 2017 525 2050; x_wconf 87' lang='lat' dir='ltr'><strong>enm</strong></span> <span class='ocrx_word' id='word_1_137' title='bbox 539 2004 607 2050; x_wconf 86' lang='lat' dir='ltr'><strong>nacti</strong></span> <span class='ocrx_word' id='word_1_138' title='bbox 619 2008 704 2050; x_wconf 76' lang='lat' dir='ltr'><strong>essent</strong></span> <span class='ocrx_word' id='word_1_139' title='bbox 716 2003 770 2050; x_wconf 81' lang='lat' dir='ltr'><strong>Aa·</strong></span> <span class='ocrx_word' id='word_1_140' title='bbox 823 2001 883 2050; x_wconf 78' lang='lat' dir='ltr'><strong>dein</strong></span> <span class='ocrx_word' id='word_1_141' title='bbox 902 2003 960 2050; x_wconf 89' lang='lat' dir='ltr'><strong>lere</strong></span> <span class='ocrx_word' id='word_1_142' title='bbox 979 2006 1091 2050; x_wconf 78' lang='lat' dir='ltr'>enarrat</span> <span class='ocrx_word' id='word_1_143' title='bbox 1102 2000 1243 2052; x_wconf 76' lang='lat' dir='ltr'><strong>Plutarch.</strong></span> <span class='ocrx_word' id='word_1_144' title='bbox 1256 2001 1366 2050; x_wconf 87' lang='lat' dir='ltr'><strong>Themi-</strong></span> 
     </span>
     <span class='ocr_line' id='line_1_17' title="bbox 227 2059 1367 2135; baseline 0 -17"><span class='ocrx_word' id='word_1_145' title='bbox 227 2071 285 2120; x_wconf 68' lang='lat' dir='ltr'><strong>stru.</strong></span> <span class='ocrx_word' id='word_1_146' title='bbox 322 2067 423 2118; x_wconf 81' lang='lat' dir='ltr'>Vocem</span> <span class='ocrx_word' id='word_1_147' title='bbox 441 2059 579 2134; x_wconf 66' lang='lat' dir='ltr'><strong>invidetne</strong></span> <span class='ocrx_word' id='word_1_148' title='bbox 600 2068 772 2118; x_wconf 81' lang='lat' dir='ltr'><strong>illustrarunt</strong></span> <span class='ocrx_word' id='word_1_149' title='bbox 824 2068 900 2118; x_wconf 87' lang='lat' dir='ltr'><strong>sloel.</strong></span> <span class='ocrx_word' id='word_1_150' title='bbox 919 2069 960 2119; x_wconf 89' lang='grc'><strong>21.</strong></span> <span class='ocrx_word' id='word_1_151' title='bbox 979 2070 1039 2120; x_wconf 89' lang='lat' dir='ltr'><strong>init.</strong></span> <span class='ocrx_word' id='word_1_152' title='bbox 1059 2086 1085 2135; x_wconf 87' lang='lat' dir='ltr'><strong>p.</strong></span> <span class='ocrx_word' id='word_1_153' title='bbox 1102 2068 1199 2131; x_wconf 66' lang='lat'>1220„</span> <span class='ocrx_word' id='word_1_154' title='bbox 1215 2069 1264 2118; x_wconf 90' lang='lat' dir='ltr'><strong>nbi</strong></span> <span class='ocrx_word' id='word_1_155' title='bbox 1282 2070 1367 2118; x_wconf 85' lang='lat' dir='ltr'><strong>etium</strong></span> 
     </span>
     <span class='ocr_line' id='line_1_18' title="bbox 227 2135 1368 2201; baseline 0 -15"><span class='ocrx_word' id='word_1_156' title='bbox 227 2135 379 2187; x_wconf 88' lang='lat' dir='ltr'><strong>Blomlield.</strong></span> <span class='ocrx_word' id='word_1_157' title='bbox 389 2135 510 2186; x_wconf 81' lang='lat' dir='ltr'><strong>Glosser.</strong></span> <span class='ocrx_word' id='word_1_158' title='bbox 522 2136 557 2185; x_wconf 87' lang='lat' dir='ltr'><strong>ad</strong></span> <span class='ocrx_word' id='word_1_159' title='bbox 567 2136 697 2200; x_wconf 73' lang='lat' dir='ltr'><strong>Aeschyli</strong></span> <span class='ocrx_word' id='word_1_160' title='bbox 706 2137 770 2186; x_wconf 90' lang='lat' dir='ltr'><strong>Pro·</strong></span> <span class='ocrx_word' id='word_1_161' title='bbox 822 2137 1035 2198; x_wconf 69' lang='lat' dir='ltr'><strong>Timocreontis,</strong></span> <span class='ocrx_word' id='word_1_162' title='bbox 1051 2138 1096 2201; x_wconf 89' lang='lat' dir='ltr'><strong>qni</strong></span> <span class='ocrx_word' id='word_1_163' title='bbox 1108 2135 1302 2186; x_wconf 79' lang='lat' dir='ltr'><strong>Themistoclis</strong></span> <span class='ocrx_word' id='word_1_164' title='bbox 1314 2137 1368 2186; x_wconf 84' lang='lat' dir='ltr'><strong>init</strong></span> 
     </span>
     <span class='ocr_line' id='line_1_19' title="bbox 227 2202 1366 2268; baseline -0.002 -14"><span class='ocrx_word' id='word_1_165' title='bbox 227 2204 310 2256; x_wconf 87' lang='lat' dir='ltr'><strong>moth.</strong></span> <span class='ocrx_word' id='word_1_166' title='bbox 329 2202 459 2258; x_wconf 68' lang='lat' dir='ltr'><strong>letech.</strong></span> <span class='ocrx_word' id='word_1_167' title='bbox 479 2203 514 2252; x_wconf 84' lang='lat' dir='ltr'><strong>ad</strong></span> <span class='ocrx_word' id='word_1_168' title='bbox 532 2204 692 2268; x_wconf 79' lang='lat' dir='ltr'><strong>hgemenm.</strong></span> <span class='ocrx_word' id='word_1_169' title='bbox 711 2203 771 2268; x_wconf 79' lang='lat'>525,</span> <span class='ocrx_word' id='word_1_170' title='bbox 824 2203 1012 2266; x_wconf 78' lang='lat' dir='ltr'><strong>adversariae,</strong></span> <span class='ocrx_word' id='word_1_171' title='bbox 1028 2207 1119 2254; x_wconf 82' lang='lat' dir='ltr'><strong>exstet</strong></span> <span class='ocrx_word' id='word_1_172' title='bbox 1131 2219 1243 2253; x_wconf 80' lang='lat' dir='ltr'><strong>carmen</strong></span> <span class='ocrx_word' id='word_1_173' title='bbox 1255 2205 1283 2252; x_wconf 91' lang='lat' dir='ltr'><strong>in</strong></span> <span class='ocrx_word' id='word_1_174' title='bbox 1295 2204 1366 2253; x_wconf 88' lang='lat' dir='ltr'><strong>The-</strong></span> 
     </span>
     <span class='ocr_line' id='line_1_20' title="bbox 227 2270 1367 2337; baseline -0.002 -15"><span class='ocrx_word' id='word_1_175' title='bbox 227 2271 361 2322; x_wconf 83' lang='lat' dir='ltr'><strong>Schuoier</strong></span> <span class='ocrx_word' id='word_1_176' title='bbox 378 2271 484 2320; x_wconf 88' lang='lat' dir='ltr'><strong>Melett.</strong></span> <span class='ocrx_word' id='word_1_177' title='bbox 504 2273 577 2321; x_wconf 82' lang='lat' dir='ltr'><strong>crItt.</strong></span> <span class='ocrx_word' id='word_1_178' title='bbox 591 2289 617 2337; x_wconf 88' lang='lat' dir='ltr'><strong>p.</strong></span> <span class='ocrx_word' id='word_1_179' title='bbox 630 2270 676 2330; x_wconf 84' lang='grc'><strong><em>48,</em></strong></span> <span class='ocrx_word' id='word_1_180' title='bbox 695 2272 771 2335; x_wconf 83' lang='lat' dir='ltr'><strong>Wyt-</strong></span> <span class='ocrx_word' id='word_1_181' title='bbox 823 2271 975 2322; x_wconf 86' lang='lat' dir='ltr'><strong>mistoclem</strong></span> <span class='ocrx_word' id='word_1_182' title='bbox 989 2273 1143 2322; x_wconf 80' lang='lat' dir='ltr'><strong>traductum</strong></span> <span class='ocrx_word' id='word_1_183' title='bbox 1161 2287 1229 2322; x_wconf 83' lang='lat' dir='ltr'><strong>seue</strong></span> <span class='ocrx_word' id='word_1_184' title='bbox 1242 2277 1272 2321; x_wconf 87' lang='lat' dir='ltr'><strong>ut</strong></span> <span class='ocrx_word' id='word_1_185' title='bbox 1284 2271 1367 2321; x_wconf 91' lang='lat' dir='ltr'><strong>homi·</strong></span> 
     </span>
     <span class='ocr_line' id='line_1_21' title="bbox 227 2337 1368 2404; baseline -0.002 -14"><span class='ocrx_word' id='word_1_186' title='bbox 227 2339 356 2392; x_wconf 86' lang='lat' dir='ltr'><strong>tonbeoh.</strong></span> <span class='ocrx_word' id='word_1_187' title='bbox 371 2338 406 2388; x_wconf 83' lang='lat' dir='ltr'><strong>nd</strong></span> <span class='ocrx_word' id='word_1_188' title='bbox 415 2339 554 2389; x_wconf 82' lang='lat' dir='ltr'><strong>Plutarch.</strong></span> <span class='ocrx_word' id='word_1_189' title='bbox 566 2340 633 2390; x_wconf 90' lang='lat' dir='ltr'><strong>Mor.</strong></span> <span class='ocrx_word' id='word_1_190' title='bbox 645 2340 665 2388; x_wconf 89' lang='lat'><strong>1.</strong></span> <span class='ocrx_word' id='word_1_191' title='bbox 676 2356 702 2404; x_wconf 90' lang='lat' dir='ltr'><strong>p.</strong></span> <span class='ocrx_word' id='word_1_192' title='bbox 715 2337 771 2389; x_wconf 88' lang='grc'><strong>112.</strong></span> <span class='ocrx_word' id='word_1_193' title='bbox 823 2355 885 2390; x_wconf 90' lang='lat' dir='ltr'><strong>uem</strong></span> <span class='ocrx_word' id='word_1_194' title='bbox 898 2339 1070 2398; x_wconf 79' lang='lat' dir='ltr'><strong>mendaeem,</strong></span> <span class='ocrx_word' id='word_1_195' title='bbox 1086 2339 1229 2402; x_wconf 83' lang='lat' dir='ltr'><strong>iniustum,</strong></span> <span class='ocrx_word' id='word_1_196' title='bbox 1248 2339 1368 2404; x_wconf 88' lang='lat' dir='ltr'><strong>prodito·</strong></span> 
     </span>
     <span class='ocr_line' id='line_1_22' title="bbox 227 2407 1367 2472; baseline -0.002 -15"><span class='ocrx_word' id='word_1_197' title='bbox 227 2407 294 2460; x_wconf 78' lang='lat' dir='ltr'><strong>Add.</strong></span> <span class='ocrx_word' id='word_1_198' title='bbox 309 2407 410 2457; x_wconf 85' lang='lat' dir='ltr'><strong>Herod.</strong></span> <span class='ocrx_word' id='word_1_199' title='bbox 422 2407 468 2465; x_wconf 89' lang='lat' dir='ltr'><strong>IX,</strong></span> <span class='ocrx_word' id='word_1_200' title='bbox 483 2407 524 2457; x_wconf 82' lang='lat' dir='ltr'><strong>lu.</strong></span> <span class='ocrx_word' id='word_1_201' title='bbox 824 2423 889 2467; x_wconf 82' lang='lat' dir='ltr'><strong>rem,</strong></span> <span class='ocrx_word' id='word_1_202' title='bbox 905 2407 951 2472; x_wconf 90' lang='lat' dir='ltr'><strong>qui</strong></span> <span class='ocrx_word' id='word_1_203' title='bbox 963 2407 1081 2472; x_wconf 76' lang='lat' dir='ltr'><strong>pecunie</strong></span> <span class='ocrx_word' id='word_1_204' title='bbox 1094 2411 1236 2470; x_wconf 89' lang='lat' dir='ltr'><strong>corruptus</strong></span> <span class='ocrx_word' id='word_1_205' title='bbox 1250 2407 1367 2456; x_wconf 85' lang='lat' dir='ltr'><strong>amicum</strong></span> 
     </span>
     <span class='ocr_line' id='line_1_23' title="bbox 261 2465 1366 2541; baseline -0.003 -15"><span class='ocrx_word' id='word_1_206' title='bbox 261 2465 395 2526; x_wconf 76' lang='grc' dir='ltr'><strong><em>οὐδέκοτε</em></strong></span> <span class='ocrx_word' id='word_1_207' title='bbox 408 2467 463 2539; x_wconf 75' lang='grc' dir='ltr'><strong>γὰρ</strong></span> <span class='ocrx_word' id='word_1_208' title='bbox 476 2473 525 2540; x_wconf 81' lang='grc' dir='ltr'><strong><em>τῆς</em></strong></span> <span class='ocrx_word' id='word_1_209' title='bbox 539 2465 650 2526; x_wconf 82' lang='grc' dir='ltr'><strong><em>ἕωυτῶν</em></strong></span> <span class='ocrx_word' id='word_1_210' title='bbox 662 2467 769 2525; x_wconf 86' lang='grc' dir='ltr'><strong><em>α’δνυα-</em></strong></span> <span class='ocrx_word' id='word_1_211' title='bbox 824 2475 982 2541; x_wconf 87' lang='lat' dir='ltr'><strong>prodiderit.</strong></span> <span class='ocrx_word' id='word_1_212' title='bbox 1024 2475 1092 2524; x_wconf 80' lang='lat' dir='ltr'><strong>Add.</strong></span> <span class='ocrx_word' id='word_1_213' title='bbox 1110 2473 1311 2524; x_wconf 88' lang='lat' dir='ltr'><strong>Pseudo-Plut.</strong></span> <span class='ocrx_word' id='word_1_214' title='bbox 1330 2474 1366 2523; x_wconf 91' lang='lat'><strong>11.</strong></span> 
     </span>
     <span class='ocr_line' id='line_1_24' title="bbox 227 2531 1366 2624; baseline -0.002 -32"><span class='ocrx_word' id='word_1_215' title='bbox 227 2541 295 2624; x_wconf 76' lang='grc' dir='ltr'><strong><em>μίης</em></strong></span> <span class='ocrx_word' id='word_1_216' title='bbox 308 2553 321 2591; x_wconf 88' lang='grc' dir='ltr'><strong><em>τ</em></strong></span> <span class='ocrx_word' id='word_1_217' title='bbox 332 2537 360 2590; x_wconf 80' lang='grc' dir='ltr'><strong>’ν</strong></span> <span class='ocrx_word' id='word_1_218' title='bbox 375 2531 534 2606; x_wconf 77' lang='grc' dir='ltr'><strong><em>Ἀθηναίων</em></strong></span> <span class='ocrx_word' id='word_1_219' title='bbox 552 2535 677 2605; x_wconf 77' lang='grc' dir='ltr'><strong><em>δύναμιν</em></strong></span> <span class='ocrx_word' id='word_1_220' title='bbox 695 2535 771 2593; x_wconf 85' lang='grc' dir='ltr'><strong><em>εἶναι</em></strong></span> <span class='ocrx_word' id='word_1_221' title='bbox 824 2559 850 2608; x_wconf 90' lang='lat' dir='ltr'><strong>p.</strong></span> <span class='ocrx_word' id='word_1_222' title='bbox 867 2541 959 2605; x_wconf 77' lang='grc'><strong><em>8110,</em></strong></span> <span class='ocrx_word' id='word_1_223' title='bbox 985 2544 1030 2607; x_wconf 90' lang='lat' dir='ltr'><strong>qui</strong></span> <span class='ocrx_word' id='word_1_224' title='bbox 1047 2541 1216 2592; x_wconf 87' lang='lat' dir='ltr'><strong>Herodotum</strong></span> <span class='ocrx_word' id='word_1_225' title='bbox 1239 2541 1366 2591; x_wconf 76' lang='lat' dir='ltr'><strong>crimine-</strong></span> 
     </span>
     <span class='ocr_line' id='line_1_25' title="bbox 227 2559 1367 2674; baseline -0.003 -14"><span class='ocrx_word' id='word_1_226' title='bbox 227 2559 343 2674; x_wconf 52' lang='grc' dir='ltr'><strong><em>κρεσσωλ</em></strong></span> <span class='ocrx_word' id='word_1_227' title='bbox 367 2610 433 2658; x_wconf 85' lang='lat' dir='ltr'><strong>Cum</strong></span> <span class='ocrx_word' id='word_1_228' title='bbox 456 2609 595 2659; x_wconf 83' lang='lat' dir='ltr'><strong>sententio</strong></span> <span class='ocrx_word' id='word_1_229' title='bbox 615 2610 664 2659; x_wconf 82' lang='lat' dir='ltr'><strong>sit:</strong></span> <span class='ocrx_word' id='word_1_230' title='bbox 689 2627 770 2672; x_wconf 72' lang='lat' dir='ltr'><strong>„nam</strong></span> <span class='ocrx_word' id='word_1_231' title='bbox 823 2615 879 2670; x_wconf 88' lang='lat' dir='ltr'><strong>tur,</strong></span> <span class='ocrx_word' id='word_1_232' title='bbox 898 2609 1114 2666; x_wconf 79' lang='lat' dir='ltr'><strong>Themistoclem</strong></span> <span class='ocrx_word' id='word_1_233' title='bbox 1132 2609 1367 2674; x_wconf 83' lang='lat' dir='ltr'><strong>pecuniusubin·</strong></span> 
     </span>
     <span class='ocr_line' id='line_1_26' title="bbox 228 2677 1366 2743; baseline 0.001 -19"><span class='ocrx_word' id='word_1_234' title='bbox 228 2694 300 2742; x_wconf 81' lang='lat' dir='ltr'><strong>qaam</strong></span> <span class='ocrx_word' id='word_1_235' title='bbox 317 2678 380 2726; x_wconf 84' lang='lat' dir='ltr'><strong>enlm</strong></span> <span class='ocrx_word' id='word_1_236' title='bbox 394 2677 467 2739; x_wconf 84' lang='lat' dir='ltr'><strong>sare,</strong></span> <span class='ocrx_word' id='word_1_237' title='bbox 486 2684 511 2724; x_wconf 88' lang='lat' dir='ltr'><strong>at</strong></span> <span class='ocrx_word' id='word_1_238' title='bbox 524 2677 712 2726; x_wconf 75' lang='lat' dir='ltr'><strong>Atheniensium</strong></span> <span class='ocrx_word' id='word_1_239' title='bbox 722 2693 769 2742; x_wconf 87' lang='grc' dir='ltr'><strong>μο-</strong></span> <span class='ocrx_word' id='word_1_240' title='bbox 823 2677 929 2728; x_wconf 78' lang='lat' dir='ltr'><strong>sirianis</strong></span> <span class='ocrx_word' id='word_1_241' title='bbox 951 2679 1077 2743; x_wconf 80' lang='lat' dir='ltr'><strong>exegisse</strong></span> <span class='ocrx_word' id='word_1_242' title='bbox 1101 2682 1129 2726; x_wconf 83' lang='lat' dir='ltr'><strong>et</strong></span> <span class='ocrx_word' id='word_1_243' title='bbox 1147 2677 1267 2726; x_wconf 83' lang='lat' dir='ltr'><strong>insnum</strong></span> <span class='ocrx_word' id='word_1_244' title='bbox 1290 2691 1366 2727; x_wconf 88' lang='lat' dir='ltr'><strong>nsum</strong></span> 
     </span>
     <span class='ocr_line' id='line_1_27' title="bbox 227 2745 1367 2809; baseline 0 -16"><span class='ocrx_word' id='word_1_245' title='bbox 227 2746 308 2802; x_wconf 72' lang='lat' dir='ltr'><strong>tentio</strong></span> <span class='ocrx_word' id='word_1_246' title='bbox 319 2759 388 2792; x_wconf 81' lang='lat' dir='ltr'><strong>eitam</strong></span> <span class='ocrx_word' id='word_1_247' title='bbox 399 2750 503 2806; x_wconf 83' lang='lat' dir='ltr'><strong>saperet</strong></span> <span class='ocrx_word' id='word_1_248' title='bbox 517 2747 700 2807; x_wconf 68' lang='lat' dir='ltr'><strong>trocalensium,</strong></span> <span class='ocrx_word' id='word_1_249' title='bbox 719 2745 771 2794; x_wconf 83' lang='lat' dir='ltr'><strong>Ca·</strong></span> <span class='ocrx_word' id='word_1_250' title='bbox 823 2747 993 2796; x_wconf 84' lang='lat' dir='ltr'><strong>convertisse</strong></span> <span class='ocrx_word' id='word_1_251' title='bbox 1005 2745 1171 2795; x_wconf 80' lang='lat' dir='ltr'><strong>tradentem:</strong></span> <span class='ocrx_word' id='word_1_252' title='bbox 1185 2759 1264 2809; x_wconf 80' lang='lat' dir='ltr'><strong>quern</strong></span> <span class='ocrx_word' id='word_1_253' title='bbox 1278 2745 1367 2795; x_wconf 87' lang='lat' dir='ltr'><strong>crimi-</strong></span> 
     </span>
     <span class='ocr_line' id='line_1_28' title="bbox 229 2809 1367 2877; baseline 0.004 -19"><span class='ocrx_word' id='word_1_254' title='bbox 229 2811 276 2858; x_wconf 88' lang='lat' dir='ltr'><strong>bet</strong></span> <span class='ocrx_word' id='word_1_255' title='bbox 295 2811 324 2858; x_wconf 91' lang='lat' dir='ltr'><strong>in</strong></span> <span class='ocrx_word' id='word_1_256' title='bbox 341 2810 511 2874; x_wconf 83' lang='lat' dir='ltr'><strong>hlnemosyn.</strong></span> <span class='ocrx_word' id='word_1_257' title='bbox 529 2811 576 2860; x_wconf 81' lang='lat' dir='ltr'><strong>IX.</strong></span> <span class='ocrx_word' id='word_1_258' title='bbox 599 2827 625 2876; x_wconf 88' lang='lat' dir='ltr'><strong>p.</strong></span> <span class='ocrx_word' id='word_1_259' title='bbox 642 2809 690 2860; x_wconf 83' lang='grc'><strong>291</strong></span> <span class='ocrx_word' id='word_1_260' title='bbox 709 2817 772 2876; x_wconf 88' lang='lat' dir='ltr'><strong>post</strong></span> <span class='ocrx_word' id='word_1_261' title='bbox 822 2813 964 2863; x_wconf 80' lang='lat' dir='ltr'><strong>nationem</strong></span> <span class='ocrx_word' id='word_1_262' title='bbox 981 2813 1083 2862; x_wconf 76' lang='lat' dir='ltr'><strong>inierit</strong></span> <span class='ocrx_word' id='word_1_263' title='bbox 1100 2811 1160 2862; x_wconf 89' lang='lat' dir='ltr'><strong>lieri</strong></span> <span class='ocrx_word' id='word_1_264' title='bbox 1177 2814 1291 2877; x_wconf 80' lang='lat' dir='ltr'><strong>agnovit</strong></span> <span class='ocrx_word' id='word_1_265' title='bbox 1303 2827 1367 2876; x_wconf 90' lang='lat' dir='ltr'><strong>quo-</strong></span> 
     </span>
     <span class='ocr_line' id='line_1_29' title="bbox 229 2868 1366 2945; baseline 0.002 -19"><span class='ocrx_word' id='word_1_266' title='bbox 229 2868 363 2926; x_wconf 79' lang='grc' dir='ltr'><strong><em>οόδέκοτε</em></strong></span> <span class='ocrx_word' id='word_1_267' title='bbox 376 2869 430 2940; x_wconf 74' lang='grc' dir='ltr'><strong>γὰρ</strong></span> <span class='ocrx_word' id='word_1_268' title='bbox 445 2877 529 2927; x_wconf 88' lang='lat' dir='ltr'><strong>inseri</strong></span> <span class='ocrx_word' id='word_1_269' title='bbox 547 2878 607 2928; x_wconf 88' lang='lat' dir='ltr'><strong>vult</strong></span> <span class='ocrx_word' id='word_1_270' title='bbox 624 2870 644 2928; x_wconf 76' lang='lat' dir='ltr'><strong>d*</strong></span> <span class='ocrx_word' id='word_1_271' title='bbox 650 2895 681 2940; x_wconf 95' lang='grc' dir='ltr'><strong><em>ν,</em></strong></span> <span class='ocrx_word' id='word_1_272' title='bbox 701 2879 771 2943; x_wconf 92' lang='lat' dir='ltr'><strong>quod</strong></span> <span class='ocrx_word' id='word_1_273' title='bbox 823 2896 875 2945; x_wconf 86' lang='lat' dir='ltr'><strong>que</strong></span> <span class='ocrx_word' id='word_1_274' title='bbox 894 2880 1060 2944; x_wconf 79' lang='lat' dir='ltr'><strong>Lahmeyer:</strong></span> <span class='ocrx_word' id='word_1_275' title='bbox 1087 2881 1127 2929; x_wconf 87' lang='lat' dir='ltr'><strong>De</strong></span> <span class='ocrx_word' id='word_1_276' title='bbox 1151 2879 1309 2930; x_wconf 88' lang='lat' dir='ltr'><strong>Plutarohei</strong></span> <span class='ocrx_word' id='word_1_277' title='bbox 1333 2879 1366 2928; x_wconf 90' lang='lat' dir='ltr'><strong>li·</strong></span> 
     </span>
     <span class='ocr_line' id='line_1_30' title="bbox 228 2944 1367 3013; baseline 0.001 -19"><span class='ocrx_word' id='word_1_278' title='bbox 228 2945 295 2994; x_wconf 89' lang='lat' dir='ltr'><strong>mlhi</strong></span> <span class='ocrx_word' id='word_1_279' title='bbox 304 2944 377 2993; x_wconf 82' lang='lat' dir='ltr'><strong>hand</strong></span> <span class='ocrx_word' id='word_1_280' title='bbox 388 2945 573 2994; x_wconf 85' lang='lat' dir='ltr'><strong>necessarium</strong></span> <span class='ocrx_word' id='word_1_281' title='bbox 584 2961 644 2995; x_wconf 82' lang='lat' dir='ltr'><strong>esso</strong></span> <span class='ocrx_word' id='word_1_282' title='bbox 654 2947 771 2997; x_wconf 81' lang='lat' dir='ltr'><strong>videtur.</strong></span> <span class='ocrx_word' id='word_1_283' title='bbox 823 2947 889 2998; x_wconf 88' lang='lat' dir='ltr'><strong>belli</strong></span> <span class='ocrx_word' id='word_1_284' title='bbox 904 2949 948 3013; x_wconf 90' lang='lat' dir='ltr'><strong>qui</strong></span> <span class='ocrx_word' id='word_1_285' title='bbox 962 2949 995 2997; x_wconf 87' lang='lat' dir='ltr'><strong>de</strong></span> <span class='ocrx_word' id='word_1_286' title='bbox 1008 2947 1144 3012; x_wconf 78' lang='lat' dir='ltr'><strong>mehgnit.</strong></span> <span class='ocrx_word' id='word_1_287' title='bbox 1155 2947 1256 2996; x_wconf 85' lang='lat' dir='ltr'><strong>Herod.</strong></span> <span class='ocrx_word' id='word_1_288' title='bbox 1270 2947 1367 2997; x_wconf 85' lang='lat' dir='ltr'><strong>inscri-</strong></span> 
     </span>
     <span class='ocr_line' id='line_1_31' title="bbox 229 3011 1368 3080; baseline 0.002 -20"><span class='ocrx_word' id='word_1_289' title='bbox 229 3011 350 3061; x_wconf 78' lang='lat' dir='ltr'><strong>Similem</strong></span> <span class='ocrx_word' id='word_1_290' title='bbox 370 3012 505 3076; x_wconf 83' lang='lat' dir='ltr'><strong>quendum</strong></span> <span class='ocrx_word' id='word_1_291' title='bbox 528 3014 692 3063; x_wconf 76' lang='lat' dir='ltr'><strong>sententiam</strong></span> <span class='ocrx_word' id='word_1_292' title='bbox 710 3029 772 3079; x_wconf 91' lang='lat' dir='ltr'><strong>pro·</strong></span> <span class='ocrx_word' id='word_1_293' title='bbox 824 3016 899 3065; x_wconf 88' lang='lat' dir='ltr'><strong>bitur</strong></span> <span class='ocrx_word' id='word_1_294' title='bbox 911 3021 963 3068; x_wconf 87' lang='lat' dir='ltr'><strong>etc.</strong></span> <span class='ocrx_word' id='word_1_295' title='bbox 977 3031 1002 3080; x_wconf 89' lang='lat' dir='ltr'><strong>p.</strong></span> <span class='ocrx_word' id='word_1_296' title='bbox 1016 3015 1057 3065; x_wconf 82' lang='lat'><strong>75.</strong></span> <span class='ocrx_word' id='word_1_297' title='bbox 1075 3013 1158 3064; x_wconf 88' lang='lat' dir='ltr'><strong>Nullu</strong></span> <span class='ocrx_word' id='word_1_298' title='bbox 1170 3029 1238 3063; x_wconf 81' lang='lat' dir='ltr'><strong>suno</strong></span> <span class='ocrx_word' id='word_1_299' title='bbox 1252 3019 1368 3080; x_wconf 76' lang='lat' dir='ltr'><strong>apparet</strong></span> 
     </span>
     <span class='ocr_line' id='line_1_32' title="bbox 229 3071 1366 3144; baseline 0.002 -16"><span class='ocrx_word' id='word_1_300' title='bbox 229 3079 269 3129; x_wconf 91' lang='lat' dir='ltr'><strong>dit</strong></span> <span class='ocrx_word' id='word_1_301' title='bbox 286 3079 384 3129; x_wconf 84' lang='lat' dir='ltr'><strong>Noster</strong></span> <span class='ocrx_word' id='word_1_302' title='bbox 402 3079 466 3140; x_wconf 83' lang='lat' dir='ltr'><strong>Vll,</strong></span> <span class='ocrx_word' id='word_1_303' title='bbox 489 3079 544 3128; x_wconf 80' lang='lat' dir='ltr'><strong>ut.</strong></span> <span class='ocrx_word' id='word_1_304' title='bbox 589 3081 643 3142; x_wconf 85' lang='lat' dir='ltr'><strong>Qui</strong></span> <span class='ocrx_word' id='word_1_305' title='bbox 664 3071 771 3132; x_wconf 73' lang='lat' dir='ltr'><strong>nidove·</strong></span> <span class='ocrx_word' id='word_1_306' title='bbox 824 3098 922 3144; x_wconf 81' lang='lat' dir='ltr'><strong>censs,</strong></span> <span class='ocrx_word' id='word_1_307' title='bbox 943 3099 991 3132; x_wconf 86' lang='lat' dir='ltr'><strong>eur</strong></span> <span class='ocrx_word' id='word_1_308' title='bbox 1006 3082 1175 3132; x_wconf 87' lang='lat' dir='ltr'><strong>Herodotum</strong></span> <span class='ocrx_word' id='word_1_309' title='bbox 1193 3082 1265 3132; x_wconf 82' lang='lat' dir='ltr'><strong>fulso</strong></span> <span class='ocrx_word' id='word_1_310' title='bbox 1282 3081 1366 3131; x_wconf 85' lang='lat' dir='ltr'><strong>tredi-</strong></span> 
     </span>
     <span class='ocr_line' id='line_1_33' title="bbox 228 3145 1366 3214; baseline 0.002 -18"><span class='ocrx_word' id='word_1_311' title='bbox 228 3145 268 3210; x_wconf 88' lang='grc' dir='ltr'><strong><em>μί</em></strong></span> <span class='ocrx_word' id='word_1_312' title='bbox 273 3161 310 3212; x_wconf 85' lang='grc' dir='ltr'><strong>ης</strong></span> <span class='ocrx_word' id='word_1_313' title='bbox 327 3162 395 3197; x_wconf 87' lang='lat' dir='ltr'><strong>voce</strong></span> <span class='ocrx_word' id='word_1_314' title='bbox 412 3147 510 3207; x_wconf 82' lang='lat' dir='ltr'><strong>utitur,</strong></span> <span class='ocrx_word' id='word_1_315' title='bbox 531 3149 554 3196; x_wconf 90' lang='lat' dir='ltr'><strong>is</strong></span> <span class='ocrx_word' id='word_1_316' title='bbox 567 3163 650 3214; x_wconf 84' lang='lat' dir='ltr'><strong>supra.</strong></span> <span class='ocrx_word' id='word_1_317' title='bbox 663 3149 716 3208; x_wconf 92' lang='lat' dir='ltr'><strong>Ill,</strong></span> <span class='ocrx_word' id='word_1_318' title='bbox 730 3149 772 3200; x_wconf 80' lang='lat' dir='ltr'><strong>tu.</strong></span> <span class='ocrx_word' id='word_1_319' title='bbox 824 3151 897 3200; x_wconf 89' lang='lat' dir='ltr'><strong>disse</strong></span> <span class='ocrx_word' id='word_1_320' title='bbox 917 3151 1119 3212; x_wconf 79' lang='lat' dir='ltr'><strong>existhnemus,</strong></span> <span class='ocrx_word' id='word_1_321' title='bbox 1137 3165 1188 3200; x_wconf 87' lang='lat' dir='ltr'><strong>nee</strong></span> <span class='ocrx_word' id='word_1_322' title='bbox 1206 3163 1272 3199; x_wconf 85' lang='lat' dir='ltr'><strong>eene</strong></span> <span class='ocrx_word' id='word_1_323' title='bbox 1291 3151 1366 3198; x_wconf 89' lang='lat' dir='ltr'><strong>Dun-</strong></span> 
     </span>
     <span class='ocr_line' id='line_1_34' title="bbox 228 3205 1366 3282; baseline 0.001 -18"><span class='ocrx_word' id='word_1_324' title='bbox 228 3213 296 3276; x_wconf 80' lang='lat' dir='ltr'><strong>vll,</strong></span> <span class='ocrx_word' id='word_1_325' title='bbox 317 3214 364 3263; x_wconf 82' lang='lat'><strong>172</strong></span> <span class='ocrx_word' id='word_1_326' title='bbox 382 3205 542 3282; x_wconf 81' lang='grc' dir='ltr'><strong><em>α’δυναοίης</em></strong></span> <span class='ocrx_word' id='word_1_327' title='bbox 561 3216 677 3266; x_wconf 82' lang='lat' dir='ltr'><strong>formum</strong></span> <span class='ocrx_word' id='word_1_328' title='bbox 696 3217 771 3266; x_wconf 83' lang='lat' dir='ltr'><strong>udhl-</strong></span> <span class='ocrx_word' id='word_1_329' title='bbox 824 3218 901 3268; x_wconf 87' lang='lat' dir='ltr'><strong>cheri</strong></span> <span class='ocrx_word' id='word_1_330' title='bbox 914 3217 1026 3282; x_wconf 83' lang='lat' dir='ltr'><strong>(Gesch.</strong></span> <span class='ocrx_word' id='word_1_331' title='bbox 1040 3219 1065 3268; x_wconf 88' lang='lat' dir='ltr'><strong>d.</strong></span> <span class='ocrx_word' id='word_1_332' title='bbox 1077 3217 1193 3267; x_wconf 78' lang='lat' dir='ltr'><strong>Alterth.</strong></span> <span class='ocrx_word' id='word_1_333' title='bbox 1207 3217 1254 3267; x_wconf 84' lang='lat' dir='ltr'><strong>lv.</strong></span> <span class='ocrx_word' id='word_1_334' title='bbox 1268 3233 1293 3282; x_wconf 88' lang='lat' dir='ltr'><strong>p.</strong></span> <span class='ocrx_word' id='word_1_335' title='bbox 1306 3215 1366 3278; x_wconf 89' lang='grc'><strong><em>811)</em></strong></span> 
     </span>
    </p>
   </div>
   <div class='ocr_carea' id='block_1_4' title="bbox 228 3282 1367 3350">
    <p class='ocr_par' dir='ltr' id='par_1_4' title="bbox 228 3282 1367 3350">
     <span class='ocr_line' id='line_1_35' title="bbox 228 3282 1367 3350; baseline 0.001 -18"><span class='ocrx_word' id='word_1_336' title='bbox 228 3282 300 3344; x_wconf 86' lang='lat' dir='ltr'><strong>buit,</strong></span> <span class='ocrx_word' id='word_1_337' title='bbox 320 3287 350 3332; x_wconf 90' lang='lat' dir='ltr'><strong>ut</strong></span> <span class='ocrx_word' id='word_1_338' title='bbox 362 3287 440 3332; x_wconf 87' lang='lat' dir='ltr'><strong>uolet</strong></span> <span class='ocrx_word' id='word_1_339' title='bbox 452 3283 567 3334; x_wconf 87' lang='lat' dir='ltr'><strong>Bredov.</strong></span> <span class='ocrx_word' id='word_1_340' title='bbox 581 3302 607 3350; x_wconf 91' lang='lat' dir='ltr'><strong>p.</strong></span> <span class='ocrx_word' id='word_1_341' title='bbox 620 3283 662 3334; x_wconf 75' lang='lat' dir='ltr'><strong>uo.</strong></span> <span class='ocrx_word' id='word_1_342' title='bbox 694 3285 772 3346; x_wconf 82' lang='lat' dir='ltr'><strong>Quod</strong></span> <span class='ocrx_word' id='word_1_343' title='bbox 822 3285 924 3335; x_wconf 83' lang='lat' dir='ltr'><strong>iudicio</strong></span> <span class='ocrx_word' id='word_1_344' title='bbox 934 3285 1159 3336; x_wconf 87' lang='lat' dir='ltr'><strong>subscribendum</strong></span> <span class='ocrx_word' id='word_1_345' title='bbox 1170 3285 1229 3346; x_wconf 88' lang='lat' dir='ltr'><strong>erit,</strong></span> <span class='ocrx_word' id='word_1_346' title='bbox 1239 3299 1281 3346; x_wconf 82' lang='lat' dir='ltr'><strong>en,</strong></span> <span class='ocrx_word' id='word_1_347' title='bbox 1295 3299 1367 3349; x_wconf 81' lang='lat' dir='ltr'><strong>quae</strong></span> 
     </span>
    </p>
   </div>
   <div class='ocr_carea' id='block_1_5' title="bbox 227 3350 789 4142">
    <p class='ocr_par' dir='ltr' id='par_1_5' title="bbox 227 3350 789 4142">
     <span class='ocr_line' id='line_1_36' title="bbox 227 3350 772 3413; baseline 0.004 -13"><span class='ocrx_word' id='word_1_348' title='bbox 227 3351 307 3401; x_wconf 90' lang='lat' dir='ltr'><strong>nobis</strong></span> <span class='ocrx_word' id='word_1_349' title='bbox 331 3350 493 3400; x_wconf 85' lang='lat' dir='ltr'><strong>documento</strong></span> <span class='ocrx_word' id='word_1_350' title='bbox 518 3357 574 3413; x_wconf 84' lang='lat' dir='ltr'><strong>eet,</strong></span> <span class='ocrx_word' id='word_1_351' title='bbox 603 3353 772 3403; x_wconf 88' lang='lat' dir='ltr'><strong>Herodotum</strong></span> 
     </span>
     <span class='ocr_line' id='line_1_37' title="bbox 228 3418 771 3485; baseline 0 -17"><span class='ocrx_word' id='word_1_352' title='bbox 228 3419 337 3468; x_wconf 88' lang='lat' dir='ltr'><strong>omnino</strong></span> <span class='ocrx_word' id='word_1_353' title='bbox 360 3418 388 3466; x_wconf 88' lang='lat' dir='ltr'><strong>in</strong></span> <span class='ocrx_word' id='word_1_354' title='bbox 412 3418 514 3468; x_wconf 76' lang='lat' dir='ltr'><strong>talibus</strong></span> <span class='ocrx_word' id='word_1_355' title='bbox 538 3420 661 3470; x_wconf 79' lang='lat' dir='ltr'><strong>variasse</strong></span> <span class='ocrx_word' id='word_1_356' title='bbox 682 3435 771 3485; x_wconf 87' lang='lat' dir='ltr'><strong>noque</strong></span> 
     </span>
     <span class='ocr_line' id='line_1_38' title="bbox 228 3485 771 3552; baseline 0.002 -17"><span class='ocrx_word' id='word_1_357' title='bbox 228 3487 282 3535; x_wconf 77' lang='lat' dir='ltr'><strong>unu</strong></span> <span class='ocrx_word' id='word_1_358' title='bbox 300 3485 449 3551; x_wconf 71' lang='lat' dir='ltr'><strong>eidemque</strong></span> <span class='ocrx_word' id='word_1_359' title='bbox 473 3485 560 3536; x_wconf 83' lang='lat' dir='ltr'><strong>iormll</strong></span> <span class='ocrx_word' id='word_1_360' title='bbox 582 3503 690 3552; x_wconf 85' lang='lat' dir='ltr'><strong>semper</strong></span> <span class='ocrx_word' id='word_1_361' title='bbox 711 3503 771 3537; x_wconf 87' lang='lat' dir='ltr'><strong>esse</strong></span> 
     </span>
     <span class='ocr_line' id='line_1_39' title="bbox 228 3555 771 3620; baseline 0.006 -18"><span class='ocrx_word' id='word_1_362' title='bbox 228 3568 312 3602; x_wconf 87' lang='lat' dir='ltr'><strong>usum.</strong></span> <span class='ocrx_word' id='word_1_363' title='bbox 349 3555 415 3602; x_wconf 92' lang='lat' dir='ltr'><strong>lnde</strong></span> <span class='ocrx_word' id='word_1_364' title='bbox 434 3570 539 3618; x_wconf 88' lang='lat' dir='ltr'><strong>qnoque</strong></span> <span class='ocrx_word' id='word_1_365' title='bbox 557 3560 699 3620; x_wconf 84' lang='lat' dir='ltr'><strong>utramque</strong></span> <span class='ocrx_word' id='word_1_366' title='bbox 719 3555 771 3605; x_wconf 87' lang='lat' dir='ltr'><strong>for·</strong></span> 
     </span>
     <span class='ocr_line' id='line_1_40' title="bbox 229 3620 772 3682; baseline 0.004 -12"><span class='ocrx_word' id='word_1_367' title='bbox 229 3637 300 3670; x_wconf 85' lang='lat' dir='ltr'><strong>mem</strong></span> <span class='ocrx_word' id='word_1_368' title='bbox 313 3620 408 3670; x_wconf 85' lang='lat' dir='ltr'><strong>loudet</strong></span> <span class='ocrx_word' id='word_1_369' title='bbox 421 3621 517 3670; x_wconf 85' lang='lat' dir='ltr'><strong>Pollux</strong></span> <span class='ocrx_word' id='word_1_370' title='bbox 530 3623 585 3682; x_wconf 90' lang='lat' dir='ltr'><strong>ill,</strong></span> <span class='ocrx_word' id='word_1_371' title='bbox 602 3621 658 3674; x_wconf 86' lang='grc'><strong><em>122.</em></strong></span> <span class='ocrx_word' id='word_1_372' title='bbox 689 3622 772 3672; x_wconf 82' lang='lat' dir='ltr'><strong>l’lure</strong></span> 
     </span>
     <span class='ocr_line' id='line_1_41' title="bbox 228 3687 770 3755; baseline 0.006 -20"><span class='ocrx_word' id='word_1_373' title='bbox 228 3687 282 3736; x_wconf 86' lang='lat' dir='ltr'><strong>vid.</strong></span> <span class='ocrx_word' id='word_1_374' title='bbox 294 3689 321 3735; x_wconf 88' lang='lat' dir='ltr'><strong>ln</strong></span> <span class='ocrx_word' id='word_1_375' title='bbox 331 3687 473 3738; x_wconf 77' lang='lat' dir='ltr'><strong>Thesauro</strong></span> <span class='ocrx_word' id='word_1_376' title='bbox 483 3689 562 3754; x_wconf 87' lang='lat' dir='ltr'><strong>Ling.</strong></span> <span class='ocrx_word' id='word_1_377' title='bbox 572 3688 698 3739; x_wconf 73' lang='lat' dir='ltr'><strong>Graecl.</strong></span> <span class='ocrx_word' id='word_1_378' title='bbox 707 3705 770 3755; x_wconf 69' lang='grc' dir='ltr'><strong><em>μορ.</em></strong></span> 
     </span>
     <span class='ocr_line' id='line_1_42' title="bbox 228 3753 772 3822; baseline 0.015 -22"><span class='ocrx_word' id='word_1_379' title='bbox 228 3753 276 3800; x_wconf 80' lang='lat' dir='ltr'><strong>ill</strong></span> <span class='ocrx_word' id='word_1_380' title='bbox 292 3755 333 3802; x_wconf 88' lang='lat' dir='ltr'><strong>ed.</strong></span> <span class='ocrx_word' id='word_1_381' title='bbox 348 3755 471 3805; x_wconf 87' lang='lat' dir='ltr'><strong>Dindori.</strong></span> <span class='ocrx_word' id='word_1_382' title='bbox 508 3757 539 3805; x_wconf 92' lang='lat' dir='ltr'><strong>In</strong></span> <span class='ocrx_word' id='word_1_383' title='bbox 556 3760 677 3821; x_wconf 81' lang='lat' dir='ltr'><strong>proxime</strong></span> <span class='ocrx_word' id='word_1_384' title='bbox 695 3773 772 3822; x_wconf 88' lang='lat' dir='ltr'><strong>seqq.</strong></span> 
     </span>
     <span class='ocr_line' id='line_1_43' title="bbox 229 3819 772 3898; baseline 0.013 -31"><span class='ocrx_word' id='word_1_385' title='bbox 229 3819 381 3898; x_wconf 79' lang='lat' dir='ltr'><strong>Schweigh.</strong></span> <span class='ocrx_word' id='word_1_386' title='bbox 400 3837 415 3870; x_wconf 88' lang='lat' dir='ltr'><strong>e</strong></span> <span class='ocrx_word' id='word_1_387' title='bbox 433 3823 594 3874; x_wconf 81' lang='lat' dir='ltr'><strong>Florentino</strong></span> <span class='ocrx_word' id='word_1_388' title='bbox 612 3825 720 3874; x_wconf 84' lang='lat' dir='ltr'><strong>addidit</strong></span> <span class='ocrx_word' id='word_1_389' title='bbox 737 3819 772 3874; x_wconf 77' lang='grc' dir='ltr'><strong><em>τὰ</em></strong></span> 
     </span>
     <span class='ocr_line' id='line_1_44' title="bbox 230 3891 789 3957; baseline 0.009 -21"><span class='ocrx_word' id='word_1_390' title='bbox 230 3891 293 3936; x_wconf 83' lang='lat' dir='ltr'><strong>ente</strong></span> <span class='ocrx_word' id='word_1_391' title='bbox 308 3902 446 3953; x_wconf 75' lang='grc' dir='ltr'><strong><em>χρηματα,</em></strong></span> <span class='ocrx_word' id='word_1_392' title='bbox 460 3891 619 3957; x_wconf 80' lang='lat' dir='ltr'><strong>intelligens</strong></span> <span class='ocrx_word' id='word_1_393' title='bbox 631 3895 771 3956; x_wconf 82' lang='lat' dir='ltr'><strong>pecuniam,</strong></span> <span class='ocrx_word' id='word_1_394' title='bbox 785 3891 789 3900; x_wconf 93' lang='lat'>&#39;</span> 
     </span>
     <span class='ocr_line' id='line_1_45' title="bbox 230 3957 771 4020; baseline 0.011 -18"><span class='ocrx_word' id='word_1_395' title='bbox 230 3971 302 4020; x_wconf 84' lang='lat' dir='ltr'><strong>qnam</strong></span> <span class='ocrx_word' id='word_1_396' title='bbox 330 3957 371 4004; x_wconf 88' lang='lat' dir='ltr'><strong>ille</strong></span> <span class='ocrx_word' id='word_1_397' title='bbox 398 3961 581 4020; x_wconf 77' lang='lat' dir='ltr'><strong>postulaverat.</strong></span> <span class='ocrx_word' id='word_1_398' title='bbox 621 3959 771 4009; x_wconf 80' lang='lat' dir='ltr'><strong>Articulum</strong></span> 
     </span>
     <span class='ocr_line' id='line_1_46' title="bbox 230 4023 772 4140; baseline 0.011 -68"><span class='ocrx_word' id='word_1_399' title='bbox 230 4023 496 4140; x_wconf 43' lang='lat' dir='ltr'><strong>omliperunplhlutth„</strong></span> <span class='ocrx_word' id='word_1_400' title='bbox 508 4027 629 4090; x_wconf 84' lang='lat' dir='ltr'><strong>Bekker,</strong></span> <span class='ocrx_word' id='word_1_401' title='bbox 646 4028 772 4078; x_wconf 88' lang='lat' dir='ltr'><strong>Dindori.</strong></span> 
     </span>
     <span class='ocr_line' id='line_1_47' title="bbox 230 4089 394 4142; baseline 0.012 -2"><span class='ocrx_word' id='word_1_402' title='bbox 230 4095 258 4140; x_wconf 89' lang='lat' dir='ltr'><strong>et</strong></span> <span class='ocrx_word' id='word_1_403' title='bbox 297 4089 394 4142; x_wconf 88' lang='lat' dir='ltr'><strong>ietse.</strong></span> 
     </span>
    </p>
   </div>
   <div class='ocr_carea' id='block_1_6' title="bbox 263 4261 771 4430">
    <p class='ocr_par' dir='ltr' id='par_1_6' title="bbox 263 4261 771 4430">
     <span class='ocr_line' id='line_1_48' title="bbox 415 4261 586 4314; baseline 0.006 -2"><span class='ocrx_word' id='word_1_404' title='bbox 415 4261 481 4314; x_wconf 76' lang='lat' dir='ltr'><strong>Car.</strong></span> <span class='ocrx_word' id='word_1_405' title='bbox 502 4263 586 4314; x_wconf 82' lang='lat' dir='ltr'><strong>exn.</strong></span> 
     </span>
     <span class='ocr_line' id='line_1_49' title="bbox 263 4357 771 4430; baseline 0.008 -18"><span class='ocrx_word' id='word_1_406' title='bbox 263 4357 465 4430; x_wconf 84' lang='grc' dir='ltr'><strong><em>πλεονεκτέων]</em></strong></span> <span class='ocrx_word' id='word_1_407' title='bbox 491 4367 532 4414; x_wconf 87' lang='lat' dir='ltr'><strong>De</strong></span> <span class='ocrx_word' id='word_1_408' title='bbox 551 4365 603 4415; x_wconf 89' lang='lat' dir='ltr'><strong>hoc</strong></span> <span class='ocrx_word' id='word_1_409' title='bbox 619 4365 702 4416; x_wconf 89' lang='lat' dir='ltr'><strong>verbo</strong></span> <span class='ocrx_word' id='word_1_410' title='bbox 716 4381 771 4416; x_wconf 86' lang='lat' dir='ltr'><strong>mo—</strong></span> 
     </span>
    </p>
   </div>
   <div class='ocr_carea' id='block_1_7' title="bbox 822 3351 1369 4429">
    <p class='ocr_par' dir='ltr' id='par_1_7' title="bbox 822 3351 1366 3618">
     <span class='ocr_line' id='line_1_50' title="bbox 822 3351 1366 3415; baseline 0 -13"><span class='ocrx_word' id='word_1_411' title='bbox 822 3353 923 3402; x_wconf 87' lang='lat' dir='ltr'><strong>Noster</strong></span> <span class='ocrx_word' id='word_1_412' title='bbox 946 3354 979 3403; x_wconf 90' lang='lat' dir='ltr'><strong>dc</strong></span> <span class='ocrx_word' id='word_1_413' title='bbox 999 3351 1185 3403; x_wconf 87' lang='lat' dir='ltr'><strong>Themistocle</strong></span> <span class='ocrx_word' id='word_1_414' title='bbox 1203 3352 1366 3415; x_wconf 80' lang='lat' dir='ltr'><strong>Andriisque</strong></span> 
     </span>
     <span class='ocr_line' id='line_1_51' title="bbox 823 3419 1365 3485; baseline -0.007 -15"><span class='ocrx_word' id='word_1_415' title='bbox 823 3426 930 3483; x_wconf 86' lang='lat' dir='ltr'><strong>usrret,</strong></span> <span class='ocrx_word' id='word_1_416' title='bbox 956 3437 1023 3472; x_wconf 81' lang='lat' dir='ltr'><strong>rere</strong></span> <span class='ocrx_word' id='word_1_417' title='bbox 1045 3436 1104 3471; x_wconf 87' lang='lat' dir='ltr'><strong>esse</strong></span> <span class='ocrx_word' id='word_1_418' title='bbox 1127 3435 1208 3485; x_wconf 88' lang='lat' dir='ltr'><strong>posse</strong></span> <span class='ocrx_word' id='word_1_419' title='bbox 1229 3419 1365 3484; x_wconf 77' lang='lat' dir='ltr'><strong>negantis.</strong></span> 
     </span>
     <span class='ocr_line' id='line_1_52' title="bbox 824 3485 1366 3552; baseline -0.006 -14"><span class='ocrx_word' id='word_1_420' title='bbox 824 3489 865 3538; x_wconf 86' lang='lat' dir='ltr'><strong>Tu</strong></span> <span class='ocrx_word' id='word_1_421' title='bbox 883 3487 938 3540; x_wconf 87' lang='lat' dir='ltr'><strong>vid.</strong></span> <span class='ocrx_word' id='word_1_422' title='bbox 957 3503 1026 3552; x_wconf 83' lang='lat' dir='ltr'><strong>qnae</strong></span> <span class='ocrx_word' id='word_1_423' title='bbox 1050 3489 1083 3538; x_wconf 90' lang='lat' dir='ltr'><strong>de</strong></span> <span class='ocrx_word' id='word_1_424' title='bbox 1100 3487 1142 3537; x_wconf 90' lang='lat' dir='ltr'><strong>his</strong></span> <span class='ocrx_word' id='word_1_425' title='bbox 1159 3489 1214 3536; x_wconf 80' lang='lat' dir='ltr'><strong>ium</strong></span> <span class='ocrx_word' id='word_1_426' title='bbox 1232 3501 1313 3552; x_wconf 80' lang='lat' dir='ltr'><strong>supra</strong></span> <span class='ocrx_word' id='word_1_427' title='bbox 1332 3485 1366 3536; x_wconf 83' lang='lat' dir='ltr'><strong>ad</strong></span> 
     </span>
     <span class='ocr_line' id='line_1_53' title="bbox 824 3556 1102 3618; baseline 0 -14"><span class='ocrx_word' id='word_1_428' title='bbox 824 3556 900 3618; x_wconf 87' lang='lat' dir='ltr'><strong>VIII,</strong></span> <span class='ocrx_word' id='word_1_429' title='bbox 914 3557 930 3605; x_wconf 78' lang='lat'>4</span> <span class='ocrx_word' id='word_1_430' title='bbox 942 3557 1102 3606; x_wconf 88' lang='lat' dir='ltr'><strong>monuimus.</strong></span> 
     </span>
    </p>

    <p class='ocr_par' dir='ltr' id='par_1_8' title="bbox 822 3611 1369 4297">
     <span class='ocr_line' id='line_1_54' title="bbox 858 3611 1366 3688; baseline -0.006 -15"><span class='ocrx_word' id='word_1_431' title='bbox 858 3616 965 3688; x_wconf 77' lang='grc' dir='ltr'><strong><em>λόγοισι</em></strong></span> <span class='ocrx_word' id='word_1_432' title='bbox 981 3625 1054 3674; x_wconf 82' lang='grc' dir='ltr'><strong><em>τοῖσι</em></strong></span> <span class='ocrx_word' id='word_1_433' title='bbox 1072 3620 1122 3673; x_wconf 85' lang='grc' dir='ltr'><strong>καλ</strong></span> <span class='ocrx_word' id='word_1_434' title='bbox 1138 3615 1209 3687; x_wconf 82' lang='grc' dir='ltr'><strong><em>πρὸς</em></strong></span> <span class='ocrx_word' id='word_1_435' title='bbox 1225 3611 1366 3684; x_wconf 74' lang='grc' dir='ltr'><strong><em>Ἀνδρίους</em></strong></span> 
     </span>
     <span class='ocr_line' id='line_1_55' title="bbox 825 3682 1367 3757; baseline -0.006 -16"><span class='ocrx_word' id='word_1_436' title='bbox 825 3683 974 3757; x_wconf 78' lang='grc' dir='ltr'><strong><em>ἐχρήσατο]</em></strong></span> <span class='ocrx_word' id='word_1_437' title='bbox 996 3692 1099 3741; x_wconf 89' lang='lat' dir='ltr'><strong>Vocem</strong></span> <span class='ocrx_word' id='word_1_438' title='bbox 1116 3682 1237 3754; x_wconf 73' lang='grc' dir='ltr'><strong><em>λόγοισι,</em></strong></span> <span class='ocrx_word' id='word_1_439' title='bbox 1261 3705 1331 3754; x_wconf 82' lang='lat' dir='ltr'><strong>quse</strong></span> <span class='ocrx_word' id='word_1_440' title='bbox 1349 3705 1367 3738; x_wconf 82' lang='lat' dir='ltr'><strong>c</strong></span> 
     </span>
     <span class='ocr_line' id='line_1_56' title="bbox 823 3757 1366 3819; baseline -0.004 -11"><span class='ocrx_word' id='word_1_441' title='bbox 823 3760 959 3818; x_wconf 82' lang='lat' dir='ltr'><strong>Florent.‚</strong></span> <span class='ocrx_word' id='word_1_442' title='bbox 976 3759 1089 3819; x_wconf 73' lang='lat' dir='ltr'><strong>Medio,</strong></span> <span class='ocrx_word' id='word_1_443' title='bbox 1110 3758 1172 3808; x_wconf 81' lang='lat' dir='ltr'><strong>aliie</strong></span> <span class='ocrx_word' id='word_1_444' title='bbox 1191 3757 1282 3816; x_wconf 81' lang='lat' dir='ltr'><strong>abest,</strong></span> <span class='ocrx_word' id='word_1_445' title='bbox 1302 3757 1366 3806; x_wconf 90' lang='lat' dir='ltr'><strong>hinc</strong></span> 
     </span>
     <span class='ocr_line' id='line_1_57' title="bbox 824 3823 1366 3878; baseline -0.004 -3"><span class='ocrx_word' id='word_1_446' title='bbox 824 3827 868 3876; x_wconf 83' lang='lat' dir='ltr'><strong>vel</strong></span> <span class='ocrx_word' id='word_1_447' title='bbox 886 3826 1006 3878; x_wconf 82' lang='lat' dir='ltr'><strong>deletum</strong></span> <span class='ocrx_word' id='word_1_448' title='bbox 1028 3827 1073 3876; x_wconf 87' lang='lat' dir='ltr'><strong>vel</strong></span> <span class='ocrx_word' id='word_1_449' title='bbox 1091 3826 1168 3874; x_wconf 87' lang='lat' dir='ltr'><strong>uncis</strong></span> <span class='ocrx_word' id='word_1_450' title='bbox 1187 3830 1261 3874; x_wconf 88' lang='lat' dir='ltr'><strong>certe</strong></span> <span class='ocrx_word' id='word_1_451' title='bbox 1279 3823 1366 3874; x_wconf 88' lang='lat' dir='ltr'><strong>inclu-</strong></span> 
     </span>
     <span class='ocr_line' id='line_1_58' title="bbox 824 3893 1366 3968; baseline -0.007 -24"><span class='ocrx_word' id='word_1_452' title='bbox 824 3909 883 3944; x_wconf 83' lang='lat' dir='ltr'><strong>sam</strong></span> <span class='ocrx_word' id='word_1_453' title='bbox 900 3895 959 3944; x_wconf 78' lang='lat' dir='ltr'><strong>vrrlt</strong></span> <span class='ocrx_word' id='word_1_454' title='bbox 976 3893 1254 3958; x_wconf 78' lang='lat' dir='ltr'><strong>Schweighaeuserus</strong></span> <span class='ocrx_word' id='word_1_455' title='bbox 1275 3897 1305 3940; x_wconf 90' lang='lat' dir='ltr'><strong>ut</strong></span> <span class='ocrx_word' id='word_1_456' title='bbox 1322 3906 1366 3968; x_wconf 78' lang='lat' dir='ltr'><strong>su—</strong></span> 
     </span>
     <span class='ocr_line' id='line_1_59' title="bbox 822 3955 1369 4096; baseline -0.018 -16"><span class='ocrx_word' id='word_1_457' title='bbox 822 3955 1369 4096; x_wconf 64' lang='lat' dir='ltr'><strong>husutrituulunnru</strong></span> 
     </span>
     <span class='ocr_line' id='line_1_60' title="bbox 825 4092 1366 4162; baseline -0.011 -14"><span class='ocrx_word' id='word_1_458' title='bbox 825 4092 912 4148; x_wconf 79' lang='grc' dir='ltr'><strong><em>οιλέα.</em></strong></span> <span class='ocrx_word' id='word_1_459' title='bbox 947 4099 1082 4162; x_wconf 83' lang='lat' dir='ltr'><strong>Equidem</strong></span> <span class='ocrx_word' id='word_1_460' title='bbox 1101 4112 1161 4146; x_wconf 91' lang='lat' dir='ltr'><strong>cum</strong></span> <span class='ocrx_word' id='word_1_461' title='bbox 1176 4099 1292 4145; x_wconf 88' lang='lat' dir='ltr'><strong>reocutt.</strong></span> <span class='ocrx_word' id='word_1_462' title='bbox 1306 4093 1366 4144; x_wconf 90' lang='lat' dir='ltr'><strong>edd.</strong></span> 
     </span>
     <span class='ocr_line' id='line_1_61' title="bbox 823 4164 1367 4215; baseline -0.007 -1"><span class='ocrx_word' id='word_1_463' title='bbox 823 4165 891 4214; x_wconf 89' lang='lat' dir='ltr'><strong>nihil</strong></span> <span class='ocrx_word' id='word_1_464' title='bbox 913 4165 941 4213; x_wconf 89' lang='lat' dir='ltr'><strong>in</strong></span> <span class='ocrx_word' id='word_1_465' title='bbox 963 4165 1006 4215; x_wconf 88' lang='lat' dir='ltr'><strong>his</strong></span> <span class='ocrx_word' id='word_1_466' title='bbox 1029 4164 1187 4214; x_wconf 75' lang='lat' dir='ltr'><strong>mutandum</strong></span> <span class='ocrx_word' id='word_1_467' title='bbox 1209 4177 1269 4212; x_wconf 86' lang='lat' dir='ltr'><strong>esee</strong></span> <span class='ocrx_word' id='word_1_468' title='bbox 1292 4166 1367 4211; x_wconf 83' lang='lat' dir='ltr'><strong>retus</strong></span> 
     </span>
     <span class='ocr_line' id='line_1_62' title="bbox 824 4231 1249 4297; baseline -0.009 -14"><span class='ocrx_word' id='word_1_469' title='bbox 824 4231 964 4297; x_wconf 80' lang='lat' dir='ltr'><strong>vulgatum</strong></span> <span class='ocrx_word' id='word_1_470' title='bbox 978 4234 1080 4282; x_wconf 88' lang='lat' dir='ltr'><strong>retinui</strong></span> <span class='ocrx_word' id='word_1_471' title='bbox 1093 4232 1249 4282; x_wconf 87' lang='lat' dir='ltr'><strong>lectionem.</strong></span> 
     </span>
    </p>

    <p class='ocr_par' dir='ltr' id='par_1_9' title="bbox 824 4293 1367 4429">
     <span class='ocr_line' id='line_1_63' title="bbox 869 4293 1367 4363; baseline -0.004 -15"><span class='ocrx_word' id='word_1_472' title='bbox 869 4293 946 4362; x_wconf 78' lang='grc' dir='ltr'><strong><em>παραὶ</em></strong></span> <span class='ocrx_word' id='word_1_473' title='bbox 970 4297 1147 4363; x_wconf 81' lang='grc' dir='ltr'><strong><em>Καρυστίων]</em></strong></span> <span class='ocrx_word' id='word_1_474' title='bbox 1176 4299 1218 4348; x_wconf 92' lang='lat' dir='ltr'><strong>De</strong></span> <span class='ocrx_word' id='word_1_475' title='bbox 1245 4297 1367 4360; x_wconf 69' lang='lat' dir='ltr'><strong>Capetus</strong></span> 
     </span>
     <span class='ocr_line' id='line_1_64' title="bbox 824 4364 1364 4429; baseline -0.011 -11"><span class='ocrx_word' id='word_1_476' title='bbox 824 4367 897 4418; x_wconf 84' lang='lat' dir='ltr'><strong>conl.</strong></span> <span class='ocrx_word' id='word_1_477' title='bbox 916 4368 1016 4418; x_wconf 84' lang='lat' dir='ltr'><strong>Herod.</strong></span> <span class='ocrx_word' id='word_1_478' title='bbox 1035 4369 1086 4429; x_wconf 80' lang='lat' dir='ltr'><strong>lv,</strong></span> <span class='ocrx_word' id='word_1_479' title='bbox 1106 4365 1147 4416; x_wconf 79' lang='grc'><strong>83.</strong></span> <span class='ocrx_word' id='word_1_480' title='bbox 1167 4367 1216 4428; x_wconf 82' lang='lat' dir='ltr'><strong>vl,</strong></span> <span class='ocrx_word' id='word_1_481' title='bbox 1232 4364 1274 4414; x_wconf 84' lang='lat' dir='ltr'><strong>uu.</strong></span> <span class='ocrx_word' id='word_1_482' title='bbox 1293 4364 1364 4424; x_wconf 86' lang='lat' dir='ltr'><strong>Vlll,</strong></span> 
     </span>
    </p>
   </div>
   <div class='ocr_carea' id='block_1_8' title="bbox 0 0 1548 4960">
    <p class='ocr_par' dir='ltr' id='par_1_10' title="bbox 0 0 1548 4960">
     <span class='ocr_line' id='line_1_65' title="bbox 0 0 1548 4960; baseline 0 0"><span class='ocrx_word' id='word_1_483' title='bbox 0 0 1548 4960; x_wconf 95' lang='lat' dir='ltr'><strong> </strong></span> 
     </span>
    </p>
   </div>
  </div>
 </body>
</html>
