3040 4962
220 411 260 476 76
373 459 379 466 ,
652 404 915 468 HERODO'PI

218 577 322 670 ταύτῃ
345 575 513 670 Ἐρεχθέος
540 580 600 647 τοῦ
621 579 776 666 γηγενέος
802 579 981 666 λεγομένου
1013 575 1098 646 εἶναι
1123 572 1219 664 νηὸς,
1248 576 1370 666 err-epi

221 684 313 770 ἐλαίη
337 709 372 752 τε
391 682 445 750 καλ
469 677 624 750 θάλασσα
646 686 713 768 ἔνι,
748 675 788 749 τὰ
810 677 906 768 λόγος
929 674 1008 770 παρ’
1026 674 1215 765 Ἀθηναίων
1237 686 1366 746 ΙΙοσει-

421 877 563 930 cerv.
810 839 1366 978 liiii’lblldblillidit?

250 971 311 1048 Ἐρι
331 975 401 1040 diue
422 979 473 1058 τοιξ
495 971 630 1056 γηγενέος
647 973 761 1060 λερομὲ-
812 995 874 1096 ξονι.
887 977 1084 1058 (lleidelberg3
1092 974 1167 1056 11110)
1180 991 1244 1041 pag.
1255 973 1289 1023 20
1298 973 1366 1036 (ubi

214 1063 297 1131 ,sous
313 1064 359 1128 ναι
372 1045 450 1116 νηὸς]
470 1047 616 1164 Εριὸχθεος
634 1047 697 1097 dedi
712 1062 761 1112 pro
832 1045 987 1126 chelpestee
998 1060 1027 1094 ru
1039 1043 1151 1094 Arretrd.
1165 1043 1254 1123 Orett.
1266 1041 1365 1122 locum

220 1116 379 1184 Εριχθηος,
393 1121 423 1167 ut
435 1115 517 1177 Vll‚l
536 1114 562 1166 o.
580 1115 760 1176 Erechtheus,
812 1114 959 1180 adscripsi,
979 1128 1008 1162 ιο
1025 1127 1077 1176 quo
1090 1128 1104 1161 e
1116 1111 1235 1161 Vulcani
1252 1125 1364 1160 semine

170 1203 173 1210 ·
219 1187 326 1252 priscus
337 1185 503 1236 Athenarum
517 1199 571 1244 rex,
585 1187 701 1232 vocatur
713 1197 761 1248 γη·
812 1197 867 1232 non
880 1181 988 1246 quidem
1004 1179 1184 1242 Erechtheus,
1202 1177 1365 1242 sedprimus

219 1244 354 1370 νινιήςήί.
369 1267 393 1304 e.
406 1250 478 1302 rerrd
489 1252 596 1366 porrigue,
608 1265 630 1366 p
643 1249 762 1330 Vulcani
812 1249 896 1366 ρριορΙ
904 1256 1054 1364 ortuslplsee
1067 1244 1270 1363 digitupg,lpolsl.
1279 1243 1362 1360 33.

218 1331 762 1453 llbtt‘llbtt‘bllfilil:
812 1331 968 1449 ullibi
1004 1329 1085 1432 illi
1103 1327 1361 1440 11111111..

221 1455 341 1516 terebat,
360 1455 514 1504 eMinerva
532 1451 630 1503 deinde
644 1453 761 1504 nutritus
813 1451 870 1502 elie
894 1450 1020 1512 efferum,
1047 1449 1101 1498 iem
1122 1450 1258 1526 {temeres
1281 1449 1363 1496 novit

220 1521 375 1588 uultusque:
399 1521 433 1571 de
451 1535 504 1586 que
524 1521 599 1570 ieme
615 1520 678 1571 vide
691 1535 761 1585 quae
812 1519 855 1570 lli.
866 1519 900 1581 11,
913 1517 962 1568 547
973 1533 1057 1582 seqq„
1070 1517 1119 1566 ubi
1130 1513 1249 1582 Αθήνας
1259 1518 1360 1566 vocat:

373 1617 466 1686 δῆμον
480 1613 636 1700 Ἐρερθ·ος
653 1612 795 1686 μεναλήτο
815 1633 858 1681 ος,
878 1608 913 1670 ὅν
930 1608 996 1669 ποτ’
1012 1609 1117 1684 Ἀθήνη

308 1695 314 1712 ·
372 1681 489 1768 θρέψῃ,
498 1688 567 1767 Διορ
585 1637 717 1766 Ἇργοέιῃρ
731 1715 761 1724 —-
773 1636 837 1738 τ111ε
850 1680 883 1737 d'r
895 1685 1027 1748 ζείδωρος
1039 1675 1150 1748 ἄρουρα
1162 1712 1195 1718 -

371 1752 429 1806 aad
459 1753 477 1806 d
508 1747 676 1820 thdqvpo
707 1749 796 1818 ελοεν,
818 1745 1152 1819 ἕῷλνλπλονινηῴ·

372 1816 448 1874 ἔνθα
467 1816 499 1872 el
517 1837 567 1886 μιν
584 1814 712 1886 ταύροισι
730 1817 780 1872 κοιλ
798 1813 925 1886 α’ρνειοῖς
944 1813 1073 1872 Ιλοὶονιαι

371 1887 470 1956 κοῦροι
487 1881 646 1956 Ἀθηναίων
664 1884 904 1955 περιτελλομένων
922 1880 1074 1949 ἐνιαυτῶν,

221 1989 362 2056 ultcroquu
391 1989 452 2040 loco
477 1989 618 2054 Odysseae
639 1989 704 2051 Vll,
730 1989 761 2038 81
814 1989 913 2051 ximus,
932 1990 1003 2040 haec
1015 1988 1134 2040 conferri
1146 1987 1282 2038 volumus:
1301 1984 1357 2034 iam

220 2057 346 2108 Minerva
375 2057 470 2108 relictd
498 2057 613 2108 Seboritt
638 2057 762 2108 lltbeuus
814 2058 878 2122 quid
897 2059 924 2107 iu
942 2057 986 2106 bie
999 2057 1149 2106 Atticorum
1164 2055 1302 2104 hominum
1314 2069 1357 2102 re·

220 2125 380 2190 pervenisse
398 2125 489 2190 ibique
507 2115 663 2191 Ἐρεχθῆος
680 2141 761 2176 uurs-
813 2124 963 2191 ligionibus
985 2123 1080 2176 valeat
1104 2129 1131 2172 et
1151 2121 1213 2172 oleo
1234 2125 1262 2171 et
1282 2135 1357 2169 mare

221 2183 273 2244 νόν
290 2184 380 2258 δόμον
401 2193 520 2244 intrasse
542 2192 654 2244 dieiturr
683 2207 762 2258 quem
814 2207 921 2258 euque
938 2191 1026 2252 salsa,
1044 2190 1249 2240 declarandum.
1286 2186 1357 2250 Olea,

167 2315 172 2328 ,
221 2251 311 2326 δόμον
328 2259 429 2312 nullum
448 2259 530 2312 ullum
549 2261 634 2312 luisse
653 2259 762 2310 credam
814 2274 894 2324 quum
906 2260 1031 2310 Minerva
1044 2259 1072 2308 iu
1084 2273 1149 2308 eree
1161 2257 1303 2322 plenteese
1317 2255 1358 2303 ie·

222 2333 303 2394 utque
326 2323 376 2380 τόν
399 2319 469 2396 νηὸν
487 2317 653 2394 Ἐριχθλος,
682 2343 762 2394 quem
813 2327 925 2380 rebatur
941 2327 1042 2392 prima,
1060 2325 1124 2376 olim
1143 2340 1192 2390 per
1210 2322 1358 2373 Graeciam

222 2395 374 2448 llorodotus
398 2395 424 2448 b.
448 2395 468 2448 1.
492 2395 655 2514 appellavit.
690 2395 761 2456 Alis,
816 2409 875 2444 euru
892 2409 1022 2460 perquam
1044 2409 1108 2443 rare
1130 2392 1178 2454 (oi.
1196 2392 1284 2456 ipsum
1300 2389 1358 2438 He-

221 2479 290 2530 quue
309 2465 342 2516 de
361 2463 412 2516 lroe
424 2464 580 2516 Ereebtreo
594 2465 706 2530 eiusque
720 2479 763 2512 se·
815 2461 900 2512 rodet.
918 2462 956 2522 V,
976 2459 1009 2510 82
1030 2461 1123 2524 ibique
1145 2459 1224 2520 nott)
1249 2458 1356 2520 fuisset,

221 2531 276 2584 erle
286 2531 437 2594 traduntur,
452 2547 522 2582 nune
533 2537 686 2598 praetereo,
703 2545 764 2582 eum
814 2535 911 2594 postea
925 2529 959 2578 ab
972 2529 1072 2579 Atticis
1084 2527 1238 2577 bominibus
1251 2525 1357 2590 praeci·
1380 2530 1384 2538 ¹

222 2597 257 2648 nd
279 2597 350 2650 lrunu
369 2599 500 2650 llorodoti
517 2599 606 2650 locum
628 2603 703 2648 reete
725 2599 764 2646 iu·
814 2612 867 2662 pue
881 2596 956 2646 culte
970 2601 1023 2657 est,
1041 2601 1072 2644 ut
1089 2595 1124 2644 ad
1136 2593 1301 2660 praecipuos
1316 2607 1358 2640 re·

221 2663 401 2730 colligendum
427 2666 514 2716 minus
537 2667 707 2731 pertineant:
737 2665 765 2714 id
816 2665 906 2728 gionis
919 2665 1007 2714 minus
1025 2664 1128 2713 feracis
1142 2662 1265 2725 adeoque
1278 2660 1358 2709 eteri-

222 2747 302 2784 ursum
325 2732 485 2796 terrendum,
510 2732 554 2784 bis
576 2732 764 2796 similibusque
814 2731 848 2782 lis
862 2731 965 2781 reditus
976 2731 1126 2782 referretur
1135 2729 1259 2793 deaeque
1271 2727 1358 2792 ipsius

222 2799 337 2862 tubulis,
352 2815 423 2864 quae
437 2799 602 2860 terebantur,
617 2799 765 2866 primordie
816 2799 921 2848 tutelae
935 2799 1159 2850 committeretur.
1188 2797 1273 2846 Plura
1285 2795 1357 2844 idem

222 2881 309 2918 rerum
322 2866 475 2917 Atticarum
493 2873 574 2932 utque
593 2867 673 2917 initio
691 2867 764 2916 vitae
815 2865 932 2916 Mueller
952 2866 971 2916 1.
987 2865 1005 2916 l.
1023 2881 1086 2932 pag.
1100 2863 1139 2917 30.
1153 2862 1198 2926 31,
1218 2863 1312 2913 Stuurt
1328 2868 1358 2911 et

223 2933 353 2992 cultioris.
366 2949 436 3000 queo
450 2935 484 2984 ub
496 2935 568 3000 egri·
581 2935 710 2984 continuo
720 2949 764 2983 eo·
815 2933 923 2984 Revett.
941 2933 958 2982 l.
975 2933 993 2986 1,
1012 2933 1034 2982 Ι.
1047 2949 1073 2997 p.
1086 2931 1148 2992 497,
1168 2932 1270 2981 Ritter:
1289 2929 1358 2978 Erd-

222 3001 311 3054 loudis
332 3001 530 3068 proficiscitur,
555 3001 689 3052 contineri
710 3016 764 3050 me·
815 2999 906 3049 kunde
917 2999 1060 3066 xspbsu,
1074 2999 1246 3050 Boettieher:
1260 2999 1359 3047 Boum-

223 3069 390 3134 moriamque
414 3069 519 3120 servari
542 3073 633 3118 terrae
655 3068 763 3118 Atticae
816 3067 881 3134 cult.
898 3083 961 3132 peg.
982 3067 1028 3116 107
1046 3085 1102 3132 aeq.
1138 3068 1236 3131 ltaque
1254 3066 1292 3115 nil
1309 3065 1357 3114 mi-

242 3137 336 3186 rimum
362 3135 454 3186 celtae
479 3137 587 3186 deorum
614 3135 762 3186 beneficio:
815 3151 885 3196 rum,
906 3137 934 3184 in
951 3135 1357 3200 primariameximequevetu·

223 3209 315 3269 rteque
334 3203 368 3254 ud
381 3203 566 3270 agriculturae
581 3204 673 3266 initis,
692 3219 763 3270 quae
815 3208 858 3253 sta
870 3203 939 3252 deae
953 3203 1062 3254 Atticae
1076 3203 1144 3253 aede
1158 3201 1260 3262 oleam,
1275 3217 1292 3250 c
1305 3201 1358 3249 den

222 3271 276 3324 diis
288 3271 383 3323 debuit
395 3276 469 3322 terre
478 3271 580 3333 Attice,
593 3271 765 3322 haecomnia
814 3271 888 3336 ipsa,
902 3275 931 3320 ut
944 3271 1085 3332 ferebant,
1104 3271 1269 3336 plantatam,
1288 3283 1357 3318 sern-

223 3345 374 3460 little
390 3339 764 3459 1115..1111111..11116111Θ
815 3354 848 3455 l?
849 3337 1357 3472 {1rtellitllilllilllbttir

223 3493 277 3528 uer.
296 3477 331 3528 ed
344 3477 469 3528 Cicerou.
488 3476 522 3526 de
541 3480 597 3526 nat.
611 3474 700 3527 deorr.
713 3477 763 3536 ΙΙΙ,
816 3473 873 3524 alia
888 3476 945 3524 cito
962 3473 1072 3524 subdita
1088 3474 1179 3522 fuerit.
1216 3473 1288 3521 ilinc
1301 3470 1357 3520 Pli-

226 3543 263 3595 111.
302 3543 661 3610 α.5λθοορ.111,2·ὶ.ρα
683 3542 763 3592 ,beu
815 3543 876 3592 nius
889 3543 924 3593 H.
938 3543 970 3592 bl.
984 3543 1056 3603 xvi,
1070 3542 1114 3590 tt:
1140 3540 1357 3603 ,Athenisque-

223 3562 342 3676 embol.
361 3614 455 3678 111.p.
474 3611 524 3664 308
536 3627 611 3678 seqq.
627 3559 681 3662 385
690 3627 764 3676 seqq.
816 3625 867 3675 que
885 3610 947 3660 olea
964 3610 1062 3660 durare
1083 3609 1201 3658 traditur
1223 3609 1251 3656 in
1268 3611 1357 3656 certe-

223 3679 269 3728 1v.
282 3695 309 3744 p.
322 3679 372 3729 342
383 3696 413 3730 se
434 3697 469 3745 q.,
483 3679 653 3730 Brceudsted
666 3678 713 3728 1.1.
727 3679 763 3728 Il.
816 3679 889 3728 mine
903 3678 977 3727 edita
987 3693 1003 3726 e
1012 3677 1166 3726 llincrva.“
1184 3676 1273 3740 Prope
1286 3675 1358 3723 hano

223 3760 286 3810 pag.
307 3747 366 3795 227.
388 3697 450 3808 231,
475 3747 619 3800 Thierscb.
643 3747 684 3796 in:
709 3746 763 3795 Ab·
816 3745 906 3796 oleam
924 3744 967 3807 (de
986 3761 1039 3810 qua
1057 3745 1141 3794 etiam
1158 3743 1212 3793 vid.
1231 3743 1357 3792 ciceron.

223 3811 327 3862 bsudll.
340 3813 365 3862 d.
376 3813 451 3863 Bair.
462 3815 550 3864 Akad.
560 3815 585 3864 d.
595 3813 763 3864 Wiesenseb.
815 3814 858 3863 De
871 3814 960 3878 Legg.
974 3815 999 3874 Ι,
1015 3812 1028 3862 1
1043 3813 1136 3876 ibique
1148 3811 1248 3861 Moser.
1262 3827 1288 3876 p.
1302 3811 1317 3858 4
1331 3813 1360 3859 ct

223 3877 289 3945 phil.
303 3878 365 3929 hiet.
379 3879 467 3930 Closs.
481 3882 511 3932 V.
525 3898 551 3946 p.
568 3880 612 3930 101
626 3897 716 3946 seqq,
729 3895 764 3930 ne
815 3881 972 3930 Turnebum
989 3896 1052 3946 pag.
1070 3879 1119 3929 527
1138 3879 1180 3928 ed.
1194 3878 1253 3938 Cn,
1272 3879 1358 3943 Span-

224 3946 311 4013 plura.
348 3948 389 3996 De
403 3947 463 4012 ipso
474 3948 622 3998 Erechthei
636 3949 717 4009 node,
735 3949 764 3998 in
815 3948 885 3998 hem.
900 3947 935 3996 ed
949 3947 1111 3996 Callimacb.
1122 3945 1229 3996 Pallad.
1240 3948 1358 3996 Laveer.

225 4029 279 4078 que
291 4013 355 4064 olim
374 4019 401 4064 et
418 4013 481 4065 olea
498 4019 612 4065 otmaro
626 4017 711 4066 luisse
725 4015 764 4064 di·
815 4014 868 4075 26.)
886 4029 940 4064 nou
954 4015 1051 4064 minori
1069 4015 1200 4079 religione
1214 4029 1358 4064 consecra·

225 4083 309 4146 citur,
327 4082 355 4132 iu
374 4083 498 4132 Excursu
516 4081 550 4131 ed
568 4083 594 4133 b.
608 4083 626 4132 1.
641 4083 764 4148 exposui·
815 4087 860 4132 tue
877 4083 1043 4132 cernebatur
1057 4088 1149 4146 putem
1165 4097 1188 4130 s.
1197 4081 1258 4144 fone
1276 4096 1357 4146 equae

225 4165 295 4212 mus,
322 4155 451 4214 quantum
474 4150 508 4200 ad
526 4149 659 4200 Herodoti
678 4150 765 4201 verbo
814 4155 910 4208 salem,
934 4165 1013 4214 quem
1032 4150 1100 4200 adeo
1123 4165 1192 4198 mere
1211 4148 1357 4210 vocabant,

224 4222 300 4268 reete
314 4217 494 4282 intelligenda
506 4231 573 4283 opus
585 4217 737 4268 videbatur.
815 4232 947 4282 quemque
959 4217 1008 4268 sub
1021 4217 1114 4270 flatum
1126 4217 1185 4267 noti
1197 4216 1277 4266 surdo
1290 4229 1360 4264 mur·

260 4275 292 4338 1ο
303 4283 342 4350 τῷ
354 4277 436 4350 ἐλαίη
452 4299 482 4336 re
499 4279 549 4336 καὶ
561 4276 694 4334 θάλασσα
708 4280 762 4351 ἔνι]
815 4299 890 4333 mure
919 4285 1047 4335 fluctuum
1077 4285 1112 4334 ad
1141 4285 1229 4333 instar
1245 4283 1358 4334 'moveri

225 4353 337 4418 Dahis,
352 4369 422 4418 quae
437 4353 466 4403 in
476 4353 600 4403 Excursu
611 4351 646 4402 cd
656 4351 683 4404 h.
694 4352 712 4402 1Ι
725 4354 764 4403 di·
815 4352 1000 4417 strepitusque
1022 4352 1102 4402 edere
1120 4351 1263 4413 dicebant,
1286 4353 1358 4402 teste
