3040 4962
544 511 748 577 URANIA.
771 511 862 572 VIII.
886 520 929 572 55.
1263 517 1303 576 77

109 677 282 750 σιτίδέωνί
297 707 334 750 τε
351 682 406 750 καὶ
422 677 621 774 Ἀθηναίην,
641 687 813 775 ἐρίσαντας
830 684 906 774 περὶ
924 685 981 770 τῆς
998 679 1122 774 χώρης,
1140 681 1304 774 μαρτύρια

164 877 286 927 Puusun.
299 877 324 940 1,
340 877 373 927 ²4
391 877 453 928 coll.
467 879 567 928 Liban.
582 881 708 931 Lemoni.
760 880 833 930 inter
844 879 996 929 Minervam
1010 883 1091 944 etque
1102 881 1256 946 Neptunum
1268 881 1302 932 de

163 945 306 994 Nicomed.
331 961 357 1010 p.
381 943 439 995 ⁸203.
477 946 584 1012 Quippe
606 950 708 1014 Neptu·
759 949 869 997 Atticae
887 947 1008 1011 regionis
1030 949 1203 1062 possessione
1228 949 1305 998 teeti·

164 1028 229 1061 num
246 1015 334 1076 ipsum
354 1028 415 1061 cum
433 1013 552 1063 tridente
572 1017 708 1066 sonteme
761 1017 866 1076 monie3
902 1029 962 1064 cum
989 1015 1050 1064 soi.
1080 1015 1131 1066 ille
1159 1016 1213 1064 sibi
1241 1016 1304 1065 elusi

164 1095 233 1130 sexo
251 1081 391 1144 aperuisse
409 1080 485 1130 fame
498 1081 620 1132 ferebat:
639 1075 710 1148 πλή·
760 1083 888 1148 planteti-
909 1081 1065 1132 vindieeret
1082 1083 1191 1132 Atticae
1214 1085 1304 1148 regios

165 1144 216 1208 ξας
240 1147 274 1212 τῇ
297 1146 411 1228 τριαίνη
439 1143 512 1198 κατὰ
539 1143 629 1215 μέσην
656 1145 709 1215 τὴν
760 1151 1241 1214 nispossessionem,quemeendem
1252 1151 1304 1200 Ne·

163 1205 322 1294 {seductis
351 1205 481 1332 α’νεφρνε
511 1210 709 1282 θάλασσαν,
760 1223 874 1282 ptunus,
899 1217 944 1280 qui
962 1222 1072 1282 puteum
1090 1217 1167 1267 illum
1184 1218 1303 1267 tridente

165 1297 203 1348 ην
215 1279 269 1332 νῦν
284 1281 422 1347 Εριχθη
449 1281 628 1346 tenetote,
643 1287 709 1334 seri·
762 1284 1095 1349 apemerst,eiiectebat.
1123 1285 1183 1336 Huc
1197 1298 1261 1335 vcro
1274 1301 1303 1334 re

165 1350 207 1398 hit
216 1350 397 1414 Apollodorus
409 1351 427 1398 1.
439 1365 520 1416 supra
530 1351 547 1401 l.
567 1353 619 1414 Qui
631 1343 709 1416 ὕδωρ
762 1354 796 1400 ud
809 1352 953 1401 duodecim
970 1352 1081 1400 deorum
1100 1353 1230 1402 iudicium
1244 1368 1305 1418 pera

164 1415 707 1482 &ciduuievdicitPerrsaniesi,id.§.ti,
761 1419 819 1469 lete
848 1423 958 1469 constet
981 1419 1124 1470 Minervae
1152 1421 1304 1486 possessIo·

165 1486 189 1534 is
202 1485 258 1535 etio
272 1483 434 1547 ioco(V111,
451 1485 489 1535 10.
503 1489 526 1546 5.
541 1488 566 1551 3)
585 1492 666 1538 vocet
678 1482 710 1537 τὸ
760 1502 823 1536 nem
833 1486 955 1551 regionis
964 1486 1049 1537 fuisse
1060 1487 1207 1538 addictam.
1222 1488 1304 1554 Equi·

155 1551 242 1616 ἀν’μα
258 1546 291 1602 τὸ
299 1544 341 1630 ’ἐν
361 1543 529 1618 α’νροτιόλει,
552 1555 623 1604 undo
640 1556 711 1604 setis
761 1554 822 1604 dem
835 1553 901 1603 illud
915 1553 1029 1616 ediicio,
1046 1555 1136 1605 videri
1152 1557 1246 1620 utique
1264 1555 1303 1604 ei-

164 1624 253 1684 pstet,
263 1620 414 1682 θαλασσαν
423 1621 474 1671 hoc
483 1621 546 1672 Ioco
555 1622 624 1672 nihii
635 1622 711 1672 atiud
760 1622 839 1672 tioris
856 1621 995 1686 indsginis
1012 1637 1072 1672 esse
1086 1623 1158 1672 hene
1170 1622 1302 1686 isbnlam,

165 1702 227 1737 esse
240 1689 295 1737 nisi
307 1693 511 1755 spiramentum,
524 1694 555 1738 ut
566 1695 641 1741 recte
654 1705 709 1740 mo·
762 1705 831 1754 quus
845 1689 880 1738 ud
891 1689 982 1754 prime
993 1704 1083 1738 rerum
1094 1691 1249 1740 Atticarum
1262 1691 1303 1739 in-

164 1755 227 1804 nuit
249 1755 280 1805 1..
299 1755 369 1806 Roas
391 1755 433 1804 in:
457 1755 621 1823 Archiiolog.
639 1758 709 1808 Zeit.
761 1755 898 1807 cunebuie
910 1761 1031 1822 spectet,
1050 1757 1091 1806 ite
1107 1763 1137 1807 ut
1150 1758 1203 1807 iste
1216 1758 1302 1822 regio,

166 1819 240 1872 185⁰.
262 1839 301 1874 nr.
322 1821 439 1872 tit-18.
462 1839 527 1890 pag.
547 1824 604 1875 179.
645 1824 710 1876 Alie
760 1824 1061 1874 merisfluctibusolim
1071 1824 1302 1886 multumvexete,

164 1889 301 1956 qusedmn
331 1891 482 1940 afferuntur
510 1893 539 1940 in
565 1893 708 1943 Thesauro
759 1897 857 1958 postes
882 1908 915 1942 ex
938 1893 991 1942 hoc
1014 1893 1143 1942 fluctuum
1161 1891 1303 1958 (Neptuni)

164 1958 292 2024 Linguae
305 1957 404 2011 Graec.
417 1959 464 2011 IV.
478 1975 504 2023 p.
517 1957 567 2008 232
585 1959 626 2010 ed.
639 1961 707 2010 Din-
760 1960 910 2010 certamine
931 1975 992 2009 eum
1008 1960 1070 2026 ipse
1088 1965 1163 2010 terre
1180 1960 1303 2025 lucisque

164 2025 251 2088 dort,
269 2025 317 2075 ubi
334 2025 444 2089 Polybii
461 2026 537 2076 locus
553 2027 627 2085 XVI,
645 2027 661 2077 5
692 2029 708 2077 4
759 2029 788 2078 vi
800 2027 876 2076 illem
889 2027 1069 2078 collustrante
1080 2034 1108 2078 et
1118 2027 1303 2078 calefaciente

165 2094 315 2142 excitetur:
347 2091 417 2151 ναῦς
440 2086 549 2160 πλήρης
578 2065 708 2146 deicis·
760 2095 908 2158 (Minerva)
921 2094 998 2144 firme
1011 2095 1149 2145 exstiterit
1161 2101 1302 2162 certeque.

164 2176 234 2278 ρηῧ
253 2160 593 2278 ΝαηααιαέἑλανίρλαλΙααίλ
604 2163 708 2280 ξααιιαα
759 2161 896 2280 §eichen
915 2163 949 2212 de
966 2162 1089 2282 hqq7lgte
1106 2164 1303 2292 terqzcituqll’sset.

163 2243 193 2277 m
235 2244 587 2279 ommene.errrcc.1n
628 2246 709 2281 euse·
790 2245 904 2280 cnexen.
933 2245 950 2278 a
971 2235 995 2279 .'
1071 2245 1103 2280 ‚e
1152 2231 1239 2280 uini.
1278 2247 1304 2280 e·

163 2295 495 2360 niem(Freiberg.1859)
513 2311 577 2363 peg.
593 2297 633 2348 18.
668 2299 709 2349 Ac
761 2297 842 2347 clem.
859 2245 994 2348 323pcgli.
1013 2298 1155 2348 Plutarch.
1177 2299 1214 2348 II.
1238 2313 1303 2363 pag.

164 2379 233 2414 sane
246 2363 287 2412 nil
299 2365 427 2429 impedit,
447 2379 497 2428 que
510 2366 599 2415 miuus
611 2381 710 2417 revers
759 2363 846 2415 4893.
882 2365 924 2414 Tu
935 2365 996 2415 'vid
1009 2366 1180 2429 potissimum
1193 2365 1304 2430 Apollo-

164 2432 271 2481 iontem
292 2431 394 2481 sulsum
412 2431 476 2481 olim
493 2433 522 2481 in
539 2448 603 2484 erce
622 2433 708 2483 fuisse
760 2432 818 2482 dor.
831 2431 882 2494 111,
897 2431 936 2480 14.
950 2433 975 2492 §.
992 2431 1003 2480 i
1018 2437 1129 2496 siquae
1143 2432 1304 2497 elieprotu·

164 2499 363 2562 existimemus,
382 2515 461 2564 quem
482 2500 559 2566 vulgi
577 2503 709 2566 supersti·
759 2499 852 2549 lerunt
864 2499 955 2549 Moser
968 2499 1002 2548 sd
1015 2498 1157 2549 Ciceronis
1171 2499 1189 2548 l.
1202 2499 1230 2562 l.,
1244 2500 1304 2550 Sin·

164 2567 204 2616 tio
215 2567 250 2615 ad
259 2567 416 2632 Neptunum
428 2567 563 2629 retulerit,
577 2583 709 2633 (quemque
760 2567 832 2616 tenis
854 2566 889 2616 ed
906 2567 1047 2616 Plutarch.
1064 2566 1241 2617 Themistocl.
1262 2565 1302 2618 lu.

165 2633 255 2684 adhuc
272 2649 302 2684 se
317 2634 421 2684 vidisse
434 2633 593 2686 affirmabat
604 2636 709 2700 piorum
760 2650 823 2700 peg.
836 2632 891 2696 teu,
905 2633 1274 2699 Creuaer.Symbol.l.supre
1283 2633 1302 2684 1.

164 2701 401 2767 peregrinatorum
430 2717 512 2760 nnus,
541 2704 709 2768 negantibus
760 2703 838 2752 Oret.
857 2701 1216 2766 deciviththempegbi
1235 2703 1304 2751 etin

164 2774 299 2835 quotquot
310 2771 404 2820 nostri
417 2785 450 2820 ao
461 2775 568 2836 petrum
578 2773 710 2822 memoritt
760 2769 862 2820 Stuert.
876 2775 905 2819 et
916 2770 1026 2820 Revett.
1041 2769 1155 2819 hiterth.
1165 2785 1229 2835 pag.
1243 2769 1302 2823 547.

164 2851 258 2888 arcem
279 2837 487 2903 perlustrerunt.
524 2837 604 2888 Geni.
623 2839 710 2890 Muel-
760 2838 865 2900 Quibus
876 2842 973 2903 postes
985 2837 1056 2887 heec
1069 2837 1218 2903 adscripsit
1228 2839 1304 2889 Creu·

164 2905 214 2955 ler.
228 2905 246 2956 l.
264 2904 283 2954 Ι.
305 2921 369 2970 pag.
386 2904 428 2956 20.
447 2904 489 2958 31.
529 2905 583 2956 Sed
605 2907 710 2958 monuit
759 2921 848 2956 zerim:
861 2905 936 2968 „Seu
947 2911 1040 2955 temen
1053 2906 1247 2971 entIquissime
1259 2922 1303 2956 sa·

163 2972 308 3023 Thiersch.
322 2973 341 3035 l.
357 2972 376 3021 l.
388 2988 453 3039 pag.
469 2971 524 3032 100,
537 2973 625 3024 videri
640 2989 709 3025 sene
760 2989 808 3023 cre
817 2972 1025 3023 Atheniensium
1035 2973 1109 3023 inter
1118 2973 1227 3024 arsetes
1238 2974 1303 3023 deos

163 3045 275 3090 veteres
287 3041 483 3104 Athenienses,
504 3042 709 3108 comtemptum
758 3041 915 3091 habuerunt
931 3041 1015 3090 etiam
1031 3041 1200 3106 Neptunum,
1223 3057 1303 3106 quem

164 3109 193 3157 in
206 3123 272 3158 arce
286 3112 469 3171 exstruerent,
488 3124 588 3174 aquam
601 3110 709 3174 quecui-
760 3108 809 3159 alii
826 3123 934 3174 quoquc
952 3107 1054 3158 Graeci
1076 3101 1237 3174 φυτάλμιον
1254 3125 1303 3175 ep·

163 3175 239 3227 visse
253 3191 367 3240 eumque
380 3176 463 3226 etiam
494 3177 654 3227 eriodiendo
667 3193 708 3227 re·
759 3177 911 3242 pellebant,
927 3176 946 3225 i.
960 3191 982 3226 e.
995 3171 1124 3242 γόνιμον,
1136 3180 1223 3226 cineum
1235 3177 1302 3240 (He-

164 3244 280 3309 periese,
294 3193 649 3308 sedsalsamiilsmiuisee,
663 3245 709 3294 ed·
760 3245 836 3308 syeh.
858 3245 887 3293 in
911 3240 1089 3309 φυτάλμιος).
1130 3244 1191 3304 Qus
1215 3245 1248 3293 de
1272 3260 1302 3294 re

164 3311 261 3376 dItqne
284 3311 356 3360 idem
379 3312 422 3361 vir
439 3311 484 3363 vel
502 3317 596 3362 nostre
614 3318 708 3364 eetete
761 3310 873 3362 consule
886 3310 1043 3362 Beselerum
1060 3313 1102 3360 De
1120 3316 1207 3376 gentt.
1222 3317 1249 3360 et
1262 3311 1303 3360 sa-

165 3379 239 3428 idem
252 3379 402 3441 coemisse,
421 3395 480 3429 oum
494 3380 522 3428 iu
535 3395 599 3430 erce
610 3381 710 3430 inclusi
761 3379 826 3428 mill.
844 3378 956 3428 Atticae
974 3377 1193 3428 sacerdotalibus
1209 3393 1273 3442 peg.
1286 3377 1304 3426 11

165 3447 212 3512 qui
226 3446 342 3506 inerint,
358 3450 470 3512 propter
487 3463 575 3511 uquse
588 3449 709 3514 inopiam
759 3462 848 3512 seqq,
868 3449 896 3495 et
913 3447 971 3511 ipse
989 3461 1077 3510 nuper
1089 3445 1181 3494 monui
1196 3445 1225 3492 in
1237 3445 1303 3494 Dia·

165 3515 270 3564 iontem
288 3515 408 3580 reperire
426 3515 582 3564 studuerint
595 3531 709 3581 eumque
760 3515 834 3564 tribe
850 3513 884 3563 de
901 3512 1016 3564 vasculo
1033 3511 1187 3561 Erbecenei
1199 3512 1303 3562 Hercu·

165 3583 252 3632 etism
269 3583 379 3632 tandem
402 3583 430 3632 in
447 3582 616 3632 occidentali
637 3584 710 3633 arcis
759 3583 813 3633 lem
823 3581 963 3645 Buzygem
976 3578 1153 3630 exhibente.“

163 3654 245 3716 parte
262 3649 432 3713 invenerint,
456 3650 501 3716 qui
519 3666 618 3716 equam
636 3651 709 3700 exhi·
795 3645 877 3728 λόγος
889 3637 959 3711 παρ’
971 3638 1137 3712 Ἀθηναίων]
1150 3646 1305 3698 Revocavit

164 3717 364 3780 beretseisem,
379 3717 428 3768 sed
437 3717 596 3783 potabilem.
609 3717 709 3768 Beule':
760 3733 818 3782 παρ
854 3707 1012 3780 Ἀθηναίων
1035 3713 1192 3776 Bekkerus,
1224 3730 1303 3780 quem

164 3783 320 3850 l'Acropole
331 3785 368 3837 11.
379 3801 442 3851 pag.
452 3785 500 3835 251
511 3801 568 3850 seq.
583 3801 625 3848 es,
640 3801 709 3850 quse
761 3801 812 3852 ego
825 3799 886 3835 cum
903 3786 1018 3833 recenti.
1033 3782 1094 3832 edd.
1107 3787 1218 3832 secutus
1229 3798 1303 3846 sum;

164 3853 199 3902 de
217 3852 269 3902 hcc
287 3853 363 3902 tonte
381 3869 401 3903 s.
420 3853 454 3903 de
472 3868 544 3918 equa
561 3854 638 3903 sulse
655 3859 710 3903 tre·
760 3855 797 3905 of.
809 3852 926 3903 Bredov.
940 3867 966 3916 p.
978 3848 1036 3900 208.
1072 3850 1146 3901 Mete
1159 3851 1211 3900 duo
1224 3851 1302 3902 codd.

164 3920 274 3981 duntur,
289 3921 324 3969 ad
334 3921 395 3984 pies
407 3921 580 3971 secerdotum
590 3919 709 3980 frendes,
760 3911 808 3972 ὑπ’
818 3911 986 3986 Ἀθηναίων.
999 3919 1064 3984 Ipsu
1073 3919 1208 3969 Herodoti
1217 3919 1304 3970 verbu

165 3987 265 4052 quibus
282 3987 382 4053 populo
400 3989 592 4053 imposuerint,
611 3989 711 4039 referri
760 3990 801 4040 sic
814 3987 933 4039 reddidit
942 3986 1035 4036 Vella:
1055 3988 1103 4050 „in
1116 3985 1302 4052 quo(templo)

164 4056 236 4116 vnit,
272 4071 362 4120 neque
390 4056 475 4106 ullum
509 4057 601 4107 salsae
631 4057 711 4106 huius
761 4053 1303 4120 olesestetmero,utspudhthenien·

165 4137 255 4188 eques
272 4122 363 4174 locum
380 4123 469 4174 edhuc
489 4131 627 4189 repertum
649 4139 710 4174 csse
761 4139 805 4174 ses
818 4123 1005 4190 praedicetur,
1021 4123 1148 4188 Neptuno
1161 4123 1301 4172 et'Mincr·

165 4191 333 4256 pronuntiat.
358 4191 437 4253 Quod
450 4207 515 4242 vero
526 4193 710 4243 Athenienses
761 4208 813 4242 vse
837 4192 866 4240 in
889 4191 1073 4241 testimonium
1096 4190 1201 4256 posite,
1231 4189 1303 4254 quod

165 4259 255 4308 olcem
273 4274 306 4309 ac
324 4265 437 4324 puteum
454 4263 511 4309 tem
533 4261 613 4310 enxie
632 4275 710 4310 curs·
761 4261 794 4310 de
818 4261 930 4325 regione
956 4257 1182 4308 decertassent.“
1224 4257 1302 4319 Quae

165 4327 221 4376 rint
233 4332 344 4392 temque
357 4327 402 4392 pie
413 4325 560 4390 eclueriut,
575 4328 709 4378 rationem
760 4327 926 4393 improbavit
935 4324 1232 4391 ¹Schweighue'userus,
1256 4325 1303 4389 qui

165 4393 244 4444 addit
265 4394 399 4445 historiae
422 4399 502 4460 pater
526 4411 599 4458 eum,
629 4411 709 4460 quem
761 4395 836 4460 prius
859 4395 1024 4459 requisierat
1047 4383 1118 4457 παρ’
1134 4390 1301 4456 Αθηναίοις,

163 4461 241 4512 ieme
258 4464 438 4528 suggerebat:
463 4478 524 4512 esse
541 4463 611 4513 hece
631 4464 708 4514 rirue
760 4463 799 4520 nil
810 4466 1007 4527 temenpostee
1018 4461 1174 4511 mutandum
1184 4459 1302 4524 censuit,
