2980 4978
305 462 362 522 Du
384 461 488 522 VITA
508 461 566 522 ΕΤ
588 429 779 522 sculum
800 459 1035 521 HERODOTI.
1176 463 1236 526 489

105 637 187 690 editio
209 651 298 704 usque
318 634 352 686 sd
370 633 398 701 1,
414 635 463 700 32,
485 639 627 704 excerptas
644 632 705 685 illas
724 651 739 684 e
755 633 877 701 catalogo
899 633 1022 703 (Graeca
1037 633 1071 685 D.
1086 633 1173 688 Marci
1191 635 1236 688 Bi-

105 723 238 776 bliotheca
255 720 333 772 codd.
349 735 414 772 mss.
430 718 528 771 Venet.
548 719 623 772 1740.
640 735 703 788 pag.
721 718 784 785 139)
800 717 937 785 codicum,
954 735 1032 794 quem
1046 719 1169 786 Zauetti,
1195 721 1238 773 vir

105 809 217 873 doctus,
232 805 322 871 dedit,
346 805 417 857 hanc
433 803 549 856 codicem
564 804 792 856 membranaceum
808 821 870 856 cass
885 803 1014 874 foliisque
1029 811 1155 858 constare
1170 807 1237 858 scri-

106 893 160 962 ptis
177 893 225 946 381
249 897 277 943 et
292 891 326 942 ad
341 889 477 942 saeculum
492 889 621 942 decimum
639 889 763 959 quintum
784 887 922 958 pertinere
942 895 1078 958 testatus,
1101 890 1239 958 signatum

106 993 179 1030 nunc
193 993 236 1028 nr.
254 973 426 1027 cccnxw.
463 973 521 1026 llas
542 973 674 1026 lectiones
689 990 742 1026 non
760 973 884 1026 meliores
903 991 965 1026 esse
979 973 1029 1040 iis,
1053 991 1122 1044 quas
1137 975 1239 1028 Vindo-

106 1061 238 1116 bouanais
255 1059 324 1112 liber
346 1059 455 1112 exhibet
477 1076 509 1110 ac
529 1059 686 1128 plerumque
704 1058 812 1110 lonicae
833 1057 941 1112 dialecti
961 1059 1061 1112 formas
1079 1059 1107 1111 in
1124 1077 1239 1113 commu-

107 1163 167 1200 nem
188 1161 338 1198 aermonem
361 1150 548 1196 transvertere
569 1143 647 1195 facile
667 1141 858 1211 intelligimus:
883 1161 971 1213 neque
992 1143 1110 1196 melioris
1132 1146 1240 1198 omnino

107 1231 272 1285 conditionis
287 1247 350 1282 esse
366 1229 437 1281 bunc
451 1229 546 1281 librum
563 1229 623 1298 ipae
643 1227 781 1295 intellexi,
804 1245 862 1282 cum
880 1228 1003 1281 Venetiis
1018 1229 1137 1282 codicem
1154 1230 1239 1300 inspi-

107 1333 204 1370 cerem.
238 1315 270 1366 ln
284 1313 376 1366 'eadem
391 1313 425 1366 D.
441 1313 527 1366 Marci
543 1313 710 1366 Bibliotheca
724 1313 795 1366 alius
810 1329 919 1384 quoque
933 1313 1066 1366 llerodoti
1083 1315 1168 1367 codex
1183 1333 1241 1369 ser-

109 1409 204 1469 vatur,
224 1399 271 1470 qui
287 1404 427 1468 praeterea
443 1398 542 1451 Iuliani
557 1398 686 1452 Caesaris
704 1399 807 1468 scripta
823 1397 954 1452 nonnulla
969 1399 1105 1452 continet:
1136 1399 1241 1452 charta-

109 1503 174 1540 ceus
191 1503 253 1538 csse
269 1483 368 1536 dicitur
383 1483 491 1536 saeculo
508 1483 609 1536 decimo
623 1483 719 1555 quinto
735 1484 843 1536 circiter
857 1483 978 1553 scriptur
993 1492 1020 1536 et
1032 1483 1166 1538 follicans
1178 1501 1242 1538 con·

111 1579 205 1636 stans,
222 1569 348 1637 signatus
364 1583 437 1621 nunc
452 1587 493 1621 nr.
511 1567 688 1635 cccnxv1;
710 1568 766 1620 vid.
781 1568 798 1621 l.
817 1569 834 1623 l.
852 1585 914 1638 pag.
933 1570 992 1620 175.

193 1655 247 1706 lam
269 1653 410 1706 dicendum
434 1655 468 1706 de
488 1655 609 1707 l'oririnis
628 1653 782 1720 codicibus,
807 1670 921 1724 quorum
945 1659 1003 1706 tres
1022 1653 1049 1706 in
1066 1653 1243 1722 Wesselingii

110 1759 188 1796 usum
212 1739 324 1792 collutos
346 1739 419 1790 etin
441 1739 502 1792 eius
523 1738 643 1790 editione
664 1738 810 1791 distinctos
834 1738 987 1791 invenimus
1006 1738 1094 1806 signis
1112 1738 1143 1790 Α.
1160 1739 1193 1791 Β.
1209 1739 1242 1791 C.

110 1829 208 1898 Neque
232 1841 299 1878 vero
320 1823 388 1876 satis
412 1831 562 1876 accuratam
586 1841 649 1876 esse
669 1824 763 1876 horum
785 1823 949 1877 voluminum
970 1822 1154 1890 collationem,
1183 1825 1244 1894 ipse

109 1909 313 1978 Wesselingiua
333 1909 384 1960 iarn
402 1916 571 1980 conquestus
593 1915 667 1976 erat3
690 1915 754 1978 post
773 1925 852 1980 quem
865 1909 1019 1962 barcherus
1039 1909 1067 1960 in
1083 1917 1244 1962 commenta-

110 1997 161 2051 riis
182 1996 242 2049 suis
258 1992 363 2046 Gallico
387 2011 513 2046 sermone
533 1993 566 2046 ud
580 1993 748 2046 Herodotum
774 1993 938 2063 conscriptis
958 1993 1103 2046 nonnullas
1126 1993 1170 2046 hic
1191 1993 1245 2046 illic

110 2082 241 2135 lectiones
258 2095 290 2130 ex
303 2078 398 2130 iisdem
409 2078 511 2132 attulit.
535 2079 698 2132 Accusatius
709 2077 770 2131 illos
786 2096 840 2131 una
855 2095 914 2131 cum
929 2079 1019 2131 tribus
1034 2077 1095 2132 aliis
1107 2079 1246 2148 Schweig-

111 2165 236 2220 haeuseri
254 2171 353 2230 rogatu
369 2163 487 2216 contulit
499 2163 671 2230 Gorgiades,
688 2165 813 2217 Graecus
830 2164 922 2232 homo,
943 2163 1133 2234 variarumque
1150 2165 1245 2216 unius-

112 2251 247 2320 cuiusque
259 2248 360 2302 codicis
377 2247 522 2301 lectionum
533 2247 639 2300 libellos
655 2255 797 2318 seperatus
809 2247 1070 2318 Schweighaeusero
1084 2249 1246 2316 transmisit,

111 2339 140 2390 in
156 2335 235 2388 cuius
259 2333 405 2386 editionem
422 2339 481 2386 tota
499 2333 565 2384 haec
586 2329 693 2386 collatio
713 2338 824 2402 recepta
845 2341 902 2399 est3
925 2351 1015 2403 nequa
1035 2332 1187 2386 tamen-vel
1207 2332 1248 2385 sic

15 2485 16 2488 Ἴ
113 2422 215 2474 desunt
234 2417 300 2484 loci,
324 2418 351 2470 in
376 2417 477 2489 quibus
498 2417 564 2487 qnid
585 2417 611 2469 iu
635 2417 685 2469 hoc
707 2418 766 2470 sive
786 2415 831 2470 illo
856 2417 925 2470 libro
948 2417 1122 2484 inveniatur,
1147 2417 1247 2470 dubius

114 2507 241 2570 haereas,
259 2502 419 2572 praesertim
433 2502 461 2554 in
477 2502 596 2570 singulis
612 2501 773 2574 quibusdam
789 2503 898 2570 formis,
916 2502 1169 2572 terminationibus,
1186 2503 1248 2556 aliis

114 2588 268 2644 huiusmodi
282 2588 382 2654 rchua,
407 2603 476 2658 quas
498 2587 625 2640 minutias
647 2605 710 2641 asse
727 2603 821 2658 parum
843 2595 917 2641 recte
932 2588 1040 2658 quidam
1054 2584 1248 2658 opinantur*).

114 2676 191 2728 lnter
206 2674 256 2726 hos
271 2690 336 2725 vero
350 2690 399 2725 sex
417 2671 539 2740 codices,
557 2671 687 2744 reliquis,
706 2690 777 2744 quos
792 2673 869 2726 modo
886 2673 1088 2740 recensuimus,
1106 2672 1189 2746 multo
1205 2691 1247 2726 rc-

114 2760 266 2826 centiores,
290 2757 371 2826 longe
387 2757 516 2828 princeps
532 2759 648 2812 habetur
663 2757 702 2826 is,
728 2759 775 2830 qui
794 2776 904 2812 numero
920 2757 1118 2810 MDCXXXlll
1133 2757 1248 2827 insigni-

113 2855 161 2898 tur
175 2845 409 2911 membranaceus,
425 2843 518 2896 seculo
532 2843 705 2910 duodecimo,
721 2853 753 2897 ut
767 2851 879 2914 putant,
895 2850 1032 2896 exaratus.
1056 2843 1137 2897 Cous.
1150 2841 1248 2896 Lea-ch.

113 2931 248 2985 Herodot.
260 2928 295 2981 T.
308 2929 330 2980 l.
345 2946 372 2997 p.
384 2927 497 2981 XXXVI
511 2929 553 2982 ed.
567 2947 623 2983 sec.
652 2927 731 2998 Apud
743 2929 1033 2997 Schweighaeuserum
1046 2933 1158 2981 notatur
1169 2929 1249 2997 signo

114 3017 148 3071 Α.
164 3016 223 3068 sive
237 3015 291 3083 Pa,
311 3012 490 3082 Wesselingii
505 3015 532 3066 in
549 3015 667 3068 editione
683 3013 762 3066 literd
778 3015 816 3081 ῦς
837 3031 907 3084 quac
923 3015 992 3066 enirn
1011 3013 1046 3065 ibi
1062 3013 1154 3066 additi
1171 3013 1250 3067 literri

114 3103 137 3155 A
155 3101 335 3170 proferuntur
357 3098 505 3167 lectiones,
529 3117 544 3152 e
559 3100 652 3154 codice
667 3098 793 3152 Parisino
809 3100 891 3152 tertio
907 3099 967 3152 sive
984 3099 1006 3152 C
1023 3099 1095 3168 apud
1109 3099 1249 3167 Schweig-

115 3187 279 3238 haeuserum
294 3184 467 3252 depromptas
486 3202 547 3238 esse
562 3185 669 3237 invenit
683 3184 972 3253 Schweighaeuserus.

204 3272 275 3323 Alter
286 3268 370 3320 codex
385 3268 543 3321 chartaceus
559 3274 616 3335 est,
632 3287 674 3323 nr.
687 3268 896 3336 MDCXXXIV,
913 3275 1042 3322 exaratus
1056 3287 1128 3321 anno
1142 3287 1169 3338 p,
1184 3268 1250 3321 Chr.

116 3375 145 3412 n.
163 3358 244 3420 1372,
271 3359 382 3404 notatus
397 3351 476 3404 litari
492 3353 514 3404 B
531 3353 590 3406 sive
606 3353 656 3406 Pb.
696 3353 728 3406 ln
745 3355 866 3422 margine
882 3353 1013 3424 quaedam
1029 3351 1132 3406 scholia
1147 3352 1251 3404 adscri-

137 3445 255 3494 tasunt.

115 3461 134 3514 p
205 3523 310 3578 Tertius
324 3522 408 3575 codex
424 3521 493 3574 idem
508 3521 681 3588 chartaceus,
705 3539 777 3575 anno
793 3541 820 3592 p.
838 3523 904 3574 Chr.
921 3541 948 3574 ιι.
971 3527 1036 3576 1447
1051 3529 1195 3588 exaratus3
1219 3521 1252 3574 de

114 3613 178 3684 quo'
189 3611 255 3663 baec
269 3607 410 3679 praedicat
426 3606 704 3674 Schweighaeuseras
718 3608 746 3659 in
762 3607 882 3660 Praelat.
900 3607 961 3674 1,2.
978 3625 1004 3676 p.
1021 3605 1142 3658 XXXlV.
1180 3606 1253 3674 „Est

185 3789 213 3858 ⁸)
225 3791 345 3852 „Verum
359 3789 430 3839 enim
443 3787 539 3850 vero,“
554 3789 594 3837 nit
606 3787 703 3838 Struvo
716 3789 830 3851 Quaest.
843 3788 875 3838 de
888 3787 989 3838 Herod.
1002 3787 1115 3839 dialect.
1128 3787 1252 3855 Specll.

112 3881 144 3931 p.
161 3861 191 3911 15
210 3859 342 3925 (Opuscc.
357 3858 392 3907 11.
406 3873 433 3922 p.
447 3855 522 3920 334),
544 3855 680 3916 „vidimus
697 3857 769 3907 viros
786 3857 894 3920 doctos,
914 3857 1011 3922 quibus
1028 3856 1253 3907 conferendorum

114 3931 243 3983 codicum
256 3927 445 3993 opportunitas
459 3929 530 3986 erut,
550 3925 578 3974 in
590 3925 646 3984 bis,
666 3939 733 3990 quas
751 3925 881 3974 minutius
899 3940 959 3975 csse
976 3925 1083 3990 opinati
1101 3929 1177 3986 suut,
1195 3923 1254 3974 nul-

114 4001 173 4050 lum
192 3997 250 4046 iere
269 3995 388 4045 studium
406 3993 542 4058 posuisse;
561 4008 622 4042 raro
641 4007 673 4042 ex
692 3992 832 4043 codicibus
845 3997 910 4042 aute
922 3992 1133 4058 Wesseliugium
1146 3993 1254 4044 collatis

116 4063 253 4118 eiusmodi
271 4063 435 4112 varietatem
454 4059 559 4122 afferri;
578 4059 791 4125 wesselingium
808 4060 896 4125 ipsum
914 4059 1037 4110 confiteri
1056 4077 1085 4110 se
1098 4060 1148 4111 has
1161 4061 1254 4110 termi·

115 4133 248 4185 nationes
260 4131 371 4196 saepius
383 4128 552 4194 neglexisse,
570 4127 640 4192 quod
653 4128 693 4178 ite
707 4143 767 4178 esse
781 4129 882 4178 iterata
895 4127 1007 4178 collatio
1021 4129 1079 4178 cod.
1093 4129 1120 4178 S.
1134 4143 1151 4178 a
1165 4127 1253 4178 Gaias.

116 4199 248 4252 instituta
259 4197 419 4264 planissime
432 4196 536 4257 docuit;
551 4195 840 4261 Schweighaeuserum
852 4211 936 4262 saepe
950 4197 1091 4260 conqueri,
1106 4195 1177 4262 quod
1190 4196 1254 4260 quid

117 4273 150 4320 in
163 4266 297 4316 Parisiuis
310 4265 387 4316 codd.
402 4265 449 4326 sit,
470 4264 539 4330 quod
553 4279 606 4313 uon
619 4263 677 4328 ipse
691 4263 778 4314 oculis
790 4263 1011 4329 perlustraverit,
1031 4279 1061 4314 se
1079 4265 1186 4314 nescire
1200 4263 1255 4314 sibi

116 4333 262 4388 fatendum
275 4334 319 4383 ait.
349 4333 469 4383 Duorum
489 4333 583 4396 itaque
602 4331 725 4382 codicum
742 4336 848 4382 tuntum
866 4331 947 4398 paulo
961 4333 1158 4382 accuratiorem
1171 4331 1254 4382 colla·

118 4405 225 4456 tionem
243 4401 424 4468 possidemus,
444 4401 488 4450 cui
507 4399 589 4449 fidere
602 4399 703 4464 possiam
724 4400 834 4450 codices
850 4401 911 4450 dico
925 4399 951 4448 S.
966 4405 994 4450 et
1005 4401 1047 4460 F,
1061 4414 1173 4464 quorum
1186 4399 1254 4450 ulte-

117 4487 180 4524 rum
193 4469 347 4532 (deleford,
367 4467 484 4518 alterum
496 4465 742 4533 Schweighaeuser
755 4468 808 4533 ipsi
823 4468 947 4518 manibus
959 4467 1132 4522 variarunt!
