3074 4960
513 431 718 491 URANIA.
744 433 833 490 VIII.
861 441 916 494 ltltl.
943 443 1000 494 110.
1265 439 1325 500 165

187 605 241 672 καὶ
259 598 421 690 πρότερον
440 604 639 690 δεδογμένος
657 601 743 670 εἶναι
761 599 874 690 σοφὰς,
895 601 1001 691 ἐφάνη
1020 601 1085 674 ἐῶν
1102 601 1253 692 ἀληθέως
1271 629 1324 678 σο-

185 702 248 792 φός
265 730 300 772 τε
319 704 373 772 καὶ
393 699 569 791 εὔβουλος,
593 700 724 784 πάντως
743 705 865 793 ἕτοιμοι
883 692 969 792 ἦσαν
986 707 1115 793 λέγοντι
1133 715 1322 779 πείθεσθαι.

181 800 237 885 Ὡς
256 804 293 874 δὲ
311 793 407 874 οὗτοί
421 809 456 872 οἱ
470 799 715 893 ἀνεγνωσμένοι
734 795 830 893 ἦσαν,
850 801 970 902 αὐτίκα
992 803 1074 894 μετὰ
1099 811 1203 878 ταῦτα
1226 804 1244 878 ὁ
1264 820 1323 880 Θε-

184 907 376 996 μιστοκλέης
399 902 524 994 ἄνδρας
547 901 719 995 ἀπέπεμπε
743 913 876 996 ἔχοντας
900 917 1033 995 πλοῖον,
1063 925 1148 978 τοῖσι
1173 912 1323 982 έιιίστενε

184 1011 283 1096 σιγοὶν
302 1010 334 1087 ἐς
352 1009 462 1076 πᾶσαν
480 1005 627 1093 βάσανον
644 1003 929 1098 ἀπικνεομένοισι,
954 1005 993 1079 τοὶ
1016 1005 1114 1090 αὐτὸς
1140 1013 1323 1082 ἐνετείλατο

184 1116 318 1197 βασιλέι·
332 1105 474 1200 φράσαι·
492 1111 560 1177 τοῖν
578 1110 633 1177 καὶ
651 1117 809 1191 Σίκιννος
826 1105 844 1180 ὁ
862 1112 989 1200 οἰκέτης
1006 1099 1099 1192 αὖτις
1118 1113 1255 1199 ἐγένετο.
1291 1121 1326 1183 οἳ

186 1214 311 1281 ἐπείτε
328 1204 487 1280 ἀπίκοντο
505 1205 587 1299 πρὸς
603 1206 665 1297 τὴν
680 1206 845 1302 Ἀττικὴν,
868 1217 902 1282 ol
924 1212 986 1302 μὲν
1008 1216 1188 1302 κατέμενον
1207 1215 1260 1284 aa
1277 1218 1324 1307 τῷ

184 1418 224 1460 tas
236 1407 727 1474 estsopr'ens)diciturThemistocles,
779 1409 912 1476 gloriatur
929 1410 974 1461 hic
992 1425 1021 1460 se
1043 1415 1150 1477 patrem
1172 1410 1321 1476 (Xersem),

184 1477 320 1528 Matthiae
331 1476 376 1526 Gr.
385 1475 430 1553 Gr:
440 1475 464 1536 ξ.
474 1473 533 1538 495,
546 1491 570 1526 c.
582 1475 633 1526 hoc
643 1477 728 1553 parti·

185 1541 728 1676 ruere,catalanensea

185 1679 288 1742 1v,os.
302 1679 352 1740 VI,
368 1677 416 1728 199
429 1677 521 1742 ibique
538 1683 606 1728 nott.
619 1679 670 1742 IX,
685 1675 726 1728 99.

184 1749 225 1798 11.
238 1746 305 1809 81),
325 1747 394 1796 adeo
412 1750 441 1795 ut
459 1751 534 1796 certa
553 1750 581 1794 et
597 1751 728 1797 constans

183 1815 390 1866 Atheniensium
412 1812 505 1878 opinio
523 1813 556 1862 de
574 1813 726 1864 Themisto-

185 1883 236 1934 clis
249 1881 395 1948 prudentia
413 1882 468 1930 iam
485 1881 561 1945 prius
579 1887 662 1946 capta
680 1881 726 1930 dc-

184 1951 312 2000 claretur.
348 1951 411 1998 Mox
424 1947 549 2014 plerique
563 1946 641 2010 libri,
678 1965 727 1999 uos

184 2017 337 2082 Schweigh.
348 2023 376 2065 et
386 2015 474 2066 Gaius.
485 2015 574 2065 secuti
583 1966 725 2078 1111191111-

184 2083 432 2148 στεοσε,11111011111
446 2073 582 2144 έτιέτελλε,
615 2083 667 2134 uod
681 2085 727 2133 dn-

184 2154 246 2203 dum
268 2169 302 2202 ex
325 2167 374 2201 orn
391 2150 525 2216 Stephani
547 2151 575 2199 in
597 2100 727 2202 έπέοτευε

184 2226 303 2270 mutarat
316 2217 519 2268 Valckenarius
535 2218 576 2268 sie
592 2219 727 2284 interpre-

184 2295 259 2340 tans:
279 2303 341 2352 quos
352 2294 474 2352 ralcnnqae
491 2289 622 2336 tornrentis
633 2303 726 2336 esseru-

183 2360 325 2422 οἰοτεκιντ,
340 2356 413 2417 fideli
423 2353 545 2404 credebat
557 2358 727 2404 occultaturos

183 2427 282 2474 silentio
300 2437 364 2488 puae
380 2424 437 2485 reya'
452 2423 597 2471 rrruadasset
609 2423 725 2470 dicenda.

184 2491 241 2541 Nec
268 2489 351 2540 aliter
379 2490 490 2554 accepit
512 2487 725 2552 Wessclingius:

182 2558 246 2608 inde
263 2557 388 2622 equidem
405 2571 467 2607 curn
479 2560 595 2606 recontt.
608 2556 669 2606 edd.
682 2571 725 2605 re·

184 2626 246 2690 cepi
264 2615 401 2676 ἐπέστενε.
416 2650 446 2658 -
465 2626 506 2674 1)ο
522 2623 624 2674 Sicinaa
642 2639 725 2688 quae·

182 2695 244 2744 dem
262 2692 403 2742 attulimus
421 2691 456 2740 ad
474 2691 551 2751 vnl,
571 2691 618 2754 75,
647 2691 725 2741 cuins

181 2761 242 2812 loco
259 2759 415 2825 Polyaenus
429 2759 457 2820 1,
475 2757 520 2820 30,
540 2757 556 2808 3
573 2764 656 2810 vocat
671 2749 725 2822 Ἀρ-

182 2823 288 2892 adanae
309 2826 471 2877 Plutarchus
488 2827 600 2876 drIstid.
617 2825 642 2875 9.
661 2842 723 2892 pag.

183 2897 269 2948 324Β.
288 2895 420 2945 Themist.
438 2893 476 2942 19.
491 2909 553 2958 pag.
569 2893 653 2944 1200.
671 2883 726 2954 'Ap-

183 2960 288 3029 νοὶκην,
308 2963 414 3028 taglam
433 2961 584 3032 eunuchum
599 2967 626 3010 ot
639 2963 726 3026 capti-

183 3047 245 3083 vum
255 3031 352 3082 scribit
362 3030 470 3080 miserm
485 3044 545 3080 esse
556 3029 591 3080 ad
600 3031 725 3078 Xerxem.

183 3101 250 3150 Cum
263 3098 401 3148 Herodoto
414 3097 484 3147 iacit
492 3095 628 3147 Diodorus
638 3098 684 3156 xl,
698 3095 728 3146 19

183 3184 200 3218 ει
209 3164 395 3218 ThemIstocle
408 3179 523 3214 narrans
537 3164 652 3214 liliorum
663 3180 728 3229 pae-

183 3235 320 3301 dagogum
332 3233 442 3283 missurn
456 3247 532 3294 csse,
551 3235 668 3296 itemque
683 3234 727 3282 lu-

183 3304 271 3354 stinus
280 3301 316 3362 ll,
326 3299 365 3362 13,
375 3315 425 3366 per
434 3315 541 3349 servum
552 3299 632 3348 lidum
644 3300 728 3350 Xerxi

183 3370 255 3420 haec
273 3369 410 3419 indicasse
428 3366 642 3416 Themistoclem
666 3383 727 3416 nar-

184 3453 256 3488 rens.
293 3435 372 3498 Quod
389 3450 455 3484 vero
473 3433 545 3499 apud
561 3433 683 3497 Thucyd.
704 3435 725 3496 1,

186 3504 242 3567 137,
257 3520 289 3554 ex
300 3519 352 3568 quo
363 3503 456 3552 hausit
465 3501 727 3566 Cornel.Nep.The-

185 3570 300 3622 mistocl.
310 3571 335 3633 9,
349 3568 549 3621 Themistocles
558 3568 656 3618 literas
667 3570 728 3633 regi

183 3639 329 3706 scripsisse
342 3643 482 3700 narratur,
503 3637 531 3686 id
544 3637 602 3686 iure
615 3637 727 3686 miratur

184 3707 351 3758 Valckenar.
364 3706 480 3770 Indeque
494 3705 528 3756 ob
541 3703 675 3754 Herodoti
688 3709 726 3753 te·

184 3775 340 3826 stimonium
359 3789 375 3822 a
393 3779 448 3822 tam
467 3777 548 3823 cauto
561 3772 726 3838 imperatore

184 3858 232 3894 cas
245 3842 364 3907 scriptas
377 3857 437 3891 esso
450 3847 547 3904 nogat,
566 3839 726 3906 pracsertim

184 3925 245 3961 cnm
259 3911 320 3976 ipsa
332 3925 376 3959 ree
393 3909 430 3958 sit
447 3909 558 3958 minime
577 3906 727 3957 credibilis.

182 3978 316 4030 Nimirum
333 3977 361 4026 in
374 3977 409 4026 iis
420 3975 522 4034 literis,
540 3990 608 4040 quas
620 3979 726 4040 postca,

183 4050 255 4096 teste
262 4043 421 4107 Thucydide
433 4045 462 4104 (1,
477 4042 533 4106 138)
549 4049 583 4100 ct.
597 4044 644 4108 qui
655 4043 727 4092 hunc

184 4115 316 4178 sequitur,
330 4111 456 4162 Cornelio
466 4111 572 4177 Nepote
582 4109 726 4173 (111111111-

184 4179 300 4232 rnlstocl.
313 4178 353 4242 9),
374 4178 409 4230 sd
421 4180 612 4241 Artaxerxem,
630 4177 729 4228 Xerxis

184 4248 269 4298 lilium
279 4253 308 4298 et
317 4262 513 4309 successorem,
521 4245 630 4296 dedisse
641 4245 728 4296 fertur

183 4315 400 4374 Themistocles,
432 4313 467 4364 nd
490 4315 604 4364 Persem
631 4312 727 4364 conlu-

184 4385 263 4448 giens
293 4384 406 4448 eiusque
441 4383 589 4432 amicitiam
619 4385 725 4446 potens,

780 1493 840 1527 curn
854 1479 882 1527 in
894 1479 989 1528 Asiam
1007 1479 1109 1529 reverti
1126 1479 1226 1543 vellet,
1244 1495 1321 1546 proe-

778 1545 816 1595 lio
829 1546 901 1610 apud
912 1545 1053 1598 Salamina
1067 1547 1141 1597 facto
1157 1545 1247 1597 literis
1265 1563 1322 1598 cer·
1415 1601 1417 1604 ,

778 1613 876 1663 liorem
886 1613 996 1675 iecisse,
1010 1613 1038 1663 id
1048 1615 1103 1680 agi,
1116 1619 1146 1664 nt
1154 1629 1231 1679 pons,
1242 1631 1322 1680 quern

779 1679 806 1729 in
824 1680 1005 1746 Hellesponto
1023 1681 1140 1741 lecerat,
1159 1681 1321 1733 dissolvere·

777 1753 822 1798 tur
841 1753 923 1813 atque
948 1749 982 1798 ab
1004 1748 1128 1799 hostibus
1149 1749 1321 1810 circuiretur,

779 1830 865 1880 eoque
883 1817 979 1866 nuntio
990 1817 1108 1866 Xerxem
1125 1817 1247 1882 periculo
1261 1833 1322 1868 esse

777 1882 934 1933 liberatum.
959 1883 1025 1932 Mihi
1039 1884 1092 1934 hac
1105 1885 1133 1933 in
1146 1899 1174 1933 re
1188 1899 1242 1934 non
1255 1885 1321 1934 mul·

778 1956 834 2000 tum
852 1950 1100 2010 sidunensium,
1119 1965 1196 2012 num,
1219 1957 1250 2000 ut
1266 1953 1321 2002 He·

778 2019 888 2068 rodotus
910 2018 1007 2080 tradit,
1033 2035 1082 2083 per
1104 2020 1227 2069 nuntium
1250 2019 1321 2068 clam

779 2101 839 2135 curn
853 2085 943 2136 Xerxe
962 2089 1050 2151 egerit
1066 2085 1268 2136 Themistocles
1286 2103 1321 2136 an

777 2153 866 2202 literis
880 2153 914 2202 ad
928 2169 1019 2216 regern
1033 2154 1177 2203 Persarum
1190 2153 1275 2214 datis,
1291 2161 1322 2202 ut
1386 2149 1389 2156 ⁴

779 2220 828 2270 alii
841 2221 964 2270 tradunt:
983 2221 1011 2269 id
1024 2226 1098 2270 certe
1111 2225 1225 2284 utroque
1242 2221 1320 2270 testi-

778 2288 869 2338 monio
881 2293 966 2352 patet,
981 2288 1051 2337 elam
1063 2303 1123 2336 cum
1132 2289 1222 2336 Xerxe
1233 2293 1320 2336 trann-

779 2355 869 2419 egisse
891 2355 1118 2415 Themistoclem
1147 2369 1236 2418 neque
1257 2355 1320 2403 inde

778 2437 839 2470 curn
858 2421 1004 2470 Dunekero
1028 2421 1208 2482 (Geschichte
1231 2421 1257 2469 d.
1274 2420 1320 2470 Al·

778 2487 858 2538 terth.
874 2489 919 2538 IV.
932 2505 957 2553 p.
970 2486 1030 2550 819)
1046 2487 1194 2553 malignum
1207 2487 1320 2537 dlxerirn

777 2555 959 2618 Herodotum,
986 2555 1019 2604 de
1043 2553 1226 2604 Themistocle
1251 2553 1321 2604 talia

776 2629 943 2682 rrarrantem,
958 2639 1045 2687 neque
1059 2637 1119 2672 curn
1134 2621 1189 2672 alio
1202 2623 1261 2672 viro
1274 2622 1319 2672 do·

777 2697 822 2740 cto
840 2691 914 2752 (Chr.
929 2691 1091 2740 Fnetterero
1108 2689 1137 2739 in
1149 2689 1321 2740 Commenta·

778 2760 851 2808 tione
870 2757 948 2808 rnodo
967 2757 1081 2808 laudata
1093 2774 1120 2822 p.
1132 2756 1176 2820 21)
1194 2757 1229 2807 ad
1241 2757 1320 2806 labu-

777 2827 819 2876 las
842 2827 996 2886 reiecerim,
1022 2841 1092 2890 qnae
1110 2825 1265 2874 Herodotus
1286 2825 1320 2875 de

777 2893 963 2943 Themistocle
980 2893 1098 2942 Xerxem
1117 2893 1262 2942 certiorem
1280 2893 1320 2941 la-

777 2962 869 3012 cionte
886 2961 920 3010 do
939 2961 1107 3011 Graecorum
1128 2959 1253 3010 consiliis
1268 2959 1320 3010 hoc

778 3028 839 3079 loco
863 3033 983 3078 enarrat.
1023 3028 1192 3078 Herodotum
1216 3029 1245 3077 in
1267 3027 1321 3076 hac

778 3112 884 3162 quoque
906 3112 935 3145 re
958 3095 1027 3145 nihil
1050 3095 1124 3145 aliud
1144 3095 1245 3146 fecisse
1264 3095 1321 3145 exi-

778 3166 858 3214 stimo
876 3165 928 3213 nisi
947 3169 1077 3214 accurate
1091 3163 1230 3224 retulisse,
1249 3176 1320 3227 quae

777 3233 851 3282 inter
860 3231 982 3282 Graecos
995 3247 1092 3296 sparsa
1106 3235 1184 3280 erant
1196 3243 1320 3296 quaeque

778 3299 902 3364 probatis
915 3299 950 3347 ab
962 3299 1119 3348 auctoribus
1131 3299 1191 3362 ipse
1205 3313 1319 3361 accepe-

777 3372 829 3416 rat.
860 3367 900 3416 Ex
913 3366 1026 3416 Ctesias
1040 3365 1187 3429 Excerptis
1199 3363 1321 3414 Persicis

777 3433 847 3482 nihil
873 3434 1029 3483 accuratius
1059 3433 1092 3481 de
1120 3431 1164 3480 his
1190 3430 1320 3495 cognosci

777 3516 858 3566 posse
871 3500 963 3560 doleo,
982 3499 1132 3564 si'qnidem
1149 3497 1201 3548 hoc
1214 3501 1319 3548 tanturn
1347 3557 1348 3560 Ἴ

779 3568 943 3633 epitomator
971 3566 1034 3616 inde
1059 3566 1205 3629 exscripsit
1227 3565 1250 3625 §-
1274 3563 1321 3612 25:

778 3635 828 3686 11111
852 3627 952 3699 φεύγει
974 3627 1048 3696 Ξέρξ
1070 3649 1097 3692 ς,

778 3700 828 3754 nal
839 3697 925 3768 τέχνῃ
940 3649 1108 3766 Ἀριστείέοο
1124 3694 1173 3749 acl

778 3765 878 3829 κλέους
890 3787 914 3820 κ.
928 3787 951 3820 τ.
965 3770 988 3820 l.

812 3837 868 3889 τῶν
884 3833 933 3888 aul
947 3835 1082 3895 Σίκιννος
1099 3829 1114 3886 ὁ
1129 3829 1242 3900 οἰκέτης
1259 3821 1318 3886 αὖ·

778 3923 829 3965 τις
847 3897 968 3972 έγένετο)
988 3905 1092 3955 Vocula
1108 3890 1189 3963 αὖτις
1210 3903 1320 3968 (iterum)

778 3979 889 4040 spectat
903 3973 936 4024 ad
950 3989 997 4030 ea,
1015 3988 1084 4038 quae
1098 3987 1181 4038 snpra
1193 3971 1274 4036 11111,
1288 3971 1320 4022 75

778 4043 882 4094 tradita
893 4042 1030 4106 leguntur.

813 4105 841 4161 οἳ
855 4101 920 4160 luel
930 4099 1110 4159 redulcerato
1123 4099 1194 4171 πρὸς
1206 4099 1259 4172 τὴν
1269 4096 1320 4156 Ἀτ-

778 4172 871 4244 τικὴν]
896 4179 917 4227 E
936 4176 1093 4228 Florentino
1116 4175 1226 4241 reposui
1244 4165 1323 4224 έκεί

779 4261 827 4307 τε,
845 4245 979 4310 probante
994 4245 1109 4296 llredov.
1126 4259 1190 4309 pag.
1206 4239 1252 4304 39,
1271 4257 1319 4306 pro

780 4303 893 4429 lnsrdip‚
907 4313 976 4376 qnod
990 4328 1050 4362 cum
1061 4312 1212 4362 Schaelero
1225 4313 1320 4358 tonent

779 4381 902 4430 nonnuli
920 4380 1047 4430 editores.
1084 4379 1223 4442 „Mittitur
1240 4377 1320 4426 navis

1122 3629 1211 3750 fiuolg
1233 3625 1321 3681 πάλιν

1212 3712 1319 3764 εμιστο-
