<?xml version="1.0" encoding="UTF-8"?>
<!DOCTYPE html PUBLIC "-//W3C//DTD XHTML 1.0 Transitional//EN"
    "http://www.w3.org/TR/xhtml1/DTD/xhtml1-transitional.dtd">
<html xmlns="http://www.w3.org/1999/xhtml" xml:lang="en" lang="en">
 <head>
  <title>
</title>
<meta http-equiv="Content-Type" content="text/html;charset=utf-8" />
  <meta name='ocr-system' content='tesseract 3.04.00' />
  <meta name='ocr-capabilities' content='ocr_page ocr_carea ocr_par ocr_line ocrx_word'/>
</head>
<body>
  <div class='ocr_page' id='page_1' title='image "./herodotihalicar02bhgoog/herodotihalicar02bhgoog_0457.png"; bbox 0 0 2984 4962; ppageno 0'>
   <div class='ocr_carea' id='block_1_1' title="bbox 233 411 967 482">
    <p class='ocr_par' dir='ltr' id='par_1_1' title="bbox 233 411 967 482">
     <span class='ocr_line' id='line_1_1' title="bbox 233 411 967 482; baseline -0.011 0"><span class='ocrx_word' id='word_1_1' title='bbox 233 421 294 482; x_wconf 81' lang='lat'><strong>438</strong></span> <span class='ocrx_word' id='word_1_2' title='bbox 652 411 967 476; x_wconf 82' lang='grc' dir='ltr'><strong>ΟΟΜΜΕΝΤΑΤΙΟ</strong></span> 
     </span>
    </p>
   </div>
   <div class='ocr_carea' id='block_1_2' title="bbox 233 586 1384 1508">
    <p class='ocr_par' dir='ltr' id='par_1_2' title="bbox 233 586 1384 1508">
     <span class='ocr_line' id='line_1_2' title="bbox 233 586 1381 658; baseline -0.002 -16"><span class='ocrx_word' id='word_1_3' title='bbox 233 607 265 643; x_wconf 87' lang='lat' dir='ltr'><strong>es</strong></span> <span class='ocrx_word' id='word_1_4' title='bbox 276 589 371 656; x_wconf 90' lang='lat' dir='ltr'><strong>tribui,</strong></span> <span class='ocrx_word' id='word_1_5' title='bbox 388 588 501 658; x_wconf 77' lang='lat' dir='ltr'><strong>quaein</strong></span> <span class='ocrx_word' id='word_1_6' title='bbox 521 589 657 640; x_wconf 89' lang='lat' dir='ltr'><strong>Greecnm</strong></span> <span class='ocrx_word' id='word_1_7' title='bbox 674 586 765 656; x_wconf 86' lang='lat' dir='ltr'><strong>potius</strong></span> <span class='ocrx_word' id='word_1_8' title='bbox 782 587 923 653; x_wconf 90' lang='lat' dir='ltr'><strong>hominem,</strong></span> <span class='ocrx_word' id='word_1_9' title='bbox 940 587 1125 657; x_wconf 78' lang='lat' dir='ltr'><strong>sophistarum</strong></span> <span class='ocrx_word' id='word_1_10' title='bbox 1140 591 1168 640; x_wconf 89' lang='lat' dir='ltr'><strong>et</strong></span> <span class='ocrx_word' id='word_1_11' title='bbox 1187 587 1332 640; x_wconf 80' lang='lat' dir='ltr'>rhetorum</span> <span class='ocrx_word' id='word_1_12' title='bbox 1349 587 1381 640; x_wconf 95' lang='lat' dir='ltr'><strong>in</strong></span> 
     </span>
     <span class='ocr_line' id='line_1_3' title="bbox 233 671 1381 740; baseline -0.003 -14"><span class='ocrx_word' id='word_1_13' title='bbox 233 674 335 727; x_wconf 87' lang='lat' dir='ltr'><strong>scholis</strong></span> <span class='ocrx_word' id='word_1_14' title='bbox 357 673 489 726; x_wconf 88' lang='lat' dir='ltr'><strong>nutritum</strong></span> <span class='ocrx_word' id='word_1_15' title='bbox 511 679 539 726; x_wconf 90' lang='lat' dir='ltr'><strong>et</strong></span> <span class='ocrx_word' id='word_1_16' title='bbox 563 673 706 725; x_wconf 85' lang='lat' dir='ltr'><strong>educatum</strong></span> <span class='ocrx_word' id='word_1_17' title='bbox 728 673 902 728; x_wconf 85' lang='lat' dir='ltr'><strong>conveniant.</strong></span> <span class='ocrx_word' id='word_1_18' title='bbox 941 672 1002 724; x_wconf 89' lang='lat' dir='ltr'><strong>Vid.</strong></span> <span class='ocrx_word' id='word_1_19' title='bbox 1027 672 1080 740; x_wconf 93' lang='lat' dir='ltr'><strong>III,</strong></span> <span class='ocrx_word' id='word_1_20' title='bbox 1102 676 1145 726; x_wconf 86' lang='lat'><strong>71.</strong></span> <span class='ocrx_word' id='word_1_21' title='bbox 1172 677 1215 724; x_wconf 86' lang='grc'><strong>72.</strong></span> <span class='ocrx_word' id='word_1_22' title='bbox 1238 675 1281 726; x_wconf 81' lang='grc'><strong>80.</strong></span> <span class='ocrx_word' id='word_1_23' title='bbox 1300 671 1337 739; x_wconf 91' lang='lat' dir='ltr'><strong>V,</strong></span> <span class='ocrx_word' id='word_1_24' title='bbox 1363 677 1381 724; x_wconf 75' lang='grc'><strong>4</strong></span> 
     </span>
     <span class='ocr_line' id='line_1_4' title="bbox 233 756 1380 830; baseline -0.002 -19"><span class='ocrx_word' id='word_1_25' title='bbox 233 759 342 830; x_wconf 86' lang='grc' dir='ltr'><strong>(Τ.ΙΙΙ.</strong></span> <span class='ocrx_word' id='word_1_26' title='bbox 358 776 384 828; x_wconf 92' lang='lat' dir='ltr'><strong>p.</strong></span> <span class='ocrx_word' id='word_1_27' title='bbox 397 760 438 825; x_wconf 81' lang='grc'><strong>7).</strong></span> <span class='ocrx_word' id='word_1_28' title='bbox 457 759 488 826; x_wconf 93' lang='lat' dir='ltr'><strong>V,</strong></span> <span class='ocrx_word' id='word_1_29' title='bbox 505 763 547 810; x_wconf 75' lang='lat'><strong>2⁴.</strong></span> <span class='ocrx_word' id='word_1_30' title='bbox 565 758 627 822; x_wconf 85' lang='lat' dir='ltr'><strong>VII,</strong></span> <span class='ocrx_word' id='word_1_31' title='bbox 646 760 688 810; x_wconf 91' lang='lat'><strong>10.</strong></span> <span class='ocrx_word' id='word_1_32' title='bbox 700 762 726 822; x_wconf 77' lang='lat' dir='ltr'><strong>s.</strong></span> <span class='ocrx_word' id='word_1_33' title='bbox 738 760 754 808; x_wconf 84' lang='grc'><strong>4</strong></span> <span class='ocrx_word' id='word_1_34' title='bbox 766 756 827 808; x_wconf 84' lang='grc' dir='ltr'><strong>οοΙΙ.</strong></span> <span class='ocrx_word' id='word_1_35' title='bbox 841 756 902 824; x_wconf 90' lang='lat' dir='ltr'><strong>VII,</strong></span> <span class='ocrx_word' id='word_1_36' title='bbox 921 759 978 811; x_wconf 88' lang='grc'><strong>102.</strong></span> <span class='ocrx_word' id='word_1_37' title='bbox 995 760 1053 810; x_wconf 83' lang='grc'><strong>152.</strong></span> <span class='ocrx_word' id='word_1_38' title='bbox 1072 757 1147 824; x_wconf 93' lang='lat' dir='ltr'>VIII,</span> <span class='ocrx_word' id='word_1_39' title='bbox 1161 759 1204 809; x_wconf 83' lang='grc'><strong>26.</strong></span> <span class='ocrx_word' id='word_1_40' title='bbox 1218 757 1295 823; x_wconf 84' lang='lat' dir='ltr'>VIII,</span> <span class='ocrx_word' id='word_1_41' title='bbox 1316 761 1380 810; x_wconf 74' lang='lat'><strong>140.</strong></span> 
     </span>
     <span class='ocr_line' id='line_1_5' title="bbox 233 840 1382 909; baseline -0.002 -14"><span class='ocrx_word' id='word_1_42' title='bbox 233 847 257 906; x_wconf 75' lang='lat' dir='ltr'><strong>S.</strong></span> <span class='ocrx_word' id='word_1_43' title='bbox 279 847 290 896; x_wconf 92' lang='lat' dir='ltr'><strong>l</strong></span> <span class='ocrx_word' id='word_1_44' title='bbox 310 853 338 895; x_wconf 88' lang='lat' dir='ltr'><strong>et</strong></span> <span class='ocrx_word' id='word_1_45' title='bbox 355 844 428 894; x_wconf 86' lang='lat' dir='ltr'><strong>conl.</strong></span> <span class='ocrx_word' id='word_1_46' title='bbox 445 843 649 895; x_wconf 79' lang='lat' dir='ltr'><strong>annotationem</strong></span> <span class='ocrx_word' id='word_1_47' title='bbox 661 841 694 894; x_wconf 82' lang='lat' dir='ltr'><strong>nd</strong></span> <span class='ocrx_word' id='word_1_48' title='bbox 708 843 757 892; x_wconf 89' lang='lat' dir='ltr'><strong>hos</strong></span> <span class='ocrx_word' id='word_1_49' title='bbox 772 840 856 894; x_wconf 90' lang='lat' dir='ltr'><strong>locos.</strong></span> <span class='ocrx_word' id='word_1_50' title='bbox 890 841 959 895; x_wconf 77' lang='lat' dir='ltr'><strong>Add.</strong></span> <span class='ocrx_word' id='word_1_51' title='bbox 971 842 993 908; x_wconf 96' lang='lat' dir='ltr'><strong>I,</strong></span> <span class='ocrx_word' id='word_1_52' title='bbox 1007 843 1033 894; x_wconf 84' lang='lat'><strong>8.</strong></span> <span class='ocrx_word' id='word_1_53' title='bbox 1047 841 1098 909; x_wconf 86' lang='grc' dir='ltr'><strong>ΙΙΙ,</strong></span> <span class='ocrx_word' id='word_1_54' title='bbox 1110 844 1152 907; x_wconf 87' lang='grc'><strong>53,</strong></span> <span class='ocrx_word' id='word_1_55' title='bbox 1165 841 1218 894; x_wconf 86' lang='lat' dir='ltr'><strong>elie</strong></span> <span class='ocrx_word' id='word_1_56' title='bbox 1228 841 1255 892; x_wconf 93' lang='lat' dir='ltr'><strong>id</strong></span> <span class='ocrx_word' id='word_1_57' title='bbox 1267 858 1382 909; x_wconf 83' lang='lat' dir='ltr'><strong>genus:</strong></span> 
     </span>
     <span class='ocr_line' id='line_1_6' title="bbox 233 915 1381 998; baseline -0.002 -18"><span class='ocrx_word' id='word_1_58' title='bbox 233 929 382 998; x_wconf 85' lang='lat' dir='ltr'><strong>eodemque</strong></span> <span class='ocrx_word' id='word_1_59' title='bbox 397 927 469 980; x_wconf 87' lang='lat' dir='ltr'><strong>haud</strong></span> <span class='ocrx_word' id='word_1_60' title='bbox 485 928 541 980; x_wconf 90' lang='lat' dir='ltr'><strong>scio</strong></span> <span class='ocrx_word' id='word_1_61' title='bbox 557 945 590 979; x_wconf 90' lang='lat' dir='ltr'><strong>en</strong></span> <span class='ocrx_word' id='word_1_62' title='bbox 607 927 772 996; x_wconf 86' lang='lat' dir='ltr'><strong>pertineant,</strong></span> <span class='ocrx_word' id='word_1_63' title='bbox 787 915 858 997; x_wconf 81' lang='lat' dir='ltr'><strong>quoe</strong></span> <span class='ocrx_word' id='word_1_64' title='bbox 873 925 999 978; x_wconf 86' lang='lat' dir='ltr'><strong>Solonem</strong></span> <span class='ocrx_word' id='word_1_65' title='bbox 1019 931 1047 978; x_wconf 90' lang='lat' dir='ltr'><strong>et</strong></span> <span class='ocrx_word' id='word_1_66' title='bbox 1063 925 1196 978; x_wconf 90' lang='lat' dir='ltr'><strong>Croesum</strong></span> <span class='ocrx_word' id='word_1_67' title='bbox 1214 925 1381 996; x_wconf 86' lang='lat' dir='ltr'><strong>colloquen-</strong></span> 
     </span>
     <span class='ocr_line' id='line_1_7' title="bbox 233 1005 1381 1084; baseline -0.002 -20"><span class='ocrx_word' id='word_1_68' title='bbox 233 1021 285 1066; x_wconf 88' lang='lat' dir='ltr'><strong>tem</strong></span> <span class='ocrx_word' id='word_1_69' title='bbox 312 1012 355 1084; x_wconf 90' lang='lat' dir='ltr'><strong>(I,</strong></span> <span class='ocrx_word' id='word_1_70' title='bbox 378 1015 413 1066; x_wconf 87' lang='lat'><strong>30</strong></span> <span class='ocrx_word' id='word_1_71' title='bbox 439 1005 584 1084; x_wconf 78' lang='lat' dir='ltr'><strong>seqq.)*),</strong></span> <span class='ocrx_word' id='word_1_72' title='bbox 611 1017 659 1062; x_wconf 91' lang='lat' dir='ltr'><strong>aut</strong></span> <span class='ocrx_word' id='word_1_73' title='bbox 692 1027 762 1080; x_wconf 88' lang='lat' dir='ltr'><strong>qnae</strong></span> <span class='ocrx_word' id='word_1_74' title='bbox 788 1011 816 1078; x_wconf 95' lang='lat' dir='ltr'><strong>I,</strong></span> <span class='ocrx_word' id='word_1_75' title='bbox 844 1014 892 1064; x_wconf 80' lang='grc'><strong>207</strong></span> <span class='ocrx_word' id='word_1_76' title='bbox 921 1011 1054 1064; x_wconf 80' lang='lat' dir='ltr'><strong>Croesum</strong></span> <span class='ocrx_word' id='word_1_77' title='bbox 1080 1011 1215 1065; x_wconf 89' lang='lat' dir='ltr'><strong>dicentem</strong></span> <span class='ocrx_word' id='word_1_78' title='bbox 1243 1005 1381 1076; x_wconf 77' lang='lat' dir='ltr'><strong>facit**).</strong></span> 
     </span>
     <span class='ocr_line' id='line_1_8' title="bbox 234 1095 1382 1169; baseline -0.005 -17"><span class='ocrx_word' id='word_1_79' title='bbox 234 1103 420 1169; x_wconf 76' lang='lat' dir='ltr'><strong>Anaxagorae</strong></span> <span class='ocrx_word' id='word_1_80' title='bbox 436 1096 633 1166; x_wconf 83' lang='lat' dir='ltr'><strong>philosophiam</strong></span> <span class='ocrx_word' id='word_1_81' title='bbox 655 1097 796 1148; x_wconf 84' lang='lat' dir='ltr'><strong>Herodoto</strong></span> <span class='ocrx_word' id='word_1_82' title='bbox 817 1096 952 1164; x_wconf 80' lang='lat' dir='ltr'><strong>cognitam</strong></span> <span class='ocrx_word' id='word_1_83' title='bbox 973 1096 1063 1148; x_wconf 82' lang='lat' dir='ltr'><strong>fuisse</strong></span> <span class='ocrx_word' id='word_1_84' title='bbox 1087 1095 1176 1147; x_wconf 90' lang='lat' dir='ltr'><strong>eloco</strong></span> <span class='ocrx_word' id='word_1_85' title='bbox 1197 1097 1249 1163; x_wconf 94' lang='lat' dir='ltr'><strong>III,</strong></span> <span class='ocrx_word' id='word_1_86' title='bbox 1267 1098 1314 1162; x_wconf 83' lang='lat'><strong>80,</strong></span> <span class='ocrx_word' id='word_1_87' title='bbox 1332 1097 1382 1147; x_wconf 91' lang='lat' dir='ltr'><strong>ubi</strong></span> 
     </span>
     <span class='ocr_line' id='line_1_9' title="bbox 234 1174 1381 1251; baseline -0.003 -15"><span class='ocrx_word' id='word_1_88' title='bbox 234 1183 398 1236; x_wconf 85' lang='lat' dir='ltr'><strong>sententiam</strong></span> <span class='ocrx_word' id='word_1_89' title='bbox 411 1185 591 1250; x_wconf 74' lang='lat' dir='ltr'><strong>Anaxagorae</strong></span> <span class='ocrx_word' id='word_1_90' title='bbox 601 1181 720 1234; x_wconf 83' lang='lat' dir='ltr'><strong>decretis</strong></span> <span class='ocrx_word' id='word_1_91' title='bbox 732 1180 843 1234; x_wconf 85' lang='lat' dir='ltr'><strong>similem</strong></span> <span class='ocrx_word' id='word_1_92' title='bbox 856 1174 1062 1250; x_wconf 77' lang='lat' dir='ltr'><strong>enuntiet***)·,</strong></span> <span class='ocrx_word' id='word_1_93' title='bbox 1082 1181 1145 1251; x_wconf 92' lang='lat' dir='ltr'><strong>quis</strong></span> <span class='ocrx_word' id='word_1_94' title='bbox 1154 1180 1281 1248; x_wconf 73' lang='lat' dir='ltr'><strong>colligat3</strong></span> <span class='ocrx_word' id='word_1_95' title='bbox 1296 1197 1381 1250; x_wconf 90' lang='lat' dir='ltr'><strong>prae-</strong></span> 
     </span>
     <span class='ocr_line' id='line_1_10' title="bbox 236 1265 1383 1336; baseline -0.002 -16"><span class='ocrx_word' id='word_1_96' title='bbox 236 1267 330 1320; x_wconf 82' lang='lat' dir='ltr'><strong>sertim</strong></span> <span class='ocrx_word' id='word_1_97' title='bbox 348 1279 407 1320; x_wconf 86' lang='lat' dir='ltr'><strong>cum</strong></span> <span class='ocrx_word' id='word_1_98' title='bbox 421 1265 474 1319; x_wconf 83' lang='lat' dir='ltr'><strong>alio</strong></span> <span class='ocrx_word' id='word_1_99' title='bbox 489 1267 548 1319; x_wconf 90' lang='lat' dir='ltr'><strong>loco</strong></span> <span class='ocrx_word' id='word_1_100' title='bbox 565 1267 602 1333; x_wconf 93' lang='lat' dir='ltr'><strong>II,</strong></span> <span class='ocrx_word' id='word_1_101' title='bbox 618 1271 651 1318; x_wconf 89' lang='grc'><strong>22</strong></span> <span class='ocrx_word' id='word_1_102' title='bbox 668 1266 729 1336; x_wconf 89' lang='lat' dir='ltr'><strong>(ubi</strong></span> <span class='ocrx_word' id='word_1_103' title='bbox 742 1267 815 1318; x_wconf 86' lang='lat' dir='ltr'><strong>cont.</strong></span> <span class='ocrx_word' id='word_1_104' title='bbox 831 1273 901 1321; x_wconf 85' lang='lat' dir='ltr'><strong>nott.</strong></span> <span class='ocrx_word' id='word_1_105' title='bbox 919 1265 979 1326; x_wconf 59' lang='lat' dir='ltr'><strong>Vol,</strong></span> <span class='ocrx_word' id='word_1_106' title='bbox 998 1266 1019 1317; x_wconf 93' lang='lat' dir='ltr'><strong>I.</strong></span> <span class='ocrx_word' id='word_1_107' title='bbox 1031 1285 1058 1334; x_wconf 90' lang='lat' dir='ltr'><strong>p.</strong></span> <span class='ocrx_word' id='word_1_108' title='bbox 1074 1265 1140 1332; x_wconf 80' lang='grc'>473)</span> <span class='ocrx_word' id='word_1_109' title='bbox 1156 1273 1250 1317; x_wconf 89' lang='lat' dir='ltr'><strong>contra</strong></span> <span class='ocrx_word' id='word_1_110' title='bbox 1268 1266 1383 1318; x_wconf 78' lang='lat' dir='ltr'><strong>Anaxa-</strong></span> 
     </span>
     <span class='ocr_line' id='line_1_11' title="bbox 235 1350 1384 1422; baseline -0.003 -17"><span class='ocrx_word' id='word_1_111' title='bbox 235 1370 320 1422; x_wconf 80' lang='lat' dir='ltr'><strong>gorae</strong></span> <span class='ocrx_word' id='word_1_112' title='bbox 341 1351 505 1404; x_wconf 84' lang='lat' dir='ltr'><strong>sententiam</strong></span> <span class='ocrx_word' id='word_1_113' title='bbox 526 1353 560 1402; x_wconf 90' lang='lat' dir='ltr'><strong>de</strong></span> <span class='ocrx_word' id='word_1_114' title='bbox 582 1351 639 1402; x_wconf 90' lang='lat' dir='ltr'><strong>Nili</strong></span> <span class='ocrx_word' id='word_1_115' title='bbox 660 1350 820 1402; x_wconf 86' lang='lat' dir='ltr'><strong>inundantis</strong></span> <span class='ocrx_word' id='word_1_116' title='bbox 843 1351 936 1402; x_wconf 84' lang='lat' dir='ltr'><strong>censis</strong></span> <span class='ocrx_word' id='word_1_117' title='bbox 952 1350 1089 1402; x_wconf 84' lang='lat' dir='ltr'><strong>edisseret</strong></span> <span class='ocrx_word' id='word_1_118' title='bbox 1105 1350 1236 1403; x_wconf 83' lang='lat' dir='ltr'><strong>historiae</strong></span> <span class='ocrx_word' id='word_1_119' title='bbox 1255 1351 1384 1420; x_wconf 89' lang='lat' dir='ltr'><strong>scriptor</strong></span> 
     </span>
     <span class='ocr_line' id='line_1_12' title="bbox 235 1434 1171 1508; baseline -0.001 -19"><span class='ocrx_word' id='word_1_120' title='bbox 235 1446 263 1490; x_wconf 88' lang='lat' dir='ltr'><strong>et</strong></span> <span class='ocrx_word' id='word_1_121' title='bbox 277 1437 338 1489; x_wconf 88' lang='lat' dir='ltr'><strong>aliis</strong></span> <span class='ocrx_word' id='word_1_122' title='bbox 355 1453 466 1508; x_wconf 92' lang='lat' dir='ltr'><strong>quoque</strong></span> <span class='ocrx_word' id='word_1_123' title='bbox 482 1437 508 1488; x_wconf 93' lang='lat' dir='ltr'><strong>in</strong></span> <span class='ocrx_word' id='word_1_124' title='bbox 527 1436 610 1489; x_wconf 86' lang='lat' dir='ltr'><strong>rebus</strong></span> <span class='ocrx_word' id='word_1_125' title='bbox 626 1436 660 1487; x_wconf 89' lang='lat' dir='ltr'><strong>nb</strong></span> <span class='ocrx_word' id='word_1_126' title='bbox 675 1435 725 1486; x_wconf 88' lang='lat' dir='ltr'><strong>hoc</strong></span> <span class='ocrx_word' id='word_1_127' title='bbox 740 1434 902 1504; x_wconf 90' lang='lat' dir='ltr'><strong>philosopho</strong></span> <span class='ocrx_word' id='word_1_128' title='bbox 922 1434 998 1487; x_wconf 79' lang='lat' dir='ltr'><strong>uelde</strong></span> <span class='ocrx_word' id='word_1_129' title='bbox 1017 1435 1171 1488; x_wconf 84' lang='lat' dir='ltr'><strong>dissentiet.</strong></span> 
     </span>
    </p>
   </div>
   <div class='ocr_carea' id='block_1_3' title="bbox 767 1658 851 1721">
    <p class='ocr_par' dir='ltr' id='par_1_3' title="bbox 767 1658 851 1721">
     <span class='ocr_line' id='line_1_13' title="bbox 767 1658 851 1721; baseline 0 -13"><span class='ocrx_word' id='word_1_130' title='bbox 767 1659 791 1721; x_wconf 80' lang='lat'><strong>§-</strong></span> <span class='ocrx_word' id='word_1_131' title='bbox 810 1658 851 1708; x_wconf 92' lang='lat'><strong>10.</strong></span> 
     </span>
    </p>
   </div>
   <div class='ocr_carea' id='block_1_4' title="bbox 237 1839 1392 3442">
    <p class='ocr_par' dir='ltr' id='par_1_4' title="bbox 237 1839 1392 3442">
     <span class='ocr_line' id='line_1_14' title="bbox 321 1839 1386 1911; baseline 0.002 -19"><span class='ocrx_word' id='word_1_132' title='bbox 321 1841 376 1893; x_wconf 88' lang='lat' dir='ltr'><strong>Sed</strong></span> <span class='ocrx_word' id='word_1_133' title='bbox 392 1842 457 1892; x_wconf 86' lang='lat' dir='ltr'><strong>haec</strong></span> <span class='ocrx_word' id='word_1_134' title='bbox 471 1841 571 1908; x_wconf 82' lang='lat' dir='ltr'><strong>exigue</strong></span> <span class='ocrx_word' id='word_1_135' title='bbox 586 1840 664 1893; x_wconf 91' lang='lat' dir='ltr'><strong>modo</strong></span> <span class='ocrx_word' id='word_1_136' title='bbox 682 1841 799 1893; x_wconf 82' lang='lat' dir='ltr'><strong>fontium</strong></span> <span class='ocrx_word' id='word_1_137' title='bbox 821 1840 923 1892; x_wconf 81' lang='lat' dir='ltr'><strong>indicis</strong></span> <span class='ocrx_word' id='word_1_138' title='bbox 937 1846 1017 1906; x_wconf 91' lang='lat' dir='ltr'><strong>sunt,</strong></span> <span class='ocrx_word' id='word_1_139' title='bbox 1043 1859 1057 1892; x_wconf 93' lang='lat' dir='ltr'><strong>e</strong></span> <span class='ocrx_word' id='word_1_140' title='bbox 1074 1839 1176 1911; x_wconf 89' lang='lat' dir='ltr'><strong>quibus</strong></span> <span class='ocrx_word' id='word_1_141' title='bbox 1191 1839 1386 1894; x_wconf 88' lang='lat' dir='ltr'><strong>Herodoteum</strong></span> 
     </span>
     <span class='ocr_line' id='line_1_15' title="bbox 238 1924 1386 1997; baseline -0.002 -18"><span class='ocrx_word' id='word_1_142' title='bbox 238 1943 308 1997; x_wconf 87' lang='lat' dir='ltr'><strong>opus</strong></span> <span class='ocrx_word' id='word_1_143' title='bbox 323 1926 439 1978; x_wconf 87' lang='lat' dir='ltr'><strong>fluxisse</strong></span> <span class='ocrx_word' id='word_1_144' title='bbox 455 1925 657 1978; x_wconf 83' lang='lat' dir='ltr'><strong>existimemus!</strong></span> <span class='ocrx_word' id='word_1_145' title='bbox 676 1925 764 1978; x_wconf 82' lang='lat' dir='ltr'><strong>Multo</strong></span> <span class='ocrx_word' id='word_1_146' title='bbox 780 1925 868 1993; x_wconf 83' lang='lat' dir='ltr'><strong>plura,</strong></span> <span class='ocrx_word' id='word_1_147' title='bbox 889 1925 940 1977; x_wconf 94' lang='lat' dir='ltr'><strong>imo</strong></span> <span class='ocrx_word' id='word_1_148' title='bbox 955 1924 1079 1994; x_wconf 83' lang='lat' dir='ltr'><strong>plurima,</strong></span> <span class='ocrx_word' id='word_1_149' title='bbox 1098 1942 1169 1994; x_wconf 81' lang='lat' dir='ltr'><strong>qnae</strong></span> <span class='ocrx_word' id='word_1_150' title='bbox 1183 1943 1216 1977; x_wconf 89' lang='lat' dir='ltr'><strong>ee</strong></span> <span class='ocrx_word' id='word_1_151' title='bbox 1232 1925 1386 1978; x_wconf 86' lang='lat' dir='ltr'><strong>continen-</strong></span> 
     </span>
     <span class='ocr_line' id='line_1_16' title="bbox 237 2009 1387 2081; baseline 0 -19"><span class='ocrx_word' id='word_1_152' title='bbox 237 2018 292 2078; x_wconf 88' lang='lat' dir='ltr'><strong>tur,</strong></span> <span class='ocrx_word' id='word_1_153' title='bbox 309 2011 410 2080; x_wconf 88' lang='lat' dir='ltr'><strong>ipsein</strong></span> <span class='ocrx_word' id='word_1_154' title='bbox 429 2010 576 2062; x_wconf 84' lang='lat' dir='ltr'><strong>itineribus</strong></span> <span class='ocrx_word' id='word_1_155' title='bbox 594 2011 735 2081; x_wconf 89' lang='lat' dir='ltr'><strong>comperit,</strong></span> <span class='ocrx_word' id='word_1_156' title='bbox 752 2010 812 2079; x_wconf 88' lang='lat' dir='ltr'><strong>ipse</strong></span> <span class='ocrx_word' id='word_1_157' title='bbox 824 2009 909 2077; x_wconf 81' lang='lat' dir='ltr'><strong>vidit3</strong></span> <span class='ocrx_word' id='word_1_158' title='bbox 925 2027 1011 2079; x_wconf 86' lang='lat' dir='ltr'><strong>eoque</strong></span> <span class='ocrx_word' id='word_1_159' title='bbox 1028 2010 1199 2079; x_wconf 88' lang='lat' dir='ltr'><strong>potissimum</strong></span> <span class='ocrx_word' id='word_1_160' title='bbox 1212 2016 1327 2079; x_wconf 79' lang='lat' dir='ltr'><strong>praeter</strong></span> <span class='ocrx_word' id='word_1_161' title='bbox 1342 2010 1387 2062; x_wconf 92' lang='lat' dir='ltr'><strong>lo-</strong></span> 
     </span>
     <span class='ocr_line' id='line_1_17' title="bbox 237 2095 1388 2165; baseline 0 -17"><span class='ocrx_word' id='word_1_162' title='bbox 237 2113 330 2148; x_wconf 88' lang='lat' dir='ltr'><strong>corum</strong></span> <span class='ocrx_word' id='word_1_163' title='bbox 355 2102 383 2147; x_wconf 91' lang='lat' dir='ltr'><strong>et</strong></span> <span class='ocrx_word' id='word_1_164' title='bbox 403 2095 561 2162; x_wconf 85' lang='lat' dir='ltr'><strong>regionum,</strong></span> <span class='ocrx_word' id='word_1_165' title='bbox 588 2112 658 2165; x_wconf 89' lang='lat' dir='ltr'><strong>quas</strong></span> <span class='ocrx_word' id='word_1_166' title='bbox 680 2096 740 2165; x_wconf 92' lang='lat' dir='ltr'><strong>ipse</strong></span> <span class='ocrx_word' id='word_1_167' title='bbox 764 2095 844 2162; x_wconf 85' lang='lat' dir='ltr'><strong>visit,</strong></span> <span class='ocrx_word' id='word_1_168' title='bbox 871 2095 1072 2163; x_wconf 87' lang='lat' dir='ltr'><strong>descriptiones</strong></span> <span class='ocrx_word' id='word_1_169' title='bbox 1093 2095 1232 2148; x_wconf 85' lang='lat' dir='ltr'><strong>retulerim</strong></span> <span class='ocrx_word' id='word_1_170' title='bbox 1252 2111 1326 2164; x_wconf 87' lang='lat' dir='ltr'><strong>quae</strong></span> <span class='ocrx_word' id='word_1_171' title='bbox 1349 2097 1388 2148; x_wconf 86' lang='lat' dir='ltr'><strong>de</strong></span> 
     </span>
     <span class='ocr_line' id='line_1_18' title="bbox 237 2179 1386 2250; baseline 0.001 -18"><span class='ocrx_word' id='word_1_172' title='bbox 237 2180 361 2250; x_wconf 89' lang='lat' dir='ltr'><strong>templis,</strong></span> <span class='ocrx_word' id='word_1_173' title='bbox 378 2181 530 2250; x_wconf 91' lang='lat' dir='ltr'><strong>portentis,</strong></span> <span class='ocrx_word' id='word_1_174' title='bbox 551 2180 685 2248; x_wconf 85' lang='lat' dir='ltr'><strong>oreonlis,</strong></span> <span class='ocrx_word' id='word_1_175' title='bbox 702 2180 843 2246; x_wconf 85' lang='lat' dir='ltr'><strong>donariis,</strong></span> <span class='ocrx_word' id='word_1_176' title='bbox 865 2180 928 2232; x_wconf 84' lang='lat' dir='ltr'><strong>eliis</strong></span> <span class='ocrx_word' id='word_1_177' title='bbox 939 2179 968 2230; x_wconf 92' lang='lat' dir='ltr'><strong>id</strong></span> <span class='ocrx_word' id='word_1_178' title='bbox 984 2197 1089 2246; x_wconf 82' lang='lat' dir='ltr'><strong>genus,</strong></span> <span class='ocrx_word' id='word_1_179' title='bbox 1106 2187 1155 2232; x_wconf 86' lang='lat' dir='ltr'><strong>eut</strong></span> <span class='ocrx_word' id='word_1_180' title='bbox 1172 2181 1253 2232; x_wconf 87' lang='lat' dir='ltr'><strong>etism</strong></span> <span class='ocrx_word' id='word_1_181' title='bbox 1267 2180 1302 2232; x_wconf 87' lang='lat' dir='ltr'><strong>de</strong></span> <span class='ocrx_word' id='word_1_182' title='bbox 1319 2181 1386 2250; x_wconf 84' lang='lat' dir='ltr'><strong>ipsa</strong></span> 
     </span>
     <span class='ocr_line' id='line_1_19' title="bbox 238 2265 1387 2335; baseline 0 -17"><span class='ocrx_word' id='word_1_183' title='bbox 238 2283 328 2319; x_wconf 89' lang='lat' dir='ltr'><strong>rerum</strong></span> <span class='ocrx_word' id='word_1_184' title='bbox 345 2265 461 2318; x_wconf 85' lang='lat' dir='ltr'><strong>historie</strong></span> <span class='ocrx_word' id='word_1_185' title='bbox 484 2265 526 2317; x_wconf 92' lang='lat' dir='ltr'><strong>his</strong></span> <span class='ocrx_word' id='word_1_186' title='bbox 544 2265 614 2335; x_wconf 86' lang='lat' dir='ltr'><strong>ipsis</strong></span> <span class='ocrx_word' id='word_1_187' title='bbox 629 2266 656 2318; x_wconf 91' lang='lat' dir='ltr'><strong>in</strong></span> <span class='ocrx_word' id='word_1_188' title='bbox 676 2265 743 2317; x_wconf 88' lang='lat' dir='ltr'><strong>locis</strong></span> <span class='ocrx_word' id='word_1_189' title='bbox 760 2271 896 2333; x_wconf 87' lang='lat' dir='ltr'><strong>comperta</strong></span> <span class='ocrx_word' id='word_1_190' title='bbox 913 2265 1060 2334; x_wconf 86' lang='lat' dir='ltr'><strong>perscribit</strong></span> <span class='ocrx_word' id='word_1_191' title='bbox 1075 2281 1214 2335; x_wconf 86' lang='lat' dir='ltr'><strong>nunqusm</strong></span> <span class='ocrx_word' id='word_1_192' title='bbox 1229 2283 1283 2316; x_wconf 94' lang='lat' dir='ltr'><strong>non</strong></span> <span class='ocrx_word' id='word_1_193' title='bbox 1308 2265 1387 2318; x_wconf 91' lang='lat' dir='ltr'><strong>indi-</strong></span> 
     </span>
     <span class='ocr_line' id='line_1_20' title="bbox 237 2349 1388 2421; baseline 0 -17"><span class='ocrx_word' id='word_1_194' title='bbox 237 2359 297 2404; x_wconf 89' lang='lat' dir='ltr'><strong>cato</strong></span> <span class='ocrx_word' id='word_1_195' title='bbox 312 2353 388 2404; x_wconf 83' lang='lat' dir='ltr'><strong>fonte</strong></span> <span class='ocrx_word' id='word_1_196' title='bbox 404 2351 447 2402; x_wconf 88' lang='lat' dir='ltr'><strong>vel</strong></span> <span class='ocrx_word' id='word_1_197' title='bbox 459 2359 580 2404; x_wconf 83' lang='lat' dir='ltr'><strong>auctore.</strong></span> <span class='ocrx_word' id='word_1_198' title='bbox 608 2351 647 2402; x_wconf 90' lang='lat' dir='ltr'><strong>Ut</strong></span> <span class='ocrx_word' id='word_1_199' title='bbox 657 2351 753 2421; x_wconf 86' lang='lat' dir='ltr'><strong>paucis</strong></span> <span class='ocrx_word' id='word_1_200' title='bbox 769 2350 863 2416; x_wconf 89' lang='lat' dir='ltr'><strong>dicam,</strong></span> <span class='ocrx_word' id='word_1_201' title='bbox 879 2349 952 2420; x_wconf 92' lang='lat' dir='ltr'><strong>quod</strong></span> <span class='ocrx_word' id='word_1_202' title='bbox 969 2349 1068 2420; x_wconf 86' lang='lat' dir='ltr'><strong>sentio,</strong></span> <span class='ocrx_word' id='word_1_203' title='bbox 1084 2349 1129 2402; x_wconf 83' lang='lat' dir='ltr'><strong>rel</strong></span> <span class='ocrx_word' id='word_1_204' title='bbox 1142 2351 1202 2419; x_wconf 88' lang='lat' dir='ltr'><strong>ipse</strong></span> <span class='ocrx_word' id='word_1_205' title='bbox 1214 2349 1292 2416; x_wconf 84' lang='lat' dir='ltr'><strong>vidit,</strong></span> <span class='ocrx_word' id='word_1_206' title='bbox 1308 2367 1388 2419; x_wconf 83' lang='lat' dir='ltr'><strong>quae</strong></span> 
     </span>
     <span class='ocr_line' id='line_1_21' title="bbox 238 2435 1388 2506; baseline 0 -18"><span class='ocrx_word' id='word_1_207' title='bbox 238 2437 359 2506; x_wconf 86' lang='lat' dir='ltr'><strong>scripsit,</strong></span> <span class='ocrx_word' id='word_1_208' title='bbox 377 2435 418 2488; x_wconf 85' lang='lat' dir='ltr'><strong>vel</strong></span> <span class='ocrx_word' id='word_1_209' title='bbox 433 2453 449 2488; x_wconf 87' lang='lat' dir='ltr'><strong>e</strong></span> <span class='ocrx_word' id='word_1_210' title='bbox 463 2436 664 2504; x_wconf 86' lang='lat' dir='ltr'><strong>sacerdotibus,</strong></span> <span class='ocrx_word' id='word_1_211' title='bbox 687 2453 758 2504; x_wconf 89' lang='lat' dir='ltr'><strong>qnos</strong></span> <span class='ocrx_word' id='word_1_212' title='bbox 779 2435 824 2487; x_wconf 85' lang='lat' dir='ltr'><strong>ille</strong></span> <span class='ocrx_word' id='word_1_213' title='bbox 840 2440 929 2486; x_wconf 83' lang='lat' dir='ltr'><strong>eetete</strong></span> <span class='ocrx_word' id='word_1_214' title='bbox 945 2453 994 2504; x_wconf 89' lang='lat' dir='ltr'><strong>per</strong></span> <span class='ocrx_word' id='word_1_215' title='bbox 1010 2435 1142 2486; x_wconf 85' lang='lat' dir='ltr'><strong>orientem</strong></span> <span class='ocrx_word' id='word_1_216' title='bbox 1159 2435 1282 2504; x_wconf 88' lang='lat' dir='ltr'><strong>inprimis</strong></span> <span class='ocrx_word' id='word_1_217' title='bbox 1309 2451 1388 2488; x_wconf 88' lang='lat' dir='ltr'><strong>unos</strong></span> 
     </span>
     <span class='ocr_line' id='line_1_22' title="bbox 237 2520 1388 2590; baseline 0 -18"><span class='ocrx_word' id='word_1_218' title='bbox 237 2523 333 2573; x_wconf 88' lang='lat' dir='ltr'><strong>doctos</strong></span> <span class='ocrx_word' id='word_1_219' title='bbox 350 2537 445 2588; x_wconf 84' lang='lat' dir='ltr'><strong>gerum</strong></span> <span class='ocrx_word' id='word_1_220' title='bbox 467 2528 607 2587; x_wconf 70' lang='lat' dir='ltr'><strong>gestarum</strong></span> <span class='ocrx_word' id='word_1_221' title='bbox 630 2521 753 2573; x_wconf 86' lang='lat' dir='ltr'><strong>notitiam</strong></span> <span class='ocrx_word' id='word_1_222' title='bbox 779 2520 907 2572; x_wconf 89' lang='lat' dir='ltr'><strong>hahuisse</strong></span> <span class='ocrx_word' id='word_1_223' title='bbox 934 2525 1051 2586; x_wconf 84' lang='lat' dir='ltr'><strong>constet,</strong></span> <span class='ocrx_word' id='word_1_224' title='bbox 1078 2521 1184 2590; x_wconf 83' lang='lat' dir='ltr'><strong>accepit</strong></span> <span class='ocrx_word' id='word_1_225' title='bbox 1212 2520 1388 2573; x_wconf 78' lang='lat' dir='ltr'><strong>sciscitando</strong></span> 
     </span>
     <span class='ocr_line' id='line_1_23' title="bbox 239 2605 1388 2676; baseline 0.001 -19"><span class='ocrx_word' id='word_1_226' title='bbox 239 2607 282 2657; x_wconf 87' lang='lat' dir='ltr'><strong>vel</strong></span> <span class='ocrx_word' id='word_1_227' title='bbox 299 2623 313 2656; x_wconf 89' lang='lat' dir='ltr'><strong>a</strong></span> <span class='ocrx_word' id='word_1_228' title='bbox 331 2606 545 2673; x_wconf 87' lang='lat' dir='ltr'><strong>mercatoribus,</strong></span> <span class='ocrx_word' id='word_1_229' title='bbox 576 2624 646 2676; x_wconf 88' lang='lat' dir='ltr'><strong>qnos</strong></span> <span class='ocrx_word' id='word_1_230' title='bbox 663 2606 689 2657; x_wconf 94' lang='lat' dir='ltr'><strong>in</strong></span> <span class='ocrx_word' id='word_1_231' title='bbox 708 2605 856 2657; x_wconf 88' lang='lat' dir='ltr'><strong>itineribus</strong></span> <span class='ocrx_word' id='word_1_232' title='bbox 873 2605 1017 2670; x_wconf 87' lang='lat' dir='ltr'><strong>convenit,</strong></span> <span class='ocrx_word' id='word_1_233' title='bbox 1044 2605 1084 2656; x_wconf 90' lang='lat' dir='ltr'><strong>nti</strong></span> <span class='ocrx_word' id='word_1_234' title='bbox 1102 2605 1155 2658; x_wconf 87' lang='lat' dir='ltr'><strong>iem</strong></span> <span class='ocrx_word' id='word_1_235' title='bbox 1169 2623 1254 2674; x_wconf 85' lang='lat' dir='ltr'><strong>supra</strong></span> <span class='ocrx_word' id='word_1_236' title='bbox 1273 2607 1388 2658; x_wconf 86' lang='lat' dir='ltr'><strong>monui-</strong></span> 
     </span>
     <span class='ocr_line' id='line_1_24' title="bbox 239 2688 1389 2760; baseline 0.002 -18"><span class='ocrx_word' id='word_1_237' title='bbox 239 2707 308 2742; x_wconf 89' lang='lat' dir='ltr'><strong>mus.</strong></span> <span class='ocrx_word' id='word_1_238' title='bbox 343 2690 523 2742; x_wconf 80' lang='lat' dir='ltr'><strong>Praeiverent</strong></span> <span class='ocrx_word' id='word_1_239' title='bbox 537 2689 678 2742; x_wconf 89' lang='lat' dir='ltr'><strong>Herodoto</strong></span> <span class='ocrx_word' id='word_1_240' title='bbox 698 2690 745 2760; x_wconf 93' lang='lat' dir='ltr'><strong>qui</strong></span> <span class='ocrx_word' id='word_1_241' title='bbox 763 2689 846 2756; x_wconf 81' lang='lat' dir='ltr'><strong>vulgo</strong></span> <span class='ocrx_word' id='word_1_242' title='bbox 868 2695 1002 2742; x_wconf 85' lang='lat' dir='ltr'><strong>vocentur</strong></span> <span class='ocrx_word' id='word_1_243' title='bbox 1017 2688 1188 2760; x_wconf 81' lang='lat' dir='ltr'><strong>Iogogruphi,</strong></span> <span class='ocrx_word' id='word_1_244' title='bbox 1205 2691 1254 2760; x_wconf 88' lang='lat' dir='ltr'><strong>qni</strong></span> <span class='ocrx_word' id='word_1_245' title='bbox 1271 2690 1389 2744; x_wconf 79' lang='lat' dir='ltr'><strong>subules</strong></span> 
     </span>
     <span class='ocr_line' id='line_1_25' title="bbox 239 2774 1389 2844; baseline 0 -18"><span class='ocrx_word' id='word_1_246' title='bbox 239 2774 393 2844; x_wconf 83' lang='lat' dir='ltr'><strong>antiquitus</strong></span> <span class='ocrx_word' id='word_1_247' title='bbox 420 2774 535 2826; x_wconf 73' lang='lat' dir='ltr'><strong>trotino</strong></span> <span class='ocrx_word' id='word_1_248' title='bbox 562 2774 649 2826; x_wconf 88' lang='lat' dir='ltr'><strong>literis</strong></span> <span class='ocrx_word' id='word_1_249' title='bbox 673 2781 704 2826; x_wconf 91' lang='lat' dir='ltr'><strong>ut</strong></span> <span class='ocrx_word' id='word_1_250' title='bbox 727 2775 925 2841; x_wconf 79' lang='lat' dir='ltr'><strong>consignarent</strong></span> <span class='ocrx_word' id='word_1_251' title='bbox 940 2791 1027 2844; x_wconf 89' lang='lat' dir='ltr'><strong>eoque</strong></span> <span class='ocrx_word' id='word_1_252' title='bbox 1042 2775 1119 2827; x_wconf 91' lang='lat' dir='ltr'><strong>modo</strong></span> <span class='ocrx_word' id='word_1_253' title='bbox 1136 2775 1309 2844; x_wconf 80' lang='lat' dir='ltr'><strong>posteritatis</strong></span> <span class='ocrx_word' id='word_1_254' title='bbox 1327 2793 1389 2827; x_wconf 80' lang='lat' dir='ltr'><strong>me-</strong></span> 
     </span>
     <span class='ocr_line' id='line_1_26' title="bbox 240 2857 1390 2928; baseline 0.001 -17"><span class='ocrx_word' id='word_1_255' title='bbox 240 2859 340 2911; x_wconf 85' lang='lat' dir='ltr'><strong>moriae</strong></span> <span class='ocrx_word' id='word_1_256' title='bbox 360 2857 502 2910; x_wconf 88' lang='lat' dir='ltr'><strong>traderent</strong></span> <span class='ocrx_word' id='word_1_257' title='bbox 525 2876 584 2910; x_wconf 90' lang='lat' dir='ltr'><strong>cnm</strong></span> <span class='ocrx_word' id='word_1_258' title='bbox 606 2859 686 2911; x_wconf 89' lang='lat' dir='ltr'><strong>unice</strong></span> <span class='ocrx_word' id='word_1_259' title='bbox 706 2859 759 2910; x_wconf 86' lang='lat' dir='ltr'><strong>sibi</strong></span> <span class='ocrx_word' id='word_1_260' title='bbox 775 2859 995 2927; x_wconf 86' lang='lat' dir='ltr'><strong>proposuissent,</strong></span> <span class='ocrx_word' id='word_1_261' title='bbox 1016 2859 1043 2910; x_wconf 93' lang='lat' dir='ltr'><strong>in</strong></span> <span class='ocrx_word' id='word_1_262' title='bbox 1060 2859 1149 2928; x_wconf 84' lang='lat' dir='ltr'><strong>ipsum</strong></span> <span class='ocrx_word' id='word_1_263' title='bbox 1161 2877 1252 2912; x_wconf 89' lang='lat' dir='ltr'><strong>rerum</strong></span> <span class='ocrx_word' id='word_1_264' title='bbox 1267 2859 1309 2912; x_wconf 90' lang='lat' dir='ltr'><strong>sic</strong></span> <span class='ocrx_word' id='word_1_265' title='bbox 1325 2867 1390 2912; x_wconf 84' lang='lat' dir='ltr'><strong>tra·</strong></span> 
     </span>
     <span class='ocr_line' id='line_1_27' title="bbox 240 2943 1390 3014; baseline 0.004 -20"><span class='ocrx_word' id='word_1_266' title='bbox 240 2944 357 2995; x_wconf 78' lang='lat' dir='ltr'><strong>diturum</strong></span> <span class='ocrx_word' id='word_1_267' title='bbox 372 2951 560 3008; x_wconf 77' lang='lat' dir='ltr'><strong>argumentum</strong></span> <span class='ocrx_word' id='word_1_268' title='bbox 574 2943 680 2996; x_wconf 89' lang='lat' dir='ltr'><strong>minime</strong></span> <span class='ocrx_word' id='word_1_269' title='bbox 697 2943 912 3012; x_wconf 87' lang='lat' dir='ltr'><strong>inquisiverunt,</strong></span> <span class='ocrx_word' id='word_1_270' title='bbox 931 2943 1000 2996; x_wconf 81' lang='lat' dir='ltr'><strong>satis</strong></span> <span class='ocrx_word' id='word_1_271' title='bbox 1016 2945 1163 3010; x_wconf 82' lang='lat' dir='ltr'><strong>hahentes,</strong></span> <span class='ocrx_word' id='word_1_272' title='bbox 1181 2963 1229 3010; x_wconf 83' lang='lat' dir='ltr'><strong>ee,</strong></span> <span class='ocrx_word' id='word_1_273' title='bbox 1246 2962 1318 3014; x_wconf 85' lang='lat' dir='ltr'><strong>quse</strong></span> <span class='ocrx_word' id='word_1_274' title='bbox 1334 2964 1390 2999; x_wconf 86' lang='lat' dir='ltr'><strong>ore</strong></span> 
     </span>
     <span class='ocr_line' id='line_1_28' title="bbox 240 3026 1388 3098; baseline 0.002 -18"><span class='ocrx_word' id='word_1_275' title='bbox 240 3033 345 3080; x_wconf 90' lang='lat' dir='ltr'><strong>tantum</strong></span> <span class='ocrx_word' id='word_1_276' title='bbox 357 3026 444 3079; x_wconf 76' lang='lat' dir='ltr'><strong>adhuc</strong></span> <span class='ocrx_word' id='word_1_277' title='bbox 455 3027 555 3080; x_wconf 83' lang='lat' dir='ltr'><strong>tradita</strong></span> <span class='ocrx_word' id='word_1_278' title='bbox 569 3035 657 3098; x_wconf 83' lang='lat' dir='ltr'><strong>erant,</strong></span> <span class='ocrx_word' id='word_1_279' title='bbox 670 3027 782 3098; x_wconf 87' lang='lat' dir='ltr'><strong>scriptis</strong></span> <span class='ocrx_word' id='word_1_280' title='bbox 794 3028 918 3080; x_wconf 86' lang='lat' dir='ltr'><strong>mendete</strong></span> <span class='ocrx_word' id='word_1_281' title='bbox 927 3029 1045 3098; x_wconf 89' lang='lat' dir='ltr'><strong>posteris</strong></span> <span class='ocrx_word' id='word_1_282' title='bbox 1055 3029 1174 3082; x_wconf 79' lang='lat' dir='ltr'><strong>trudere.</strong></span> <span class='ocrx_word' id='word_1_283' title='bbox 1195 3031 1284 3092; x_wconf 79' lang='lat' dir='ltr'><strong>eram</strong></span> <span class='ocrx_word' id='word_1_284' title='bbox 1304 3029 1388 3098; x_wconf 84' lang='lat' dir='ltr'><strong>logo-</strong></span> 
     </span>
     <span class='ocr_line' id='line_1_29' title="bbox 240 3113 1390 3184; baseline 0.003 -19"><span class='ocrx_word' id='word_1_285' title='bbox 240 3113 404 3182; x_wconf 79' lang='lat' dir='ltr'><strong>graphorum</strong></span> <span class='ocrx_word' id='word_1_286' title='bbox 418 3113 549 3166; x_wconf 85' lang='lat' dir='ltr'><strong>rationem</strong></span> <span class='ocrx_word' id='word_1_287' title='bbox 558 3113 609 3164; x_wconf 87' lang='lat' dir='ltr'><strong>iam</strong></span> <span class='ocrx_word' id='word_1_288' title='bbox 617 3113 984 3183; x_wconf 82' lang='lat' dir='ltr'><strong>Hecoteenmquodemmodo</strong></span> <span class='ocrx_word' id='word_1_289' title='bbox 993 3114 1151 3167; x_wconf 88' lang='lat' dir='ltr'><strong>deseruisse</strong></span> <span class='ocrx_word' id='word_1_290' title='bbox 1167 3115 1270 3166; x_wconf 88' lang='lat' dir='ltr'><strong>indicet</strong></span> <span class='ocrx_word' id='word_1_291' title='bbox 1282 3133 1390 3184; x_wconf 90' lang='lat' dir='ltr'><strong>prooe-</strong></span> 
     </span>
     <span class='ocr_line' id='line_1_30' title="bbox 239 3196 1390 3270; baseline 0.004 -20"><span class='ocrx_word' id='word_1_292' title='bbox 239 3199 320 3250; x_wconf 88' lang='lat' dir='ltr'><strong>mium</strong></span> <span class='ocrx_word' id='word_1_293' title='bbox 332 3196 407 3262; x_wconf 90' lang='lat' dir='ltr'><strong>illud,</strong></span> <span class='ocrx_word' id='word_1_294' title='bbox 418 3198 491 3266; x_wconf 92' lang='lat' dir='ltr'><strong>quod</strong></span> <span class='ocrx_word' id='word_1_295' title='bbox 505 3199 537 3250; x_wconf 87' lang='lat' dir='ltr'><strong>ad</strong></span> <span class='ocrx_word' id='word_1_296' title='bbox 547 3199 776 3268; x_wconf 80' lang='lat' dir='ltr'><strong>Genealogiarum</strong></span> <span class='ocrx_word' id='word_1_297' title='bbox 785 3216 854 3267; x_wconf 90' lang='lat' dir='ltr'><strong>opus</strong></span> <span class='ocrx_word' id='word_1_298' title='bbox 867 3200 1129 3270; x_wconf 82' lang='lat' dir='ltr'><strong>rruncreferunt(ci.</strong></span> <span class='ocrx_word' id='word_1_299' title='bbox 1138 3199 1390 3267; x_wconf 74' lang='lat' dir='ltr'><strong>MiillerFragmm.</strong></span> 
     </span>
     <span class='ocr_line' id='line_1_31' title="bbox 241 3283 1389 3353; baseline 0.003 -19"><span class='ocrx_word' id='word_1_300' title='bbox 241 3283 306 3338; x_wconf 90' lang='lat' dir='ltr'><strong>hist.</strong></span> <span class='ocrx_word' id='word_1_301' title='bbox 327 3283 443 3334; x_wconf 83' lang='lat' dir='ltr'><strong>Greeoc.</strong></span> <span class='ocrx_word' id='word_1_302' title='bbox 461 3283 481 3337; x_wconf 96' lang='lat' dir='ltr'><strong>I.</strong></span> <span class='ocrx_word' id='word_1_303' title='bbox 504 3302 530 3352; x_wconf 88' lang='lat' dir='ltr'><strong>p.</strong></span> <span class='ocrx_word' id='word_1_304' title='bbox 552 3285 614 3348; x_wconf 88' lang='grc'><strong>25),</strong></span> <span class='ocrx_word' id='word_1_305' title='bbox 634 3285 707 3353; x_wconf 88' lang='lat' dir='ltr'><strong>apud</strong></span> <span class='ocrx_word' id='word_1_306' title='bbox 723 3285 842 3338; x_wconf 89' lang='lat' dir='ltr'><strong>Demetr.</strong></span> <span class='ocrx_word' id='word_1_307' title='bbox 864 3284 898 3336; x_wconf 89' lang='lat' dir='ltr'><strong>de</strong></span> <span class='ocrx_word' id='word_1_308' title='bbox 920 3283 1028 3352; x_wconf 78' lang='lat' dir='ltr'><strong>Elocut.</strong></span> <span class='ocrx_word' id='word_1_309' title='bbox 1045 3289 1071 3348; x_wconf 73' lang='lat' dir='ltr'><strong>s.</strong></span> <span class='ocrx_word' id='word_1_310' title='bbox 1094 3288 1125 3338; x_wconf 84' lang='grc'><strong>12</strong></span> <span class='ocrx_word' id='word_1_311' title='bbox 1148 3285 1190 3336; x_wconf 88' lang='lat' dir='ltr'><strong>his</strong></span> <span class='ocrx_word' id='word_1_312' title='bbox 1206 3284 1300 3342; x_wconf 77' lang='lat' dir='ltr'><strong>verbis</strong></span> <span class='ocrx_word' id='word_1_313' title='bbox 1317 3303 1389 3338; x_wconf 89' lang='lat' dir='ltr'><strong>con-</strong></span> 
     </span>
     <span class='ocr_line' id='line_1_32' title="bbox 241 3355 1392 3442; baseline 0.003 -22"><span class='ocrx_word' id='word_1_314' title='bbox 241 3375 363 3437; x_wconf 85' lang='lat' dir='ltr'><strong>ceptum:</strong></span> <span class='ocrx_word' id='word_1_315' title='bbox 380 3361 525 3430; x_wconf 78' lang='grc' dir='ltr'><strong><em>Ὲκαταῖος</em></strong></span> <span class='ocrx_word' id='word_1_316' title='bbox 544 3355 685 3438; x_wconf 75' lang='grc' dir='ltr'><strong>Μιλήσιος</strong></span> <span class='ocrx_word' id='word_1_317' title='bbox 707 3357 761 3423; x_wconf 81' lang='lat' dir='ltr'><strong>side</strong></span> <span class='ocrx_word' id='word_1_318' title='bbox 783 3371 929 3438; x_wconf 74' lang='grc' dir='ltr'><strong><em>μυθεῖται·</em></strong></span> <span class='ocrx_word' id='word_1_319' title='bbox 951 3364 1018 3422; x_wconf 79' lang='lat' dir='ltr'><strong>ca&#39;ds</strong></span> <span class='ocrx_word' id='word_1_320' title='bbox 1033 3363 1140 3442; x_wconf 74' lang='grc' dir='ltr'><strong>γράφω,</strong></span> <span class='ocrx_word' id='word_1_321' title='bbox 1159 3361 1197 3431; x_wconf 70' lang='grc' dir='ltr'><strong>οἷς</strong></span> <span class='ocrx_word' id='word_1_322' title='bbox 1212 3387 1256 3438; x_wconf 84' lang='grc' dir='ltr'><strong>μοι</strong></span> <span class='ocrx_word' id='word_1_323' title='bbox 1273 3362 1392 3438; x_wconf 69' lang='grc' dir='ltr'><strong><em>ἀληθέα</em></strong></span> 
     </span>
    </p>
   </div>
   <div class='ocr_carea' id='block_1_5' title="bbox 242 3634 1389 3838">
    <p class='ocr_par' dir='ltr' id='par_1_5' title="bbox 242 3634 1389 3838">
     <span class='ocr_line' id='line_1_33' title="bbox 309 3634 1389 3704; baseline 0.003 -19"><span class='ocrx_word' id='word_1_324' title='bbox 309 3634 334 3698; x_wconf 82' lang='grc'><strong>*)</strong></span> <span class='ocrx_word' id='word_1_325' title='bbox 353 3637 415 3690; x_wconf 82' lang='lat' dir='ltr'><strong>vin.</strong></span> <span class='ocrx_word' id='word_1_326' title='bbox 429 3653 499 3702; x_wconf 83' lang='lat' dir='ltr'><strong>quae</strong></span> <span class='ocrx_word' id='word_1_327' title='bbox 517 3637 551 3687; x_wconf 87' lang='lat' dir='ltr'><strong>de</strong></span> <span class='ocrx_word' id='word_1_328' title='bbox 569 3637 611 3686; x_wconf 91' lang='lat' dir='ltr'><strong>his</strong></span> <span class='ocrx_word' id='word_1_329' title='bbox 630 3638 781 3688; x_wconf 83' lang='lat' dir='ltr'><strong>monuimus</strong></span> <span class='ocrx_word' id='word_1_330' title='bbox 800 3639 827 3686; x_wconf 90' lang='lat' dir='ltr'><strong>in</strong></span> <span class='ocrx_word' id='word_1_331' title='bbox 844 3638 918 3687; x_wconf 88' lang='lat' dir='ltr'><strong>notis</strong></span> <span class='ocrx_word' id='word_1_332' title='bbox 936 3637 970 3686; x_wconf 84' lang='lat' dir='ltr'><strong>ed</strong></span> <span class='ocrx_word' id='word_1_333' title='bbox 989 3637 1014 3686; x_wconf 90' lang='lat' dir='ltr'><strong>h.</strong></span> <span class='ocrx_word' id='word_1_334' title='bbox 1033 3637 1050 3686; x_wconf 91' lang='lat' dir='ltr'><strong>i.</strong></span> <span class='ocrx_word' id='word_1_335' title='bbox 1070 3637 1130 3687; x_wconf 90' lang='lat' dir='ltr'><strong>Vol.</strong></span> <span class='ocrx_word' id='word_1_336' title='bbox 1149 3639 1171 3688; x_wconf 88' lang='grc' dir='ltr'><strong>Ι.</strong></span> <span class='ocrx_word' id='word_1_337' title='bbox 1190 3653 1254 3704; x_wconf 73' lang='lat' dir='ltr'><strong>pag.</strong></span> <span class='ocrx_word' id='word_1_338' title='bbox 1272 3636 1306 3686; x_wconf 80' lang='grc'><strong>64</strong></span> <span class='ocrx_word' id='word_1_339' title='bbox 1323 3653 1389 3704; x_wconf 87' lang='lat' dir='ltr'><strong>seq.</strong></span> 
     </span>
     <span class='ocr_line' id='line_1_34' title="bbox 242 3703 1389 3770; baseline 0.002 -15"><span class='ocrx_word' id='word_1_340' title='bbox 242 3705 333 3766; x_wconf 77' lang='lat' dir='ltr'><strong>Quare</strong></span> <span class='ocrx_word' id='word_1_341' title='bbox 346 3706 464 3756; x_wconf 79' lang='lat' dir='ltr'><strong>Dounon</strong></span> <span class='ocrx_word' id='word_1_342' title='bbox 483 3704 580 3768; x_wconf 83' lang='lat' dir='ltr'><strong>(Cours</strong></span> <span class='ocrx_word' id='word_1_343' title='bbox 594 3705 725 3755; x_wconf 84' lang='lat' dir='ltr'><strong>d&#39;Etudes</strong></span> <span class='ocrx_word' id='word_1_344' title='bbox 737 3705 902 3770; x_wconf 83' lang='lat' dir='ltr'><strong>historiques</strong></span> <span class='ocrx_word' id='word_1_345' title='bbox 915 3706 946 3755; x_wconf 88' lang='lat' dir='ltr'><strong>T.</strong></span> <span class='ocrx_word' id='word_1_346' title='bbox 960 3707 1033 3756; x_wconf 91' lang='lat' dir='ltr'>VIII.</span> <span class='ocrx_word' id='word_1_347' title='bbox 1047 3722 1112 3770; x_wconf 71' lang='lat' dir='ltr'><strong>paq.</strong></span> <span class='ocrx_word' id='word_1_348' title='bbox 1127 3703 1184 3769; x_wconf 79' lang='lat'>116)</span> <span class='ocrx_word' id='word_1_349' title='bbox 1203 3707 1283 3758; x_wconf 80' lang='lat' dir='ltr'><strong>valde</strong></span> <span class='ocrx_word' id='word_1_350' title='bbox 1304 3721 1389 3756; x_wconf 86' lang='lat' dir='ltr'><strong>vere·</strong></span> 
     </span>
     <span class='ocr_line' id='line_1_35' title="bbox 243 3773 1167 3838; baseline 0.004 -18"><span class='ocrx_word' id='word_1_351' title='bbox 243 3777 299 3834; x_wconf 87' lang='lat' dir='ltr'><strong>tur,</strong></span> <span class='ocrx_word' id='word_1_352' title='bbox 313 3778 342 3821; x_wconf 90' lang='lat' dir='ltr'><strong>ut</strong></span> <span class='ocrx_word' id='word_1_353' title='bbox 355 3778 441 3822; x_wconf 88' lang='lat' dir='ltr'><strong>totum</strong></span> <span class='ocrx_word' id='word_1_354' title='bbox 455 3774 506 3824; x_wconf 86' lang='lat' dir='ltr'><strong>hoc</strong></span> <span class='ocrx_word' id='word_1_355' title='bbox 520 3773 684 3836; x_wconf 87' lang='lat' dir='ltr'><strong>colloquium</strong></span> <span class='ocrx_word' id='word_1_356' title='bbox 698 3789 794 3823; x_wconf 81' lang='lat' dir='ltr'><strong>rovere</strong></span> <span class='ocrx_word' id='word_1_357' title='bbox 807 3789 924 3838; x_wconf 79' lang='lat' dir='ltr'><strong>unquam</strong></span> <span class='ocrx_word' id='word_1_358' title='bbox 938 3774 1023 3823; x_wconf 87' lang='lat' dir='ltr'><strong>suerit</strong></span> <span class='ocrx_word' id='word_1_359' title='bbox 1035 3774 1167 3824; x_wconf 83' lang='lat' dir='ltr'><strong>habitum.</strong></span> 
     </span>
    </p>
   </div>
   <div class='ocr_carea' id='block_1_6' title="bbox 243 3853 1389 4126">
    <p class='ocr_par' dir='ltr' id='par_1_6' title="bbox 243 3853 1388 4124">
     <span class='ocr_line' id='line_1_36' title="bbox 310 3853 1388 3922; baseline 0.001 -16.03"><span class='ocrx_word' id='word_1_360' title='bbox 310 3853 569 3919; x_wconf 63' lang='grc' dir='ltr'><strong>ΙΙΕ*),Ι)ιιοι1ιιιειοΙ</strong></span> <span class='ocrx_word' id='word_1_361' title='bbox 586 3856 647 3917; x_wconf 84' lang='grc'><strong>155,</strong></span> <span class='ocrx_word' id='word_1_362' title='bbox 661 3857 1152 3920; x_wconf 82' lang='lat' dir='ltr'><strong>nbiOroesnsiyroooneiiiumdat,</strong></span> <span class='ocrx_word' id='word_1_363' title='bbox 1171 3859 1388 3922; x_wconf 72' lang='lat' dir='ltr'><strong>Ly-dosuteti‘s</strong></span> 
     </span>
     <span class='ocr_line' id='line_1_37' title="bbox 245 3911 1389 4006; baseline 0.003 -33"><span class='ocrx_word' id='word_1_364' title='bbox 245 3925 488 3984; x_wconf 81' lang='lat' dir='ltr'><strong>minetosreddet,</strong></span> <span class='ocrx_word' id='word_1_365' title='bbox 503 3894 814 3987; x_wconf 73' lang='lat' dir='ltr'><strong>Wsdhsmdtthellen</strong></span> <span class='ocrx_word' id='word_1_366' title='bbox 828 3925 1024 3976; x_wconf 79' lang='lat' dir='ltr'><strong>Alterthumelr.</strong></span> <span class='ocrx_word' id='word_1_367' title='bbox 1037 3927 1075 3988; x_wconf 91' lang='lat' dir='ltr'><strong>ll,</strong></span> <span class='ocrx_word' id='word_1_368' title='bbox 1088 3927 1113 3976; x_wconf 88' lang='grc'><strong>2,</strong></span> <span class='ocrx_word' id='word_1_369' title='bbox 1127 3943 1152 3991; x_wconf 89' lang='lat' dir='ltr'><strong>p.</strong></span> <span class='ocrx_word' id='word_1_370' title='bbox 1169 3911 1232 3976; x_wconf 73' lang='lat' dir='ltr'><strong>lis.</strong></span> <span class='ocrx_word' id='word_1_371' title='bbox 1245 3926 1279 3974; x_wconf 89' lang='lat' dir='ltr'><strong>II.</strong></span> <span class='ocrx_word' id='word_1_372' title='bbox 1294 3943 1320 4006; x_wconf 89' lang='lat' dir='ltr'><strong>p</strong></span> <span class='ocrx_word' id='word_1_373' title='bbox 1333 3927 1389 3976; x_wconf 85' lang='grc'><strong>352</strong></span> 
     </span>
     <span class='ocr_line' id='line_1_38' title="bbox 245 3989 1388 4058; baseline 0.003 -18"><span class='ocrx_word' id='word_1_374' title='bbox 245 3992 286 4040; x_wconf 86' lang='lat' dir='ltr'><strong>ed.</strong></span> <span class='ocrx_word' id='word_1_375' title='bbox 300 3989 370 4054; x_wconf 87' lang='lat' dir='ltr'><strong>sec.)</strong></span> <span class='ocrx_word' id='word_1_376' title='bbox 390 3993 510 4055; x_wconf 78' lang='lat' dir='ltr'><strong>quaerit,</strong></span> <span class='ocrx_word' id='word_1_377' title='bbox 529 3991 689 4042; x_wconf 84' lang='lat' dir='ltr'><strong>hucCroesi</strong></span> <span class='ocrx_word' id='word_1_378' title='bbox 708 3992 852 4042; x_wconf 89' lang='lat' dir='ltr'><strong>consiIinm</strong></span> <span class='ocrx_word' id='word_1_379' title='bbox 872 3993 969 4054; x_wconf 82' lang='lat' dir='ltr'><strong>exiis,</strong></span> <span class='ocrx_word' id='word_1_380' title='bbox 990 4009 1060 4058; x_wconf 85' lang='lat' dir='ltr'><strong>quae</strong></span> <span class='ocrx_word' id='word_1_381' title='bbox 1080 3995 1181 4044; x_wconf 86' lang='lat' dir='ltr'><strong>Grneci</strong></span> <span class='ocrx_word' id='word_1_382' title='bbox 1199 3994 1335 4057; x_wconf 80' lang='lat' dir='ltr'><strong>tyranni&#39;</strong></span> <span class='ocrx_word' id='word_1_383' title='bbox 1328 4011 1388 4044; x_wconf 79' lang='lat' dir='ltr'><strong>rem</strong></span> 
     </span>
     <span class='ocr_line' id='line_1_39' title="bbox 243 4032 1389 4126; baseline 0.004 -18"><span class='ocrx_word' id='word_1_384' title='bbox 243 4065 300 4108; x_wconf 89' lang='lat' dir='ltr'><strong>tum</strong></span> <span class='ocrx_word' id='word_1_385' title='bbox 314 4059 447 4119; x_wconf 84' lang='lat' dir='ltr'><strong>iecerint,</strong></span> <span class='ocrx_word' id='word_1_386' title='bbox 465 4074 528 4108; x_wconf 91' lang='lat' dir='ltr'><strong>num</strong></span> <span class='ocrx_word' id='word_1_387' title='bbox 541 4061 693 4124; x_wconf 84' lang='lat' dir='ltr'><strong>proiectum</strong></span> <span class='ocrx_word' id='word_1_388' title='bbox 706 4061 756 4120; x_wconf 87' lang='lat' dir='ltr'><strong>sit,</strong></span> <span class='ocrx_word' id='word_1_389' title='bbox 776 4076 810 4110; x_wconf 83' lang='lat' dir='ltr'><strong>on</strong></span> <span class='ocrx_word' id='word_1_390' title='bbox 824 4077 857 4110; x_wconf 83' lang='lat' dir='ltr'><strong>ex</strong></span> <span class='ocrx_word' id='word_1_391' title='bbox 871 4032 979 4110; x_wconf 69' lang='lat' dir='ltr'><strong>Graecis</strong></span> <span class='ocrx_word' id='word_1_392' title='bbox 992 4063 1100 4112; x_wconf 90' lang='lat' dir='ltr'><strong>omnino</strong></span> <span class='ocrx_word' id='word_1_393' title='bbox 1113 4063 1221 4112; x_wconf 84' lang='lat' dir='ltr'><strong>fluxerit</strong></span> <span class='ocrx_word' id='word_1_394' title='bbox 1232 4064 1389 4126; x_wconf 78' lang='lat' dir='ltr'><strong>sententie,</strong></span> 
     </span>
    </p>
   </div>
   <div class='ocr_carea' id='block_1_7' title="bbox 245 4125 1389 4258">
    <p class='ocr_par' dir='ltr' id='par_1_7' title="bbox 245 4125 1389 4258">
     <span class='ocr_line' id='line_1_40' title="bbox 245 4125 1389 4194; baseline 0.005 -20"><span class='ocrx_word' id='word_1_395' title='bbox 245 4125 348 4176; x_wconf 82' lang='lat' dir='ltr'><strong>frustra</strong></span> <span class='ocrx_word' id='word_1_396' title='bbox 361 4126 427 4175; x_wconf 91' lang='lat' dir='ltr'><strong>mihi</strong></span> <span class='ocrx_word' id='word_1_397' title='bbox 440 4141 571 4190; x_wconf 82' lang='lat' dir='ltr'><strong>quaerere</strong></span> <span class='ocrx_word' id='word_1_398' title='bbox 585 4127 700 4179; x_wconf 86' lang='lat' dir='ltr'><strong>videtur.</strong></span> <span class='ocrx_word' id='word_1_399' title='bbox 730 4129 825 4192; x_wconf 88' lang='lat' dir='ltr'><strong>Neque</strong></span> <span class='ocrx_word' id='word_1_400' title='bbox 840 4127 910 4177; x_wconf 79' lang='lat' dir='ltr'><strong>sirim</strong></span> <span class='ocrx_word' id='word_1_401' title='bbox 923 4127 995 4178; x_wconf 80' lang='lat' dir='ltr'><strong>tolio</strong></span> <span class='ocrx_word' id='word_1_402' title='bbox 1013 4129 1113 4180; x_wconf 85' lang='lat' dir='ltr'><strong>absunt</strong></span> <span class='ocrx_word' id='word_1_403' title='bbox 1126 4147 1142 4180; x_wconf 85' lang='lat' dir='ltr'><strong>e</strong></span> <span class='ocrx_word' id='word_1_404' title='bbox 1155 4147 1247 4194; x_wconf 80' lang='lat' dir='ltr'><strong>regum</strong></span> <span class='ocrx_word' id='word_1_405' title='bbox 1262 4130 1389 4180; x_wconf 80' lang='lat' dir='ltr'><strong>orienta-</strong></span> 
     </span>
     <span class='ocr_line' id='line_1_41' title="bbox 245 4193 607 4258; baseline 0.003 -14"><span class='ocrx_word' id='word_1_406' title='bbox 245 4193 310 4244; x_wconf 82' lang='lat' dir='ltr'><strong>lium</strong></span> <span class='ocrx_word' id='word_1_407' title='bbox 324 4209 396 4244; x_wconf 85' lang='lat' dir='ltr'><strong>more</strong></span> <span class='ocrx_word' id='word_1_408' title='bbox 411 4198 493 4258; x_wconf 84' lang='lat' dir='ltr'><strong>etque</strong></span> <span class='ocrx_word' id='word_1_409' title='bbox 506 4195 607 4245; x_wconf 89' lang='lat' dir='ltr'><strong>indole.</strong></span> 
     </span>
    </p>
   </div>
   <div class='ocr_carea' id='block_1_8' title="bbox 246 4271 1390 4480">
    <p class='ocr_par' dir='ltr' id='par_1_8' title="bbox 246 4271 1390 4480">
     <span class='ocr_line' id='line_1_42' title="bbox 312 4271 1387 4361; baseline 0.003 -32"><span class='ocrx_word' id='word_1_410' title='bbox 312 4275 366 4342; x_wconf 78' lang='grc'>***)</span> <span class='ocrx_word' id='word_1_411' title='bbox 384 4279 464 4329; x_wconf 87' lang='lat' dir='ltr'><strong>Ubi&#39;</strong></span> <span class='ocrx_word' id='word_1_412' title='bbox 457 4295 485 4328; x_wconf 86' lang='grc' dir='ltr'><strong>ιιι</strong></span> <span class='ocrx_word' id='word_1_413' title='bbox 502 4279 555 4328; x_wconf 87' lang='lat' dir='ltr'><strong>fine</strong></span> <span class='ocrx_word' id='word_1_414' title='bbox 573 4279 700 4342; x_wconf 82' lang='lat' dir='ltr'><strong>leguntur</strong></span> <span class='ocrx_word' id='word_1_415' title='bbox 717 4281 800 4330; x_wconf 83' lang='lat' dir='ltr'><strong>haee.</strong></span> <span class='ocrx_word' id='word_1_416' title='bbox 821 4271 903 4329; x_wconf 69' lang='grc' dir='ltr'><strong>ἐν</strong></span> <span class='ocrx_word' id='word_1_417' title='bbox 872 4295 925 4344; x_wconf 74' lang='grc' dir='ltr'><strong>γαρ</strong></span> <span class='ocrx_word' id='word_1_418' title='bbox 943 4277 982 4344; x_wconf 74' lang='lat' dir='ltr'><strong>cui</strong></span> <span class='ocrx_word' id='word_1_419' title='bbox 997 4280 1091 4330; x_wconf 72' lang='lat' dir='ltr'><strong>noti*</strong></span> <span class='ocrx_word' id='word_1_420' title='bbox 1068 4299 1089 4344; x_wconf 83' lang='grc' dir='ltr'><strong>ῳ</strong></span> <span class='ocrx_word' id='word_1_421' title='bbox 1053 4275 1165 4332; x_wconf 76' lang='grc' dir='ltr'><strong>Ιένι</strong></span> <span class='ocrx_word' id='word_1_422' title='bbox 1188 4274 1228 4331; x_wconf 77' lang='grc' dir='ltr'><strong>τὰ</strong></span> <span class='ocrx_word' id='word_1_423' title='bbox 1252 4275 1387 4361; x_wconf 74' lang='grc' dir='ltr'><strong>πάντα,</strong></span> 
     </span>
     <span class='ocr_line' id='line_1_43' title="bbox 246 4338 1390 4428; baseline 0.003 -31"><span class='ocrx_word' id='word_1_424' title='bbox 246 4348 431 4428; x_wconf 73' lang='lat' dir='ltr'><strong>quibuscum</strong></span> <span class='ocrx_word' id='word_1_425' title='bbox 424 4363 536 4423; x_wconf 76' lang='lat' dir='ltr'><strong>iungere</strong></span> <span class='ocrx_word' id='word_1_426' title='bbox 554 4346 621 4395; x_wconf 88' lang='lat' dir='ltr'><strong>hcet</strong></span> <span class='ocrx_word' id='word_1_427' title='bbox 628 4349 768 4426; x_wconf 85' lang='lat' dir='ltr'><strong>,qunoI,</strong></span> <span class='ocrx_word' id='word_1_428' title='bbox 790 4347 836 4398; x_wconf 86' lang='lat'><strong>103</strong></span> <span class='ocrx_word' id='word_1_429' title='bbox 855 4363 901 4397; x_wconf 83' lang='lat' dir='ltr'><strong>ere</strong></span> <span class='ocrx_word' id='word_1_430' title='bbox 903 4351 977 4396; x_wconf 84' lang='lat' dir='ltr'><strong>ant</strong></span> <span class='ocrx_word' id='word_1_431' title='bbox 997 4363 1051 4412; x_wconf 76' lang='lat' dir='ltr'><strong>noo</strong></span> <span class='ocrx_word' id='word_1_432' title='bbox 1070 4345 1174 4400; x_wconf 81' lang='lat' dir='ltr'><strong>rovd</strong></span> <span class='ocrx_word' id='word_1_433' title='bbox 1192 4338 1364 4413; x_wconf 55' lang='lat' dir='ltr'><strong>eivenit</strong></span> <span class='ocrx_word' id='word_1_434' title='bbox 1343 4367 1390 4417; x_wconf 79' lang='grc' dir='ltr'><strong>ην</strong></span> 
     </span>
     <span class='ocr_line' id='line_1_44' title="bbox 246 4403 1179 4480; baseline 0.004 -16"><span class='ocrx_word' id='word_1_435' title='bbox 246 4403 811 4479; x_wconf 74' lang='grc' dir='ltr'><strong>ποῖνταὸμοίωςᾶναπεφυρμένα,</strong></span> <span class='ocrx_word' id='word_1_436' title='bbox 833 4415 1098 4480; x_wconf 75' lang='lat' dir='ltr'><strong>adqueslooosvid.</strong></span> <span class='ocrx_word' id='word_1_437' title='bbox 1113 4423 1179 4468; x_wconf 87' lang='lat' dir='ltr'><strong>nott.</strong></span> 
     </span>
    </p>
   </div>
   <div class='ocr_carea' id='block_1_9' title="bbox 0 0 1513 4962">
    <p class='ocr_par' dir='ltr' id='par_1_9' title="bbox 0 0 1513 4962">
     <span class='ocr_line' id='line_1_45' title="bbox 0 0 1513 4962; baseline 0 0"><span class='ocrx_word' id='word_1_438' title='bbox 0 0 1513 4962; x_wconf 95' lang='lat' dir='ltr'><strong> </strong></span> 
     </span>
    </p>
   </div>
  </div>
 </body>
</html>
