3066 4964
510 403 775 466 CALLIOPE.
798 405 856 464 IX.
879 411 1011 468 90-92

1261 405 1320 468 351

152 590 154 594 '
188 581 276 660 ξεῖνε
297 574 421 665 Σάμιε,
447 571 491 644 σύ
516 576 554 644 dl
576 571 657 665 ἡμῖν
680 582 789 662 ποίεε,
818 570 903 654 ὅπως
925 569 1024 654 αὐτός
1047 599 1083 642 τε
1109 569 1188 652 dode
1211 579 1324 642 πίστιν

187 674 411 748 ἀποπλεύσεαι
429 678 485 746 καὶ
502 680 537 747 ol
551 673 616 746 odv
633 678 686 746 uel
706 673 814 756 ἐόντες
831 681 919 762 οἵδε,
944 665 966 763 ἦ
986 675 1049 763 μὲν
1072 681 1221 763 Σαμίους
1242 668 1324 763 ἡμῖν

188 776 384 868 προθύμους
402 783 537 847 ἔσεσθαι
555 775 756 868 συμμάχους.
792 775 902 846 Ταῦτα
919 803 954 846 τε
971 772 1037 865 ἅμα
1055 771 1195 863 ἠγόρευε
1213 776 1268 844 καὶ
1285 772 1369 850 τό92

188 885 287 968 ἔργον
312 881 468 968 προσῆγε.
508 873 627 947 αὐτίκα
653 874 716 967 γὰρ
742 882 777 946 ol
800 875 922 966 Σάμιοι
948 884 1060 946 πίστιν
1085 903 1121 945 τε
1147 877 1202 945 καὶ
1228 872 1325 966 ὅρκια

189 982 360 1048 ἐποιεῦντο
377 985 562 1068 συμμαχίης
580 980 655 1068 πέρι
673 975 754 1068 πρὸς
771 975 1027 1066 τούςἝλληνας.
1054 980 1159 1046 ταῦτα
1177 977 1214 1045 δὲ
1232 974 1325 1064 ποιή-

188 1101 304 1160 σαντες
328 1085 363 1150 οί
377 1079 439 1168 μὲν
455 1075 637 1148 ἀπέπλεον·
664 1075 745 1167 μετὰ
762 1081 876 1167 σφέων
900 1075 963 1167 γὰρ
989 1080 1119 1147 ἐκέλευε
1136 1080 1249 1148 πλέειν
1266 1075 1325 1148 τὸν

183 1175 459 1270 Ἡγησίστρατον,
484 1176 606 1250 οίοινόν
622 1175 659 1248 τὰ
676 1175 803 1268 οὔνομα
821 1178 1024 1267 ποιεύμενος.
1052 1184 1087 1249 oi
1110 1175 1323 1266 61Ἕλληνες,

189 1279 377 1370 ἐπισχόντες
406 1279 531 1370 ταύτην
559 1277 621 1368 τὴν
649 1274 792 1370 ἡμέρην,
827 1283 870 1369 τῇ
895 1274 1055 1372 ὑστεραίῃ
1086 1282 1324 1368 ἐναλλιρέοντο,

187 1385 434 1472 μαντευομένου
452 1403 512 1470 σφι
530 1379 707 1470 Δηϊφόνου
725 1384 786 1450 τοῦ
802 1377 969 1468 Εὐηνίου,
993 1376 1115 1470 ἀνδρὸς
1130 1377 1324 1450 Ἀπολλαινι-

188 1481 284 1573 ήτεω,
300 1479 522 1571 Ἀπολλωνίης
542 1483 579 1552 di
596 1485 654 1570 τῆς
673 1485 710 1552 έν
726 1485 774 1574 τῷ
782 1477 896 1575 Ἰωνίῳ
909 1480 1031 1574 κόλπῳ,
1050 1479 1183 1552 τοῦτὸν
1200 1483 1325 1572 πατέρα

188 1647 275 1696 fuisse
284 1647 383 1697 eminIs
393 1647 568 1697 menifestum
579 1653 629 1708 est,
641 1645 730 1711 quale,

188 1719 218 1762 nt
242 1715 281 1763 sit
305 1715 520 1779 Wesselingius,
547 1716 671 1778 Augusto
696 1713 731 1763 ad

187 1780 296 1831 Actium
310 1787 374 1831 ante
387 1783 476 1831 aciem
489 1781 591 1831 asellus
604 1797 665 1844 eum
678 1781 732 1830 usi-

188 1850 266 1898 nere
279 1848 368 1898 dedit:
382 1848 512 1911 Eutychus
523 1849 621 1906 domini,
635 1849 731 1898 bestiae

190 1915 271 1965 Nicen
288 1923 345 1966 erat
358 1931 458 1976 αουιειι,
476 1915 564 1980 inquit
577 1917 689 1966 Sueten.
702 1916 730 1963 in

187 1984 302 2048 August.
326 1981 369 2033 96.
411 1983 518 2032 Eadem
543 1999 576 2032 ex
599 1983 730 2047 supersti-

188 2051 272 2112 tione,
284 2066 340 2100 rem
350 2050 555 2100 memorabilem
566 2049 730 2114 aggressuri,

188 2132 236 2168 ees
253 2119 423 2182 potissImum
440 2116 648 2177 adsciscebant,
673 2116 731 2180 qui-

187 2185 239 2234 bus
247 2186 337 2248 smera
349 2185 463 2238 imminu,-
480 2184 521 2232 uti
533 2183 731 2248 Vespasianus,

188 2251 356 2316 Capitolium
378 2249 568 2310 dedicaturus,
592 2249 622 2298 in
639 2249 732 2299 Taciti

188 2318 283 2367 histor.
300 2317 348 2380 IV,
365 2315 399 2365 5³
421 2331 480 2365 eum
498 2316 589 2380 Lipsii
606 2317 681 2364 not.“
699 2341 731 2349 —

189 2385 232 2432 De
249 2383 334 2433 verbe
356 2376 477 2446 δέκομαι
495 2383 567 2431 conl.
592 2381 679 2430 ellatn
697 2381 732 2431 ad

189 2450 263 2510 Vlll,
285 2449 341 2499 114.
372 2442 499 2509 Οἰωνὸν,
520 2463 590 2513 qnae
603 2449 732 2498 intrare·

190 2516 232 2566 dit
243 2517 353 2578 vecula,
374 2517 403 2566 in
413 2516 571 2566 universum
587 2532 635 2582 pro
653 2521 733 2567 omine

190 2584 268 2648 peni,
286 2585 355 2634 satis
368 2589 447 2648 petet
464 2599 496 2634 ex
509 2583 630 2650 Euripid.
644 2585 732 2634 Phoe-

189 2651 255 2701 niss.
268 2649 331 2702 865:
355 2667 435 2716 quem
452 2651 540 2702 locum
558 2651 652 2702 sttulit
668 2652 732 2702 Vel·

191 2719 303 2768 ekcnar.
327 2719 390 2768 Alia
402 2719 466 2768 dedi
478 2719 513 2770 ad
525 2719 597 2771 Plut.
611 2720 698 2770 Flam.
707 2721 732 2770 7.

190 2802 215 2851 p.
233 2785 281 2849 96,
304 2786 403 2852 quibus
426 2787 487 2836 add.
506 2803 576 2852 quse
600 2788 734 2838 excitavit

190 2855 220 2902 11.
234 2854 280 2903 Fr.
294 2853 444 2904 Hermann.
459 2853 668 2906 Gottesdienstl.
687 2855 732 2906 Al-

188 2921 271 2972 terth.
284 2921 309 2970 d.
325 2921 435 2972 Griech.
448 2923 471 2983 §-
485 2921 527 2974 38.
540 2928 596 2974 not.
610 2922 635 2974 3.

197 2975 241 3063 ἲἦ
259 2980 323 3052 μὲν]
341 2989 442 3038 Merito
460 2991 501 3038 sic
519 2991 667 3055 repositum
684 3007 732 3055 pro

189 3071 207 3120 η
220 3050 292 3121 μὴν,
310 3060 341 3104 ut
353 3056 406 3117 III,
419 3053 460 3105 66.
478 3057 525 3118 lv,
541 3057 597 3118 164,
616 3058 664 3106 ubi
676 3059 732 3108 vid.

189 3128 256 3173 nott.
288 3123 356 3172 Iud.
374 3123 516 3187 Hertung:
542 3123 633 3174 Lehre
656 3140 681 3174 v.
705 3125 731 3174 d.

191 3189 300 3240 Griech.
314 3188 420 3238 Psrtilr.
434 3189 470 3238 ll.
484 3205 547 3255 pag.
561 3189 619 3240 391.

378 3355 443 3406 Cur.
462 3355 549 3407 XCII.

224 3450 315 3510 ταῦτα’
338 3472 368 3509 τε
391 3445 453 3522 ἅμα
477 3485 508 3493 -
533 3455 668 3524 προσῆγε]
693 3458 734 3508 Ad

191 3527 324 3578 cretionis
346 3531 508 3576 structuram
531 3525 587 3575 vid.
611 3525 665 3586 Ill,
688 3524 734 3576 13⁵

192 3594 285 3659 ibique
302 3599 370 3644 nott.
396 3592 562 3644 Velelrensr.
580 3593 736 3644 contulerat

191 3661 265 3722 VIII,
278 3661 302 3712 6.
314 3660 357 3710 97.
381 3662 435 3712 Ριο
447 3659 572 3727 προσῆγε
584 3675 654 3712 unus
666 3660 734 3710 Sen-

194 3730 275 3778 erolti
292 3729 377 3780 codex
394 3727 516 3794 προῆηε,
536 3730 605 3794 quod
623 3728 694 3778 idem
707 3731 735 3779 in

193 3803 311 3846 mentem
335 3803 451 3847 venerut
474 3796 735 3861 Schweighaeusere

193 3865 325 3914 vertenti:
358 3867 486 3928 μτοετττίι
509 3868 645 3928 nepotium,
675 3866 733 3915 sive

193 3931 299 3990 (Lerie.
314 3931 446 3985 Herodet.
459 3932 495 3981 II.
509 3947 536 3997 p.
549 3931 609 3996 230)
624 3947 734 3998 propre-

193 3997 317 4054 dictatur,
327 3999 478 4050 secedebat
486 4015 558 4064 epus.
573 4000 626 4050 Sed
635 4007 734 4066 postes

193 4063 292 4114 moluit
308 4066 337 4114 in
353 4067 427 4132 vulg.
441 4067 632 4131 acquiescere,
652 4081 733 4132 quern

194 4133 234 4180 lta
246 4131 453 4196 interpretetur:
469 4137 580 4186 sermoni
590 4151 643 4186 ren:
653 4141 734 4200 ipsam

193 4200 296 4258 adiecit,
319 4199 336 4246 i.
350 4216 373 4250 e.
392 4207 417 4250 εί
429 4218 481 4251 rem
498 4204 578 4266 ipsura
586 4207 734 4268 procudit:

193 4268 222 4316 in
240 4266 342 4314 Latina
359 4269 484 4318 versione
503 4274 568 4334 apte
586 4269 675 4322 locum
693 4277 734 4321 to-

193 4339 250 4384 tum
267 4333 307 4382 sie
321 4334 451 4386 reddidit:
469 4337 532 4386 Ιιαεο
548 4342 644 4390 lucratus
661 4355 675 4390 e
691 4355 732 4389 oe-

780 1647 856 1710 rupto
865 1663 918 1695 rem
927 1648 1035 1710 exsequi
1045 1647 1181 1710 cupressus
1189 1653 1237 1696 est.
1250 1645 1325 1696 Idem

782 1713 875 1778 placet
898 1714 1048 1763 Letronnio
1073 1714 1184 1776 (Journ.
1210 1713 1235 1762 d.
1260 1713 1323 1763 Sav.

785 1779 857 1830 1817.
870 1795 934 1846 pag.
941 1779 985 1842 44)
998 1781 1038 1829 sie
1052 1779 1190 1830 reddenti:
1204 1782 1325 1844 ilonpm't

782 1847 889 1898 cussildt
901 1849 962 1912 effet
975 1863 1029 1896 aure
1039 1851 1151 1910 puroles,
1169 1848 1240 1912 qued
1252 1849 1324 1897 idem

783 1916 839 1965 ello
857 1916 935 1964 :nodo
951 1915 1107 1964 Herodotus
1124 1917 1259 1979 expressit
1274 1916 1323 1976 Ill,

786 1981 845 2044 1353
864 1997 981 2046 nemque
995 1981 1030 2031 nd
1042 1979 1166 2046 προσῆγε
1178 1981 1251 2030 idem
1263 1982 1325 2032 sub·

782 2050 897 2110 ieetum,
913 2049 983 2114 quod
996 2049 1031 2098 ed
1043 2039 1171 2114 ἠγόρευε.

816 2115 913 2166 πίστιν
922 2130 952 2165 τε
965 2111 1014 2166 aul
1026 2105 1119 2182 ὅρκια]
1134 2115 1236 2165 Eodem
1247 2117 1325 2167 medo

783 2183 878 2232 iuuete
895 2183 1070 2259 iuvpniuntur
1083 2184 1131 2240 III,
1145 2184 1186 2232 74.
1205 2184 1251 2246 III,
1269 2183 1324 2234 106.

783 2250 815 2298 In
828 2250 925 2324 quibus
942 2264 1040 2312 ορκιον
1053 2251 1124 2300 idem
1137 2251 1195 2300 sere
1210 2265 1270 2300 esse
1284 2259 1326 2301 at-

783 2330 834 2380 que
847 2331 934 2378 ορκον
946 2317 1051 2365 monuit
1063 2317 1092 2366 O.
1101 2319 1130 2366 F.
1140 2319 1182 2367 W.
1195 2317 1325 2370 Mueller:

783 2384 825 2432 Ile
839 2385 896 2432 ritt.
911 2388 939 2432 et
951 2399 1089 2434 ceremon.
1104 2400 1168 2448 μσς.
1183 2382 1224 2434 16.
1247 2386 1327 2452 Apud

783 2449 973 2513 Thucydidem
994 2451 1045 2512 IV,
1064 2450 1095 2500 51
1120 2451 1248 2502 dicuntur
1265 2453 1327 2502 Chii

784 2511 1022 2584 ποιησάμενοι
1056 2510 1127 2581 πρὸς
1158 2508 1327 2584 Ἀθηναίους

784 2583 921 2643 πίστεις
942 2581 992 2634 ιια1
1010 2581 1195 2650 βεβαιότητα,
1222 2579 1253 2637 ἐκ
1271 2587 1328 2638 τῶν

786 2651 917 2703 δυνατῶν
937 2645 1031 2718 μηδὲν
1047 2649 1114 2716 περὶ
1131 2651 1207 2718 σφοῖς
1229 2649 1327 2706 croiss-

785 2735 837 2786 ρον
860 2713 1038 2782 βουλεύσειν,
1062 2721 1109 2770 ubi
1133 2721 1167 2772 de
1187 2721 1326 2774 locutione

785 2795 928 2840 monentes
945 2790 1112 2854 interpretes
1130 2789 1165 2840 ed
1183 2805 1244 2840 sem
1257 2795 1327 2842 reei-

784 2858 930 2922 prooitstis
942 2858 1082 2908 notionem
1101 2858 1207 2908 attendi
1220 2859 1324 2922 volunt,

784 2940 855 2989 qnae
878 2927 906 2974 in
924 2925 1009 2976 verbe
1027 2926 1119 2976 medlo
1141 2923 1327 2992 (notescitur)

783 2993 870 3056 inest,
889 3008 1014 3057 quseque
1031 2995 1116 3043 etlam
1134 2993 1168 3042 ed
1186 2993 1326 3044 1ιιιοοΗε-
1342 3041 1348 3050 ,

784 3061 872 3110 rodoti
890 3061 980 3110 lecum
998 3077 1030 3111 eo
1043 3062 1133 3125 magle
1146 3060 1235 3120 valet,
1256 3062 1328 3125 qued

785 3143 846 3178 mox
860 3129 983 3191 sequitur
999 3127 1090 3178 rariter
1103 3121 1136 3176 61
1154 3121 1327 3191 ποιήσαν-

784 3209 853 3256 τες,
873 3195 919 3243 ubi
938 3195 1022 3245 verbo
1040 3196 1133 3244 activo
1146 3194 1246 3244 Noster
1263 3211 1327 3244 eon·

784 3261 856 3310 enlto
873 3262 965 3310 utitur.
993 3262 1116 3326 Namque
1130 3261 1217 3310 Samii
1234 3262 1267 3310 de
1285 3277 1327 3311 so-

787 3329 890 3378 cietate
908 3328 1102 3377 iucundorum
1116 3329 1231 3377 GraeoIs
1245 3342 1328 3391 agen-

785 3400 827 3443 tes
851 3393 931 3443 fidem
956 3400 984 3442 et
1007 3394 1194 3444 iusiursndum
1213 3393 1329 3444 Graecis

786 3461 920 3510 dederunt
936 3465 1018 3524 atque
1031 3461 1066 3509 eb
1079 3461 1122 3509 lris
1135 3466 1227 3510 mutuo
1245 3477 1326 3511 eece·

785 3533 895 3593 perunt:
914 3527 1008 3592 itnque
1026 3519 1174 3578 ἐποιεῦντο
1191 3527 1220 3576 in
1237 3529 1327 3578 medie

785 3595 869 3645 verbo
893 3595 998 3660 posuit,
1023 3611 1085 3644 mox
1107 3589 1278 3660 ποιήσαντες
1298 3597 1327 3646 in

788 3662 879 3714 activo
889 3677 1002 3728 ponens,
1014 3661 1086 3728 qued
1096 3663 1243 3714 ndSsmios
1256 3664 1328 3714 seles

786 3731 838 3780 hoc
851 3731 985 3796 pertinet:
998 3729 1086 3796 qulbus
1095 3731 1175 3792 suetis
1186 3731 1327 3782 discedere

787 3803 945 3864 coeperunt.
968 3797 1034 3848 Inde
1046 3813 1130 3863 supra
1141 3799 1190 3862 III,
1204 3798 1231 3848 8:
1250 3790 1329 3860 α’τίις

785 3865 879 3924 πίστις
902 3862 1140 3946 ποιησάμενος
1164 3882 1270 3932 quoque
1289 3868 1328 3917 dl·

787 3935 864 3984 eitur.
885 3935 955 3984 Ante
969 3927 1113 3984 απέπλεον
1125 3935 1269 3984 Bekkerus
1282 3951 1327 3986 ex·

785 4001 887 4051 cidisse
905 4001 974 4051 scite
993 4003 1120 4052 coniicit:
1143 3995 1197 4066 μὲν
1214 3996 1277 4052 da'o.
1294 4029 1327 4039 -

785 4069 826 4118 Ad
839 4081 957 4134 sequens
975 4059 1171 4134 ἐναλλιρέοντο
1188 4071 1243 4120 vid.
1258 4077 1327 4122 nott.

785 4136 891 4196 stll,
907 4135 961 4186 134.

818 4193 1000 4268 Ἀπολλωνίης
1021 4197 1053 4255 δὲ
1070 4203 1121 4270 τῆς
1139 4196 1170 4255 ἐν
1186 4203 1224 4270 τῷ
1238 4195 1327 4270 Ἰυνίῳ

785 4264 895 4336 κόλπῳ]
921 4273 962 4322 De
987 4273 1111 4337 genitivo
1138 4272 1189 4322 hoc
1218 4273 1326 4322 adiecto

785 4339 848 4390 vide
872 4339 972 4390 Matth.
996 4339 1042 4390 Gr.
1062 4339 1109 4390 Gr.
1133 4341 1157 4400 §-
1174 4337 1221 4390 431
1247 4340 1326 4390 etde
