2984 4962
301 447 358 505 DH
382 446 485 508 VI'PA
507 447 564 506 HT
585 446 776 506 SORIPTIS
798 443 1033 506 HERODOTI.
1170 451 1231 512 463

103 617 278 670 Florentiuus
291 616 374 686 liber,
394 617 533 670 Sancroiti
555 615 624 668 liber
645 624 674 668 et
688 615 805 670 Parisini
826 617 933 670 codices
956 617 1030 670 nullo
1045 617 1122 670 modo
1144 618 1173 670 in
1189 618 1232 670 bis

102 702 304 754 consentientes
330 702 524 770 inveniuntur,
550 701 600 754 sed
628 718 686 754 eam
710 703 854 754 formarum
882 702 1067 756 diversitatem
1088 704 1231 772 praebent,

101 803 170 857 quae
184 787 329 858 quominus
348 787 458 856 singula
472 803 598 856 quaeque
611 786 646 838 ad
661 803 741 838 unam
756 793 856 840 certem
872 787 1007 857 quandam
1022 787 1106 856 legem
1122 793 1150 840 et
1168 805 1232 840 nor·

101 889 164 927 mam
186 879 397 936 revocarentur,
421 889 536 940 prorsus
558 871 673 923 obstitit.
697 873 795 942 ltaque
818 872 1087 940 Schweighaeuserus
1108 879 1136 924 et
1150 872 1232 924 Gaia·

102 957 220 1024 lordius,
243 974 260 1008 a
277 957 378 1026 quibus
399 956 482 1008 multa
504 956 532 1008 in
550 956 684 1008 Herodoti
702 957 794 1010 verbis
811 957 905 1010 melius
921 957 1072 1010 constituta
1086 975 1165 1024 esse,
1188 975 1232 1009 co-

100 1041 186 1095 dicum
200 1059 251 1111 ope
263 1041 441 1111 potissimum,
454 1040 549 1108 negari
560 1041 663 1108 nequit,
676 1049 763 1094 minen
776 1043 921 1094 formarum
931 1041 1003 1094 illam
1015 1041 1232 1110 discrepantiam,

101 1125 143 1178 vel
157 1127 186 1178 in
203 1143 258 1178 una
274 1126 421 1196 eademque
435 1143 500 1178 voce
517 1125 594 1178 modo
609 1126 643 1178 ud
658 1143 819 1180 communem
836 1127 995 1194 dialectum,
1009 1127 1087 1180 modo
1109 1127 1144 1179 ad
1158 1126 1232 1179 loni-

100 1228 155 1262 cam
181 1210 315 1263 flectenda
336 1211 450 1278 obvium,
470 1209 638 1264 nullomodo
660 1211 843 1279 sustulerunt,
866 1213 915 1264 sed
931 1213 1058 1264 intactam
1073 1212 1233 1281 plerumque

101 1295 279 1364 reliquerunt
312 1295 435 1349 Necdum
461 1295 531 1348 enirn
556 1295 601 1347 illa
628 1302 717 1348 aetate
743 1297 803 1366 ipsa
826 1297 999 1350 Herodoteae
1024 1296 1133 1350 dialecti
1164 1295 1232 1349 ratio

100 1379 255 1432 accuratius
280 1379 391 1448 cognita
415 1398 465 1434 nec
491 1380 581 1448 leges,
606 1397 675 1449 quas
701 1381 729 1434 in
760 1382 801 1434 bis
817 1381 945 1452 sequitur
964 1382 1138 1446 Herodotus,
1164 1380 1233 1432 satis

100 1471 179 1515 erant
201 1463 346 1531 inventae,
372 1465 439 1518 adeo
462 1473 492 1517 ut
512 1465 604 1534 aliqua
619 1483 678 1518 cum
693 1466 866 1520 certitudinis
886 1467 993 1536 specie,
1017 1467 1083 1537 quid
1101 1466 1233 1518 Nostrum

100 1548 212 1614 dixisse,
229 1565 362 1618 quamque
376 1552 486 1604 formam
500 1549 659 1602 adhibuisse
679 1558 811 1620 oporteat,
829 1552 957 1604 ailirmari
974 1551 1106 1621 potuerit.
1135 1551 1232 1619 ltaque

99 1639 163 1685 ante
185 1634 273 1686 omnia
296 1635 324 1686 in
347 1635 412 1688 baec
432 1637 493 1704 ipsa
510 1635 702 1705 inquirendum
717 1643 784 1704 erat,
802 1638 927 1706 beneque
945 1637 973 1688 id
988 1635 1076 1690 sensit
1091 1635 1232 1700 Matthiae,

100 1734 159 1770 curu
183 1717 211 1770 in
231 1725 299 1772 nott.
322 1720 357 1771 ad
371 1720 474 1774 Herod.
495 1721 533 1787 11,
554 1724 587 1772 87
609 1721 758 1774 scriberet:
796 1721 1024 1791 „Qualiscunque
1058 1721 1096 1772 sit
1125 1719 1233 1772 dialecti

100 1802 292 1868 „Herodoteue
313 1804 437 1872 licentis,
461 1806 537 1873 leges
562 1805 614 1857 etsi
636 1823 690 1858 non
711 1806 910 1873 invenerimus,
931 1823 994 1858 esse
1008 1813 1112 1872 manen,
1131 1805 1232 1876 quibus

99 1887 212 1953 „barura
226 1890 371 1942 formarunt
392 1891 426 1942 ad
447 1907 524 1944 suam
546 1905 671 1960 quaeque
690 1891 915 1944 consuetudinem
936 1890 1135 1959 restringatur,
1155 1907 1232 1942 nemo

98 1972 198 2037 „facile
215 1987 315 2042 negare
329 1975 440 2043 poterit.
476 1975 531 2028 Rea
549 1981 592 2028 est
612 1974 743 2042 longioris
764 1975 983 2047 disquisitionis,
1004 1991 1085 2045 quarn
1104 1982 1136 2044 ιιιΙ
1155 1973 1233 2027 brevi

98 2059 295 2122 „annotatione
321 2059 426 2112 absolvi
454 2061 574 2129 possit.“
607 2060 646 2112 lic
670 2062 799 2131 longioris
815 2062 997 2130 disquisitionis
1010 2061 1078 2112 banc
1096 2077 1151 2112 rem
1170 2077 1233 2112 esse

98 2159 163 2194 vere
174 2143 365 2212 pronuntiavit
372 2144 513 2198 Matthiae.
529 2144 597 2196 Cum
609 2144 679 2198 enim
689 2145 857 2212 Herodotus,
871 2152 901 2198 ut
912 2163 997 2216 supra
1007 2147 1059 2198 iarn
1070 2144 1232 2208 monuimus,

99 2244 131 2278 ea
145 2228 278 2280 sermonis
295 2229 381 2282 iorrna
391 2246 459 2282 usus
472 2230 516 2296 sit,
533 2245 603 2299 quae
619 2229 789 2282 diversarum
804 2229 980 2284 dialectorum
994 2231 1095 2283 formas
1110 2237 1138 2282 et
1149 2245 1232 2282 voces

98 2311 207 2366 admisit
231 2313 394 2383 easdemque
422 2331 477 2366 uon
504 2314 563 2366 sine
585 2313 700 2366 artificio
721 2315 836 2383 quodum
856 2322 918 2384 apte
934 2315 963 2366 in
982 2331 1065 2367 unum
1080 2313 1232 2376 coniunxit,

98 2397 191 2462 agitur
210 2413 265 2448 non
282 2404 385 2450 tanturn
407 2397 441 2449 de
464 2417 511 2464 eo,
536 2405 575 2462 ut,
591 2399 725 2467 quomodo
747 2398 776 2450 in
791 2399 909 2466 singulis
924 2399 1029 2452 Noster
1044 2398 1148 2466 egerit,
1164 2397 1233 2449 bano

99 2482 210 2532 formam
225 2497 371 2551 vocemque
386 2481 544 2548 admittens,
561 2483 631 2534 illam
647 2499 798 2552 respuens,
814 2491 940 2536 accurate
960 2491 988 2535 et
1009 2489 1084 2536 certo
1100 2481 1233 2534 constitui

100 2565 198 2634 possit,
214 2581 308 2620 rerum
322 2565 402 2620 etiam
416 2584 496 2636 quam
510 2567 622 2620 maxime
639 2568 692 2620 erit
706 2567 861 2636 ridendum,
879 2584 941 2620 nuru
956 2568 989 2636 is,
1006 2567 1092 2638 quiin
1104 2566 1232 2619 aliisior-

100 2650 151 2704 mis
166 2667 198 2702 ao
216 2649 330 2710 vocibus
346 2651 478 2719 lonicum,
500 2653 528 2706 in
549 2651 610 2706 aliis
632 2652 718 2721 inagis
732 2653 902 2706 Homericam
918 2659 946 2706 et
962 2653 1110 2723 poieticam,
1127 2651 1155 2702 in
1172 2649 1232 2702 aliis

99 2735 214 2788 Atticam
235 2735 376 2790 dialectum
397 2743 509 2791 secutus
530 2744 587 2804 est,
608 2737 637 2790 id
660 2754 770 2808 quoque
786 2737 939 2805 admiserit,
965 2745 996 2790 ut
1010 2753 1093 2790 unum
1108 2736 1233 2805 idemque

98 2820 259 2874 vccabulum
280 2821 357 2874 ruodo
372 2822 521 2876 secundum
536 2823 669 2892 Ionicum,
696 2823 773 2876 ruodo
789 2823 937 2877 secundum
952 2823 1121 2876 Homericum
1142 2819 1230 2890 poiti-

97 2923 225 2975 camque,
247 2906 324 2960 modo
346 2907 495 2960 secundum
510 2907 627 2962 Atticam
647 2918 696 2961 aut
716 2925 880 2962 communem
899 2908 1041 2961 dialectum
1056 2909 1186 2960 formaret
1201 2921 1232 2956 ac

97 2990 240 3058 flecteret,
262 2991 389 3060 quoniam
409 2993 458 3046 hac
478 2993 585 3063 ipsein
605 3012 635 3047 re
658 2993 795 3047 maximam
817 2993 1002 3048 differentiam
1022 3011 1053 3045 ae
1073 2991 1232 3044 varietatem

96 3076 231 3144 praebent
248 3075 309 3128 libri
324 3077 419 3147 scripti
436 3079 524 3130 adbuc
541 3079 658 3148 cogniti,
680 3079 810 3148 equibus
830 3079 897 3132 editi
912 3078 974 3130 libri
988 3079 1160 3147 prodierunt.
1193 3076 1232 3128 Aa

95 3160 201 3230 primus
220 3161 325 3230 exstitit
339 3161 403 3214 (lar.
415 3162 486 3215 Lud.
502 3163 613 3231 struve,
628 3165 676 3233 qui
688 3163 777 3217 tribus
792 3163 985 3233 speciminibus
1001 3164 1189 3231 Quaestionum
1201 3164 1234 3214 de

95 3247 210 3299 dialecto
229 3246 358 3300 Herodoti
375 3245 482 3315 eutem)
500 3248 621 3300 Ionicum
636 3249 770 3302 Herodoti
792 3267 941 3302 sermonem
956 3247 990 3300 ad
1009 3253 1099 3300 certas
1114 3246 1189 3314 leges
1204 3252 1232 3297 et

94 3330 132 3381 ad
147 3329 244 3382 iustam
260 3330 405 3384 formarum
428 3332 606 3386 constantiam
625 3351 755 3386 revocare
769 3333 890 3400 studuit,
908 3351 963 3402 quo
983 3339 1082 3384 certam
1099 3331 1159 3384 viro
1178 3329 1231 3381 cri-

94 3415 152 3468 tico
170 3413 253 3478 viam,
270 3430 350 3484 quarn
364 3414 391 3466 in
408 3413 525 3484 singulis
540 3417 633 3469 iormis
654 3417 788 3486 eligendis
806 3425 979 3488 sequeretur,
996 3423 1121 3485 pararet,
1137 3413 1232 3466 incon-

94 3497 217 3552 stuntiae
236 3498 276 3550 illi
296 3500 441 3552 formarum
461 3500 629 3569 singularum
649 3502 688 3554 ita
709 3503 834 3554 succurri
856 3520 939 3570 posse
954 3501 1119 3562 arbitratur,
1139 3505 1184 3566 ut,
1207 3497 1231 3548 si

93 3600 177 3656 quana
208 3584 319 3637 sormam
348 3583 473 3655 pluribus
503 3585 570 3638 locis
596 3587 701 3639 Noster
730 3587 881 3639 secundum
912 3586 1073 3656 optimorum
1102 3583 1232 3634 librorum

92 3667 285 3722 auctoritatem
311 3675 470 3723 constanter
499 3671 648 3738 tenuisset,
679 3671 790 3724 eandem
818 3687 929 3742 quoque
962 3671 989 3722 in
1022 3668 1137 3738 reliquis
1164 3666 1231 3718 locis

92 3755 187 3823 iisque
201 3755 306 3824 paucis,
321 3755 349 3808 in
373 3755 473 3826 quibus
489 3755 542 3808 alia
556 3757 642 3808 forma
658 3756 752 3821 obvia,
767 3755 853 3824 recipi
874 3755 955 3808 vellet
976 3753 1018 3807 vel
1035 3753 1131 3806 invitia
1154 3751 1231 3803 libris

91 3839 218 3908 scriptis.
248 3839 339 3894 Huius
364 3841 417 3894 viri
441 3841 604 3908 doctissimi,
621 3841 669 3912 qui
690 3857 797 3911 „pauca
814 3847 918 3893 tanturn
940 3839 1070 3910 quaedam
1086 3835 1235 3890 vocabulo-'

90 3941 154 3978 rum
171 3939 289 3991 genera,
311 3925 361 3978 sed
379 3925 474 3978 eximia
495 3933 522 3978 et
536 3925 678 3995 diligentia
694 3933 721 3978 et
744 3925 951 3996 perspicacitate
967 3923 1124 3990 tractavit,“
1143 3937 1231 3975 exem·

91 4010 168 4080 plum
187 4015 300 4062 secutus
320 4009 455 4065 Guillelm.
479 4009 640 4064 Dindorlius
661 4009 801 4081 reliquam,
823 4017 854 4063 ut
867 4010 926 4080 ipse
942 4010 995 4078 ait,
1013 4009 1114 4062 laboris
1129 4015 1231 4077 partem

97 4155 294 4169 ...an—n·—

101 4289 104 4294 r
123 4287 124 4292 ,
164 4237 188 4302 a)
207 4242 452 4309 Regimontii1828
470 4249 498 4296 et
515 4261 605 4311 seqq.;
624 4244 688 4294 inde
709 4245 781 4310 typis
799 4245 918 4310 repetita
936 4243 1092 4294 exstantia
1109 4241 1229 4294 eiusdem

91 4311 150 4364 viri
163 4309 238 4358 docti
252 4311 381 4375 Oprmcclir
392 4315 503 4374 selectis,
519 4330 589 4378 quae
603 4313 689 4363 edidit
702 4312 1013 4364 lac.'l'l1eodor.Struve
1027 4313 1141 4378 Lipsiae
1157 4309 1230 4362 1854.

91 4377 157 4430 Vol.
171 4377 205 4426 11.
219 4393 282 4442 pag.
296 4379 346 4429 ¹256
358 4397 431 4444 seqq.
466 4382 508 4430 ‘l'u
526 4381 597 4430 coni.
612 4396 682 4445 quae
699 4379 763 4430 olim
781 4380 814 4430 do
833 4381 877 4431 his
893 4380 975 4430 retuli
994 4382 1022 4430 in
1038 4379 1167 4430 Seebodii
1184 4379 1230 4426 Bi-

90 4444 193 4498 bliotb.
207 4445 295 4496 critic.
311 4445 383 4496 18211.
399 4449 432 4498 11.
446 4465 486 4500 nr.
498 4447 539 4498 98.
553 4465 616 4514 pag.
629 4447 680 4498 390
692 4463 749 4513 seq.
