3066 4964
235 439 295 501 342

670 429 933 490 HERODOTI

188 617 229 681 84
307 601 400 676 Ἐπεί
410 613 447 674 ’τε
466 605 503 672 dl
523 608 723 692 Μαρδονίου
742 603 880 692 δευτέρῃ
898 596 1002 696 ἡμέρῃ
1025 597 1177 692 ὁνειιρός
1194 597 1370 690 ἠφάνιστο,

234 703 294 778 ὑπ’
312 703 389 776 ὅτευ
407 706 468 794 μὲν
486 701 694 794 ἀνθρώπων,
712 701 749 773 td
767 699 900 790 ἀτρεκὲς
918 699 980 771 οὐκ
999 709 1061 793 ἔχω
1081 709 1205 791 εἰπεῖν,
1229 699 1372 783 πολλοὺς

236 813 275 878 de'
290 835 381 887 τινας
399 803 464 894 ἤδη
483 807 538 876 καὶ
556 801 789 884 παντοδαποὺς
808 801 935 890 ἤκουσα
951 802 1060 886 θάψαι
1079 802 1296 893 Μαρδόνιον,
1315 806 1371 873 καὶ

234 1005 384 1070 repereris,
404 1018 474 1067 quae
488 1017 541 1052 non
553 1017 662 1067 prorsus
675 1001 778 1052 similia

236 1089 296 1123 curn
314 1073 381 1133 siut,
402 1070 539 1120 accedant
557 1075 631 1119 certe
650 1069 778 1133 quodam·

236 1139 314 1190 modo
337 1139 372 1188 ad
390 1138 473 1187 talem
486 1137 607 1186 dentium
626 1138 778 1186 concretio·

234 1223 310 1264 nem,
329 1206 362 1256 de
376 1221 429 1269 qna
444 1204 598 1254 Herodotus
616 1203 718 1268 aliique
731 1218 778 1253 ve·

235 1280 323 1324 terum
343 1273 492 1338 scriptores
509 1274 654 1320 testantur.
683 1271 778 1335 Neque

236 1343 320 1391 etiam
333 1339 414 1405 ¹apud
432 1341 560 1404 antiquos
578 1337 699 1388 medicos
721 1337 779 1387 ulls

235 1409 315 1458 buius
324 1409 365 1456 rei
375 1407 491 1468 menti0;
505 1409 717 1456 commemorent
726 1405 778 1454 boc

235 1477 294 1526 sivo
315 1475 413 1524 vitium
434 1490 455 1523 s.
477 1489 594 1523 errorem
616 1478 732 1522 naturae
750 1473 779 1520 in

236 1541 440 1592 conformandis
453 1541 582 1590 dentibus
599 1555 654 1588 non
666 1540 719 1590 nisi
732 1539 778 1589 de·

237 1605 305 1660 cimi'
323 1609 395 1664 serti
419 1611 447 1657 et
466 1607 576 1672 septimi
600 1607 689 1656 seculi
713 1607 779 1656 artis

237 1675 360 1725 mcdicae
371 1675 466 1738 periti;
479 1690 531 1722 nec
545 1675 712 1724 recentiores
725 1689 780 1722 me·

237 1743 293 1791 dici
310 1743 365 1803 ita,
387 1747 417 1790 ut
429 1757 479 1806 par
494 1747 548 1798 est,
570 1757 626 1790 rem
645 1746 780 1790 tractasse

235 1809 375 1868 videntur,
402 1824 482 1874 quam
503 1812 572 1868 tum,
597 1808 779 1869 addiximus,

238 1876 427 1940 copiosissime
445 1875 577 1925 tractavit
589 1873 715 1924 Starlrius
728 1873 747 1924 l.
761 1875 779 1925 1.

236 1944 274 1992 Et
291 1958 351 1992 curn
369 1947 479 1992 veteres
495 1941 653 2007 plerumque
670 1943 778 1991 univer·

237 2009 324 2060 salem
341 2009 462 2059 dentium
484 2009 689 2060 concretionem
707 2025 779 2059 ccm-

237 2083 401 2140 memorent,
427 2077 596 2126 recentiores
614 2081 719 2126 tantum
736 2083 778 2126 ta·

238 2143 305 2201 lem,
324 2159 393 2208 quae
412 2159 466 2193 non
482 2159 590 2206 omnes,
608 2143 658 2193 sed
675 2143 780 2208 aliquot

239 2217 314 2262 certe
332 2211 429 2260 dentes
447 2210 672 2275 comprehendat,
692 2213 780 2276 euspi-

237 2280 310 2329 ceris
323 2279 415 2342 utique
428 2283 546 2340 veteres,
561 2279 607 2342 qui
619 2277 689 2328 talis
702 2293 780 2328 enar·

237 2351 311 2406 rant,
331 2346 462 2410 deceptos
482 2361 542 2396 esse
561 2351 666 2395 tartaro
684 2345 780 2395 dantes

236 2413 395 2464 involvente
409 2419 505 2463 ettam
518 2413 607 2463 solide
624 2413 715 2462 maest
733 2413 779 2462 ob·

237 2485 362 2546 tegente,
380 2485 411 2529 ut
428 2480 590 2538 intervalla,
610 2480 707 2544 quibus
724 2481 781 2530 siu-

258 2547 296 2596 uli
316 2547 541 2596 discriminantur
562 2547 671 2606 dentes,
697 2546 780 2610 plane

238 2565 384 2664 deleantur
401 2619 429 2662 et
445 2629 509 2663 vere
533 2615 612 2662 unius
629 2614 698 2662 ossis
716 2613 781 2662 den-

239 2683 307 2730 tium
325 2680 414 2730 locum
431 2683 593 2744 occupantis
606 2681 714 2744 speeies
734 2695 779 2728 ex·

239 2749 329 2796 sistet.
365 2747 418 2796 Sed
435 2747 481 2796 vix
500 2747 662 2796 crediderim
683 2747 781 2796 81118-

240 2814 361 2863 nodotum
385 2819 412 2861 et
433 2813 502 2862 elios
523 2828 610 2862 rerum
632 2814 781 2877 scriptores

240 2881 464 2930 accuratissimos
482 2879 587 2944 fideque
605 2879 780 2944 dignissimos

239 2948 280 2996 ita
298 2946 382 2995 luisse
400 2945 544 3011 deceptos:
569 2947 633 3010 quin
650 2961 781 2996 summam

239 3013 319 3063 fidem
336 3014 436 3063 mereri
452 3015 481 3062 in
499 3013 549 3062 tali
566 3029 595 3062 re
614 3015 683 3062 mira
702 3030 781 3064 cnar-

239 3080 340 3141 randa‚
366 3081 424 3130 iure
444 3095 547 3144 quoque
568 3081 692 3145 posuisse
714 3081 781 3131 mibi

239 3147 347 3198 videtur
359 3147 449 3197 stark.
463 3150 486 3208 ξ.
502 3147 541 3200 10.
558 3146 595 3196 ll.
610 3163 673 3212 pag.
683 3147 781 3200 13-15

238 3230 313 3280 seqq.
343 3215 396 3276 Qui
408 3215 479 3264 idem
492 3215 536 3266 vel
550 3216 578 3264 in
591 3231 690 3265 causas
703 3216 781 3266 buius

239 3281 306 3332 mali
330 3282 470 3346 inquirens
493 3283 516 3344 ἓ.
537 3281 568 3332 12
593 3284 725 3348 originem
747 3300 780 3334 ex

239 3350 356 3416 quadam
374 3350 495 3400 dentium
519 3349 708 3401 efformatione
726 3367 781 3402 non

237 3417 321 3485 plane
332 3417 457 3484 perfecta
470 3434 520 3468 nec
531 3433 640 3484 prorsus
654 3417 780 3468 absoluta

238 3487 353 3550 repetit,
380 3487 564 3550 eprimordiis
582 3485 656 3546 scil,
683 3487 781 3551 quibus

240 3554 336 3603 dentes
352 3553 516 3603 inchoantur
528 3553 645 3618 indeque
659 3554 780 3603 dentium

239 3621 440 3670 concretionem
450 3621 532 3671 docet
545 3636 604 3670 cum
618 3621 782 3686 imperfecta

239 3690 323 3738 totius
348 3689 470 3753 corporis
494 3689 658 3738 formatione
683 3689 782 3738 intima

240 3770 300 3803 esse
311 3756 485 3804 coniunctam
497 3756 710 3806 necessitudine,
724 3757 781 3807 Neo

239 3821 430 3884 improbabilis
458 3823 509 3872 viri
533 3823 692 3888 peritissimi
717 3839 780 3872 con-

240 3888 361 3947 iectura,
378 3887 450 3937 banc
467 3890 559 3938 rudem
578 3897 606 3939 et
623 3889 781 3940 inchoatam

239 3954 361 4004 dentium
375 3955 488 4004 sormam
507 3957 602 4007 adeas
619 3965 716 4022 gentes
735 3974 780 4007 ea-

240 4036 292 4086 que
309 4026 433 4086 tempora
450 4023 601 4087 pertinere,
620 4025 718 4089 quibus
733 4026 781 4076 bu·

240 4103 348 4137 manum
367 4103 454 4153 genus
471 4105 525 4138 non
543 4091 576 4139 ad
596 4107 655 4142 cem
673 4093 781 4143 absolu-

240 4156 355 4218 tionem,
375 4171 429 4221 qua
446 4171 517 4206 nunc
534 4160 673 4222 pervenit,
698 4159 782 4210 fuerit

239 4223 408 4290 productum.
434 4224 469 4274 Et
485 4223 552 4274 illud
565 4228 662 4276 merito
675 4228 782 4278 attendi

239 4292 299 4344 vult
323 4291 394 4342 idem
418 4291 524 4354 Stark„
559 4293 607 4343 hos
631 4294 728 4344 dentes
752 4297 780 4346 in

240 4375 321 4412 unum
339 4376 369 4410 os
382 4360 556 4412 continuatos
573 4367 635 4427 post
648 4362 780 4426 proelium

828 1001 995 1051 Plataeense
1020 1017 1080 1051 esse
1105 1005 1242 1066 repertos,
1267 1002 1295 1050 iu
1320 1017 1372 1066 qno

828 1069 970 1118 nationum
994 1084 1009 1118 e
1027 1067 1217 1119 remotissimis
1238 1073 1372 1118 terranrm

828 1137 988 1200 regionibus
1015 1137 1166 1188 accitarum
1191 1141 1219 1186 et
1242 1152 1275 1186 ex
1299 1137 1373 1186 omni

829 1209 908 1268 perte
920 1203 1024 1256 rudium
1039 1219 1072 1254 ac
1082 1203 1202 1254 ferarum
1212 1204 1296 1253 fuerit
1308 1219 1373 1254 con-

830 1287 925 1346 cursus
938 1271 1013 1388 (paq.
1021 1269 1059 1336 6).
1072 1297 1106 1308 -·-
1118 1271 1159 1320 sd
1170 1271 1257 1321 verba
1268 1286 1373 1320 πεντα-

830 1353 936 1403 ιιηχεος
948 1329 986 1388 αἰ(
1007 1330 1056 1401 ode
1073 1337 1104 1402 (i.
1118 1353 1142 1390 e.
1154 1339 1221 1396 viri,
1243 1340 1288 1403 qui
1300 1339 1326 1402 7,
1338 1339 1372 1388 at

830 1405 1022 1470 pedd.Rhenn.
1033 1404 1105 1454 altus
1116 1404 1171 1462 estl
1184 1397 1267 1455 ὀστέα
1277 1397 1373 1470 {polan

831 1471 934 1522 consul.
948 1471 1040 1522 Stark.
1052 1471 1070 1520 1.
1084 1472 1102 1522 1.
1115 1475 1138 1534 ᾗ.
1151 1473 1191 1521 22.
1205 1488 1270 1538 pag.
1282 1472 1307 1534 6,
1326 1474 1374 1538 qui

831 1539 911 1588 affert
929 1539 1055 1604 exempla
1073 1555 1107 1589 ex
1124 1541 1244 1604 antiquis
1258 1541 1373 1606 scripto-

831 1607 906 1656 ribus
931 1611 959 1656 et
982 1606 1181 1657 recentioribus
1205 1607 1374 1672 temporibus

831 1675 958 1738 repetita,
973 1674 1071 1738 quibus
1082 1689 1150 1724 sane
1162 1673 1229 1723 illud
1243 1673 1372 1736 eflicitur,

831 1742 919 1791 virum
933 1743 1050 1806 quinque
1068 1742 1221 1792 cubitorum
1240 1742 1374 1792 exsistere

831 1809 953 1874 potuisse
978 1824 1028 1858 nec
1052 1808 1105 1858 lide
1131 1824 1224 1858 carere
1249 1809 1375 1860 Herodo-

831 1881 905 1926 team
922 1877 1116 1926 narrationem.
1141 1877 1183 1926 Τιι
1196 1877 1269 1927 conf.
1288 1877 1374 1926 ctiam

830 1948 899 1994 nott.
914 1944 948 1994 ad
961 1943 983 2006 1,
996 1941 1037 1993 68.

982 2109 1049 2160 co.
1068 2071 1217 2161 nxxrnv.
1286 2099 1294 2116 '

842 2199 925 2262 'Erret'
932 2226 961 2261 τε
969 2205 1011 2276 dl]
1018 2212 1065 2262 Sic
1074 2211 1198 2278 plerique
1207 2211 1272 2261 libri
1278 2212 1375 2276 scripti

831 2279 961 2339 offerunt3
997 2279 1162 2328 Schaeserus
1185 2295 1233 2344 pro
1258 2269 1323 2328 luel
1343 2293 1375 2329 τε

831 2347 951 2396 correxit
963 2339 1081 2403 ἔπειτεν,
1096 2345 1247 2409 quodlicet
1259 2345 1333 2396 nullo
1346 2347 1375 2396 in

830 2411 901 2462 libro
919 2413 1042 2476 legatur,
1059 2418 1222 2477 receperunt
1237 2412 1374 2478 Schweig·
1467 2447 1472 2458 .

830 2481 980 2530 haeuserus
994 2485 1021 2529 et
1035 2479 1187 2540 Gaielord.;
1201 2481 1374 2530 contraldat·

831 2548 908 2597 tbiae
926 2547 1068 2612 vulgatam
1091 2537 1200 2596 ἐπείτε
1217 2539 1250 2596 dl
1272 2552 1373 2608 tuetur,

832 2629 892 2664 cum
910 2614 1039 2679 apodosis
1058 2615 1092 2664 ab
1112 2615 1158 2674 iis,
1182 2629 1252 2679 quae
1270 2614 1304 2664 de
1321 2614 1375 2664 hac

830 2697 859 2732 re
883 2681 1006 2746 disputet
1022 2682 1192 2744 Herodotus,
1222 2681 1306 2730 luerit
1327 2681 1375 2732 ab·

830 2754 945 2866 ipo-mm*
958 2742 1154 2866 lnestsvdqus
1168 2751 1261 2864 puppur
1279 2748 1375 2864 qelqpp

858 2831 980 2878 ronysrus
1010 2831 1063 2881 apu
1136 2831 1197 2865 usa
1232 2849 1237 2864 .
1268 2831 1310 2894 a·
1356 2833 1374 2865 1.

831 2881 1377 3000 81111(1111888138(

832 3007 898 3067 ἐπεί
908 3032 950 3075 τε,
969 3017 1041 3082 quod
1059 3017 1183 3081 equidem
1198 3023 1225 3066 et
1237 3018 1296 3082 ipsc
1310 3018 1375 3066 reti-

831 3084 949 3134 nendum
971 3083 1048 3146 duxi,
1071 3083 1247 3134 licet'oratio
1264 3089 1376 3150 propter

831 3151 918 3201 multa
941 3152 1026 3202 verba
1049 3151 1196 3201 interiecta
1219 3151 1375 3216 impeditior

831 3220 869 3268 sit
886 3224 968 3298 atque
987 3219 1115 3284 apodosis
1128 3219 1234 3267 demum
1253 3235 1269 3267 a
1281 3219 1375 3268 verbis

833 3279 890 3351 ἔχει
904 3284 936 3336 de
949 3301 1014 3338 τινα
1028 3277 1116 3350 φάτιν
1129 3303 1154 3348 ιι.
1168 3301 1192 3336 τ.
1205 3285 1228 3335 l..
1243 3281 1375 3337 constitui

832 3354 933 3418 possit:
954 3353 1054 3417 quade
1073 3369 1100 3402 re
1114 3352 1229 3402 Bredov.
1247 3369 1311 3418 pag.
1328 3353 1376 3403 108

831 3421 965 3470 Herodoti
988 3421 1075 3470 verba
1097 3420 1241 3486 proterens
1264 3425 1293 3469 et
1317 3421 1375 3470 vul·

831 3494 915 3553 gatae
945 3489 1123 3552 patrocinans
1150 3487 1222 3536 hacc
1250 3488 1375 3552 scripsit:

833 3557 945 3616 „Quam
963 3555 1035 3604 inter
1051 3555 1176 3619 protasia
1196 3559 1224 3603 et
1242 3555 1377 3619 spodosin

833 3623 962 3678 inseruit.
982 3637 1035 3672 non
1054 3627 1129 3672 certo
1147 3622 1274 3678 sessim,
1293 3637 1310 3670 ιι
1322 3637 1377 3687 quo

832 3690 969 3740 Mardonii
992 3689 1112 3739 cadaver
1135 3693 1210 3738 esset
1228 3689 1375 3754 sepultum.

833 3773 893 3807 cum
910 3757 1003 3822 plures
1015 3757 1042 3806 id
1060 3757 1094 3806 dc
1107 3771 1136 3806 se
1149 3757 1376 3821 praedicassent:

831 3815 884 3875 ὑπ’
904 3839 970 3875 oreo
991 3817 1044 3890 pls
1066 3813 1231 3887 civdpcs‘smw
1254 3839 1281 3873 ιι.
1299 3840 1322 3874 τ.
1341 3827 1375 3880 t..

833 3893 930 3957 quibus
955 3891 1120 3958 respondent
1140 3881 1262 3948 πολλοὺς
1282 3886 1316 3941 de'
1337 3907 1375 3942 τι·

833 3975 884 4016 νας
900 3987 933 3995 -
949 3952 1059 4024 ἤκουσα
1080 3975 1106 4008 ιι.
1124 3974 1147 4009 τ.
1166 3959 1190 4008 λ.
1227 3959 1377 4024 Postquam

832 4042 898 4076 vero
923 4027 1043 4076 cadaver
1061 4025 1199 4076 Mardonii
1222 4026 1310 4076 altero
1331 4027 1377 4076 die

832 4093 993 4144 subductum
1007 4095 1074 4154 suit,
1093 4093 1180 4144 habet
1191 4093 1316 4144 nonnihil
1333 4094 1377 4144 la-

832 4175 893 4209 mae
917 4159 1146 4226 Dionysophanes
1173 4161 1215 4210 vir
1238 4161 1378 4226 Ephesius

832 4227 977 4292 sepeliisse
1001 4227 1185 4288 Mardonium,
1212 4243 1378 4294 quamquam

834 4295 915 4344 etiam
930 4293 978 4344 alii
991 4295 1083 4360 plnres
1100 4295 1127 4344 id
1140 4296 1173 4346 de
1186 4311 1216 4346 ss
1230 4295 1378 4362 praedica·

831 4367 943 4426 verunt,
962 4362 1034 4412 unde
1047 4368 1152 4414 certum
1164 4379 1218 4414 non
1230 4363 1322 4414 babeo
1335 4363 1377 4414 di-
