2984 4962
258 475 319 536 434
666 469 982 531 ΟΟΜΜΕΝΤΑΤΙΟ

259 645 317 696 160.
342 641 402 694 Vol.
420 643 441 694 l.
465 661 492 714 p.
509 645 559 698 317
582 641 643 695 coll.
661 641 713 710 vl,
730 645 772 697 37.
795 641 856 696 Vol.
873 643 924 696 111.
940 661 1004 713 pag.
1021 645 1073 698 269
1094 649 1177 714 atque
1200 645 1233 696 de
1247 645 1404 708 Hellaniro,

258 726 337 778 euius
353 726 439 779 libros
452 735 483 780 ut
492 727 633 780 Herodoto
646 727 771 797 cognitos
783 728 887 779 luissse
900 735 1032 794 statuam,
1049 729 1271 799 quemadmodum
1284 731 1404 800 quibus-

257 811 315 862 dam
331 811 468 881 placuisse
487 813 576 880 video,
592 813 641 864 abs
657 829 698 864 me
710 811 853 880 impetrare
869 812 940 865 haud
955 831 1076 884 possum,
1094 831 1153 866 cum
1168 819 1243 866 certa
1258 815 1343 867 huius
1362 816 1404 867 rei

256 895 358 948 indicia
382 897 474 950 desint
501 898 604 950 omnia:
630 897 706 951 immo
732 902 806 949 recte
828 897 891 949 mihi
908 905 1031 951 statuere
1048 899 1159 952 videtur
1174 899 1337 954 Dahlmann.
1357 899 1403 969 (in

255 980 389 1034 Herodot.
406 1001 433 1052 p.
453 983 526 1050 127),
551 990 578 1035 et
593 981 777 1044 Hellanicum,
798 983 845 1052 qui
861 983 1002 1034 Herodoto
1019 983 1073 1036 luit
1088 1001 1142 1036 non
1158 983 1241 1037 multo
1258 984 1403 1051 iunior*),

256 1071 284 1117 et
304 1065 473 1120 Herodotum
495 1069 534 1119 ita
559 1067 723 1136 scripsisse,
747 1073 777 1118 ut
799 1075 897 1119 neuter
919 1067 1034 1120 alterius
1051 1069 1155 1139 scripta
1169 1069 1279 1138 cognita
1296 1069 1404 1122 habue-

261 1150 355 1218 rim).
388 1151 452 1214 Quo
477 1159 504 1205 et
527 1152 593 1204 illud
613 1153 692 1218 lacit,
715 1151 787 1221 quod
809 1151 948 1204 Sturzium
971 1153 1005 1204 ad
1020 1153 1156 1206 Hellanici
1178 1157 1300 1222 fragmm.
1318 1171 1347 1222 p.
1368 1157 1404 1206 lu

256 1235 421 1289 observasse
430 1239 524 1290 video:
536 1237 705 1289 Herodotum
713 1236 826 1304 primum
839 1237 890 1288 sibi
903 1237 991 1290 videri
1003 1255 1141 1308 exponere
1154 1239 1187 1292 de
1199 1240 1404 1292 constitutione

256 1321 425 1390 reipublicae
448 1322 600 1376 Laconicae
624 1320 670 1386 vl,
687 1324 730 1386 55,
746 1321 870 1390 quamvis
892 1339 906 1373 e
927 1322 1063 1374 Strabone
1079 1329 1187 1392 pateat,
1206 1324 1257 1376 iam
1272 1323 1404 1376 Hellani-

254 1423 313 1458 cum
334 1425 365 1458 ea
385 1408 418 1459 de
433 1425 463 1459 re
478 1408 578 1476 egisse.
604 1406 693 1476 Atque
709 1405 778 1457 idem
794 1405 924 1458 Sturzius
942 1407 960 1458 Ι.
978 1407 994 1458 l.
1010 1425 1038 1477 p.
1058 1411 1159 1462 13-16
1181 1409 1246 1461 talia
1266 1411 1368 1474 affert,
1389 1429 1405 1462 e

254 1491 356 1560 quibus
388 1491 557 1545 Herodotum
585 1491 679 1562 potius
712 1491 745 1541 ab
773 1489 916 1543 Hellanico
942 1493 1113 1562 compilatum
1139 1494 1227 1547 luisse
1253 1493 1404 1550 coniicias.

253 1575 326 1627 Hinc
352 1593 419 1628 vero
444 1577 619 1630 diiudicanda
636 1581 726 1641 erunt,
754 1591 824 1646 quae
841 1575 994 1643 Dionysius
1013 1577 1270 1632 Halicarnassensis
1292 1579 1327 1630 ad
1345 1579 1403 1634 Cn.

255 1659 375 1728 Pompei.
393 1679 419 1730 p.
442 1665 489 1714 128
512 1661 639 1730 scripsit:
653 1653 912 1727 Ἡρόδοτος-τοῖν
932 1656 997 1729 πρὸ
1020 1655 1128 1715 αὐτοῦ
1146 1661 1330 1733 συγγραφέων
1357 1683 1406 1732 γε·

253 1742 376 1812 νομένων
391 1739 551 1800 Ἑλλανίκου
574 1741 604 1798 δὲ
625 1743 673 1798 καὶ
692 1739 826 1812 Χάρωνος
845 1739 897 1813 τὴν
918 1739 1008 1816 αὐτὴν
1029 1741 1169 1802 ὑπόθεσιν
1187 1737 1406 1816 προεκδεδωκό-

252 1847 308 1881 των
323 1823 374 1883 οὐκ
390 1823 572 1901 άπετράπετο,
588 1823 647 1883 ἀλλ’
664 1825 821 1884 ἐπίστευσεν
836 1823 928 1884 αὐτῶν
943 1827 1070 1900 κρεῖσσόν
1083 1851 1109 1886 τι
1124 1827 1248 1904 ἐξοίσειν,
1263 1826 1334 1901 ὅπερ
1350 1834 1403 1888 καὶ

252 1916 395 1984 πεποίηκε.
423 1917 534 1980 Quibus
557 1917 667 1967 obstare
682 1915 822 1982 videntur,
839 1931 909 1986 quaa
925 1933 958 1969 ex
974 1917 1129 1988 Porphyrio
1151 1919 1237 1970 refert
1251 1919 1403 1971 Eusebius

255 1999 282 2051 in
298 1999 456 2070 Praeparat.
475 1999 608 2068 Evangel.
629 1999 662 2067 X,
683 2003 708 2054 3.
726 2017 790 2068 pag.
810 2001 862 2054 466
883 2001 931 2070 (Τ.
950 2003 985 2054 ll.
1003 2021 1030 2072 p.
1047 2007 1098 2056 451)
1114 2003 1287 2069 Gaislord.):
1306 2001 1358 2056 καὶ
1376 2009 1407 2058 τί

251 2078 317 2153 ὑμῖν
340 2083 421 2156 λέγω,
444 2081 481 2148 ὡς
500 2083 534 2139 τά
557 2079 712 2158 βαρβαρικά
734 2079 838 2154 νόμιμα
852 2077 1013 2140 Ἑλλανίκου
1038 2082 1067 2142 ἐκ
1088 2089 1144 2141 τῶν
1164 2080 1320 2156 Ἡροδότου
1348 2089 1402 2142 καλ

252 2164 386 2238 Δαμάσου
415 2171 479 2240 (leg.
500 2165 681 2240 Δαμάστης
710 2187 770 2222 nam
787 2165 936 2239 Δαμάστης
953 2172 1088 2224 Hellanici
1115 2171 1268 2242 discipulus
1292 2173 1405 2226 dicitur

252 2256 323 2324 apud
337 2255 448 2308 suidam
465 2275 488 2308 s.
510 2275 534 2308 v.
550 2249 713 2325 Δαμάστης)
729 2257 878 2324 συνῆκταιε
898 2257 970 2308 unde
985 2257 1120 2310 Herodoti
1145 2258 1247 2309 scrinia
1269 2257 1402 2310 Hellani-

251 2357 310 2392 cum
338 2341 498 2410 compilasse
523 2359 555 2393 eo
580 2341 666 2409 magis
683 2340 796 2409 credas,
822 2341 895 2410 qnod
911 2359 978 2394 sane
994 2341 1124 2394 nonnulla
1140 2359 1172 2394 ex
1194 2343 1244 2394 hoc
1258 2341 1401 2396 Hellanici

253 2443 336 2494 opere
358 2427 552 2494 proteruntur,
578 2445 637 2480 cum
658 2425 824 2479 Herodoteis
851 2425 889 2478 ita
911 2427 1102 2494 congruentia,
1127 2427 1237 2480 atinde
1254 2427 1338 2480 ducta
1356 2431 1402 2482 vi-

251 2509 384 2562 deantur:
399 2513 446 2564 sed
466 2512 535 2564 satis
550 2513 704 2580 probarunt
719 2511 771 2564 viri
787 2511 859 2563 docti
876 2511 991 2581 (hliiller
1009 2513 1143 2580 Fragmm.
1162 2512 1225 2564 hist.
1250 2514 1355 2565 Graec.
1376 2515 1400 2569 l.

251 2613 278 2664 p.
300 2593 372 2646 XXX
390 2613 479 2666 seqq.,
502 2595 606 2649 Preller
631 2597 671 2648 De
687 2595 828 2648 Hellanico
845 2595 947 2648 Lesbio
971 2615 999 2665 p.
1021 2599 1047 2662 5,
1070 2597 1101 2648 Α.
1124 2596 1158 2648 de
1182 2597 1347 2650 Gutschmid
1371 2599 1400 2651 in

251 2679 385 2747 Philolog.
408 2681 441 2733 X.
463 2699 489 2750 p.
513 2683 563 2734 588
581 2683 652 2751 seq.)
674 2680 784 2750 ipsique
804 2679 855 2732 iam
876 2697 960 2750 surpra
976 2681 1003 2732 in
1020 2689 1091 2733 nott.
1107 2681 1141 2733 ad
1158 2681 1204 2749 1V,
1225 2685 1259 2734 tto
1275 2681 1338 2734 Vol.
1358 2683 1401 2734 11.

250 2781 277 2833 p.
294 2767 345 2816 4811
360 2765 522 2832 monuimus,
539 2765 582 2816 hic
598 2764 772 2832 cogitandum
784 2783 846 2816 esse
861 2765 894 2817 de
911 2765 1073 2834 posterioris
1090 2766 1188 2819 aetatis
1207 2783 1300 2834 opere,
1319 2769 1401 2836 quod

250 2849 303 2900 sub
331 2850 400 2902 lulso
417 2849 552 2902 Hellanici
576 2849 683 2902 nomine
709 2849 848 2916 vulgatum
875 2857 926 2902 est.
962 2851 1057 2920 ltaque
1075 2849 1101 2902 in
1125 2869 1156 2903 ea
1176 2851 1400 2921 sententiaper-

250 2933 329 3002 sisto,
347 2941 378 2986 ut
392 2951 482 3004 neque
500 2933 669 2986 Herodotum
690 2933 723 2984 ab
738 2933 891 2998 Hellanico,
909 2951 998 3004 neque
1014 2935 1183 2988 Hellanicom
1198 2935 1232 2986 ab
1247 2935 1401 2990 Herodoto

249 3019 397 3072 adhibitum
425 3037 487 3071 esse
513 3017 670 3070 existimem.
706 3020 835 3072 Cadmum
856 3019 997 3086 Milesium,
1026 3035 1108 3073 unum
1134 3039 1149 3072 e
1171 3019 1273 3090 prioris
1288 3023 1400 3074 aetatis

249 3103 436 3172 lngographis,
454 3120 516 3154 num
532 3101 691 3154 Herodotus
706 3103 816 3155 noverit
830 3112 912 3174 atque
930 3105 956 3155 in
975 3123 1057 3174 opere
1074 3122 1135 3171 suo,
1156 3105 1201 3157 ubi
1218 3105 1251 3157 de
1260 3106 1399 3176 Aegypto

249 3189 380 3258 disputat,
398 3187 560 3257 respexerit,
577 3187 647 3239 haud
661 3188 806 3240 affirmem:
829 3189 888 3240 lieri
911 3195 984 3242 certe
1004 3190 1031 3241 id
1047 3190 1172 3259 potuisse
1189 3190 1332 3242 contendit
1363 3193 1400 3244 A.

252 3273 285 3324 de
307 3273 468 3325 Gutschmid
491 3271 508 3322 Ι.
531 3271 549 3322 Ι.
566 3289 628 3341 pag.
645 3275 696 3324 522
723 3289 782 3342 seq.
808 3273 888 3336 Quae
906 3289 964 3326 cum
989 3275 1027 3326 ite
1054 3275 1119 3342 sint,
1147 3291 1220 3327 arnus
1247 3281 1323 3327 certe
1351 3285 1400 3328 est

249 3359 408 3423 Hecataeus,
436 3373 515 3426 quem
531 3357 635 3409 Noster
660 3357 786 3426 pluribus
808 3375 875 3411 sane
891 3359 957 3410 locis
976 3359 1106 3428 respexit,
1122 3359 1283 3428 praesertim
1299 3359 1326 3411 in
1348 3360 1399 3428 iis,

248 3547 304 3592 turn
322 3540 437 3606 legitur:
460 3539 531 3604 „hoc
556 3541 639 3589 etium
659 3537 768 3590 Charon
790 3541 996 3605 Lampsacenus
1014 3541 1154 3592 Herodoto
1178 3543 1253 3606 prior
1271 3542 1397 3603 trutlit,“

249 3609 359 3658 minime
379 3623 439 3657 cam
462 3609 517 3656 vim
539 3607 641 3657 habore
660 3612 760 3672 potest,
786 3615 816 3658 ut
834 3607 987 3658 Charonem
1011 3609 1046 3658 ab
1069 3609 1209 3659 Herodoto
1233 3609 1397 3662 consultum

250 3681 298 3726 nrrt
316 3675 481 3740 exscriptum
500 3690 561 3726 csso
581 3675 776 3725 existimemus.
812 3676 854 3724 Tu
873 3677 944 3726 conl.
965 3677 1049 3725 etium
1068 3677 1175 3726 Milller.
1195 3677 1334 3742 Frugmm.
1351 3679 1396 3729 hi-

249 3745 359 3792 storice.
380 3743 495 3792 Graece.
515 3740 565 3807 (1.)
583 3757 646 3808 pag.
666 3744 729 3794 XVI
747 3759 821 3808 seqq.

317 3808 344 3875 ¹¹)
367 3811 444 3860 Vixit
467 3812 539 3860 enim
561 3811 737 3869 Hellanicus,
762 3818 792 3861 ut
816 3811 869 3860 iarn
893 3827 976 3877 supra
993 3814 1016 3872 §-
1036 3810 1052 3860 u
1070 3811 1115 3864 lin.
1134 3811 1278 3862 bliillerum
1297 3817 1396 3864 secuti

248 3879 407 3940 statuimus,
426 3879 499 3928 intra
518 3893 603 3928 annos
620 3878 753 3928 482-391
773 3883 836 3929 unte
855 3879 918 3928 Chr.
938 3895 964 3929 n.
983 3879 1138 3929 Herodotus
1157 3884 1196 3942 (v.
1215 3895 1299 3945 supra
1317 3883 1344 3942 8.
1365 3883 1394 3936 lt

249 3951 329 3996 iratus
349 3951 390 3994 ost
408 3945 458 3994 484
477 3951 541 3996 ente
555 3945 610 3995 Chr
636 3961 663 3996 n.
683 3946 740 4012 (vel
753 3945 813 4008 489)
832 3951 861 3996 et
878 3947 948 3997 vixit
966 3953 1040 3997 certe
1054 3963 1139 4012 usqne
1159 3947 1193 3997 ad
1212 3963 1312 3998 annum
1326 3950 1395 4010 424,

248 4013 292 4065 vel
312 4014 397 4062 etiarn
416 4013 521 4078 aliquot
539 4029 624 4064 annos
644 4014 774 4080 amplius;
792 4014 847 4064 vid.
867 4017 891 4076 §-
910 4015 933 4063 7.
1468 4067 1469 4093 ,

316 4077 358 4146 *1)
376 4081 451 4130 Idem
469 4086 625 4132 statuerunt
643 4083 673 4131 C.
692 4082 793 4132 Miiller
814 4081 949 4146 Fragmm.
969 4083 1041 4132 Hist.
1067 4083 1090 4133 I.
1108 4100 1134 4148 p.
1154 4083 1258 4144 XXIX,
1278 4084 1396 4134 Preller

247 4149 289 4198 Do
308 4149 455 4199 Ilellanico
474 4149 575 4200 Losbio
594 4167 657 4215 png.
676 4151 709 4200 52
727 4154 755 4199 ct
773 4149 968 4214 quodammodo
987 4152 1070 4200 etiem
1088 4151 1179 4201 Mure:
1200 4151 1315 4215 History
1331 4158 1391 4202 otc.

248 4216 295 4266 lv.
314 4233 340 4282 p.
359 4215 416 4268 308.
436 4217 526 4267 Unum
544 4219 655 4268 obstare
674 4217 789 4277 videtur,
809 4217 880 4282 quod
898 4219 927 4266 in
945 4217 1062 4268 Scholiis
1081 4219 1115 4268 nd
1135 4217 1279 4284 Sophoclis
1298 4221 1394 4270 verbe

248 4275 363 4347 erictop’
382 4277 426 4350 ἔχε
441 4286 467 4334 in
481 4285 626 4360 Philoctet.
640 4283 688 4333 201
701 4285 866 4349 adscriptum
877 4284 990 4350 legitur:
1009 4278 1040 4335 τό
1054 4279 1085 4336 δὲ
1099 4285 1211 4336 τοιοῦτο
1224 4285 1392 4350 uellantur,

248 4343 290 4403 ὅτι
308 4343 471 4410 Ἑλλάνικός
494 4367 577 4402 ποτε
600 4344 852 4416 αναγινάσιιιυυ
873 4349 911 4403 τά
934 4343 972 4402 Ἢ
999 4349 1129 4404 adalrao
1162 4355 1274 4418 respicit
1293 4355 1329 4404 nd
1352 4357 1391 4408 11.

249 4420 305 4478 171.
324 4421 371 4470 nbi
395 4420 448 4470 vid.
472 4423 538 4468 nott.
562 4419 620 4471 Vol.
646 4421 666 4468 1.
687 4435 713 4484 p.
731 4419 792 4482 814)
811 4415 902 4504 ἔλεγε·
925 4369 992 4498 περ1
1014 4415 1046 4471 dl
1068 4354 1160 4472 roivdd
1182 4437 1232 4487 μοι
1257 4411 1391 4499 apocopa

247 4489 364 4547 κείσθω,
384 4478 418 4537 ori
431 4485 552 4548 διαιρῶν
564 4479 605 4542 εἰς
618 4479 670 4534 δύο
683 4481 779 4547 λέξεις,
799 4477 851 4537 atu
881 4479 918 4548 oie
930 4505 968 4540 αν
985 4505 1027 4548 τις
1040 4485 1125 4550 εἴποι,
1145 4488 1236 4541 ταῦτα
1249 4503 1391 4556 ευστομα.
