3074 4960
259 443 319 505 112
691 437 961 500 HERODOTI

258 613 401 699 ἐγένετο,
426 613 481 680 καὶ
505 608 609 680 πολλοὶ
635 613 762 698 ἐλέγετο
780 612 856 699 περὶ
879 613 947 680 των
965 605 1093 700 αὐτοῖν,
1129 615 1164 680 οἰ
1185 611 1262 700 μὲν,
1292 607 1336 692 eie
1362 615 1395 691 ἐς

256 709 318 800 τήν
344 710 602 799 Πελοπόννησον
628 709 735 800 χρεών
762 721 812 798 είη
838 707 1045 800 ἀποπλείειν,
1081 713 1136 780 καὶ
1163 715 1239 803 περὶ
1267 715 1395 801 ἐκείνης

257 811 484 901 κινδυνεύειν,
503 813 587 901 μηδὲ
605 810 668 902 πρὸ
686 810 794 902 χώρης
814 811 1017 902 δοριαλώτου
1034 815 1194 902 μένοντας
1211 812 1393 904 μάχεσθαι·

254 911 425 1002 Ἀθηναῖοι
451 915 488 984 δὲ
511 916 566 983 καλ
591 918 766 1002 Αἰγινῆται
802 916 856 983 καλ
880 916 1069 1004 Μεγαρέες,
1105 910 1212 984 αὐτοῦ
1234 918 1395 1004 μένοντας

211 1036 250 1096 75
258 1012 460 1105 ἀμύνασθαι.
510 1011 674 1086 Ἐνθαυτα
692 1018 945 1104 Θεμιστοκλέης,
982 1011 1026 1096 οἱς
1050 1018 1187 1086 ἑσσοῦτο
1209 1020 1251 1107 τῇ
1273 1015 1448 1106 γνωμῃ654

255 1113 322 1187 ὑπὸ
339 1121 407 1188 τοῖν
424 1125 724 1206 Πελοποννησίων,
747 1113 863 1188 laudo
882 1120 1043 1208 ἐξέρχεται
1067 1121 1103 1187 ἐκ
1124 1121 1186 1188 τοῦ
1201 1125 1394 1208 συνεδρίου,

257 1217 402 1302 ἐξελθών
438 1219 475 1288 δὲ
509 1221 630 1308 πέμπει
665 1221 697 1298 ἐς
731 1215 767 1288 τδ
799 1217 1023 1308 στρατόπεδον
1057 1217 1093 1290 τὸ
1122 1218 1255 1309 Μήδων
1286 1215 1396 1308 ἄνδρα

256 1328 379 1414 πλοίῳ,
406 1317 632 1409 ἐντειλάμενος
655 1316 695 1388 τοὶ
712 1323 822 1407 λέγειν
839 1318 962 1410 χρεών,
987 1325 1035 1413 τῷ
1051 1318 1177 1410 οὕνομα
1194 1321 1256 1410 μὲν
1274 1309 1316 1408 ἦν
1333 1327 1395 1390 Σί-

256 1450 384 1510 κιννος,
407 1423 534 1509 οἰκέτης
554 1421 591 1490 δέ
615 1423 670 1490 καί
688 1419 898 1510 παιδαγωγὸς
916 1412 958 1510 ἦν
975 1425 1043 1492 των
1061 1424 1296 1512 Θεμιστοκλέος
1320 1428 1394 1491 παί-

258 1529 345 1612 δων,
373 1519 431 1592 τὸν
456 1519 497 1610 δὴ
519 1518 660 1613 ὕστερον
685 1521 815 1592 τούτων
840 1526 908 1592 των
934 1521 1135 1614 πρηγμάτων
1157 1525 1395 1614 Θεμιστοκλέης

256 1703 283 1751 p.
293 1685 343 1738 683
356 1702 440 1751 seqq„
455 1703 566 1752 quorum
578 1689 697 1738 virorum
708 1688 798 1752 dispu-
851 1687 920 1751 quod
931 1687 1095 1738 Plutarchus
1109 1689 1137 1737 iu
1146 1689 1311 1738 Herodoteis
1322 1687 1394 1737 male

255 1755 409 1803 talionibus
426 1770 470 1804 res
487 1755 604 1805 nondum
620 1757 654 1806 ad
667 1755 799 1820 liquidum
851 1753 952 1819 legerit
963 1753 1018 1804 τῶν
1027 1751 1140 1822 Μήδων
1149 1745 1253 1820 ἄνδρα.
1273 1756 1394 1818 Aeschy-

255 1821 391 1886 perducta
403 1822 511 1871 videtur
521 1823 655 1874 Bredovio
665 1839 728 1888 pag.
742 1821 797 1870 tuo.
851 1821 893 1871 lus
911 1823 1033 1873 Graecum
1054 1824 1133 1873 modo
1154 1825 1231 1873 cirum
1250 1840 1266 1874 a
1284 1824 1394 1872 'l'bemi-

256 1888 343 1938 Malui
357 1895 448 1938 tomen
460 1891 609 1954 persistere
621 1891 650 1938 in
662 1892 799 1954 scriptura
850 1890 937 1938 stocle
955 1891 1066 1940 missum
1086 1906 1146 1940 esse
1165 1891 1241 1940 canit
1252 1892 1328 1941 Pers.
1342 1889 1392 1940 355

257 1949 444 2018 δοριαλώτου,
464 1973 524 2006 cum
543 1957 615 2020 apud
633 1956 798 2020 Aeschylum
850 1955 909 2016 (sol
928 1957 1054 2022 Blonrf.),
1076 1959 1145 2022 quod
1161 1959 1234 2009 idem
1251 1960 1393 2010 censuisse

256 2023 329 2072 haud
351 2039 441 2088 pauca
461 2024 582 2073 eiusdem
600 2025 708 2089 generis
727 2040 798 2073 com·
833 2035 834 2038 ’
850 2024 977 2073 videntur
993 2026 1117 2075 Frontin.
1136 2027 1219 2088 11‚‘2,
1236 2025 1266 2075 14
1284 2031 1312 2076 et
1328 2027 1393 2075 Dio-

256 2091 405 2155 positssic
423 2093 527 2157 scripta
545 2093 693 2156 reperiam:
722 2089 798 2154 δορί·
851 2091 906 2139 dor.
920 2092 967 2152 XI,
984 2091 1023 2142 17.
1054 2093 1394 2143 Sicinunmde'rhemisto-

255 2156 383 2224 μαμβρος
399 2159 427 2207 in
442 2159 538 2224 Agam.
553 2157 612 2210 672.
643 2152 799 2224 δορικάνης
851 2158 901 2206 elis
919 2160 1006 2208 servis
1025 2159 1211 2210 fidelissimum
1229 2161 1315 2210 fuisse
1338 2167 1394 2210 tru-

256 2224 464 2292 inaupplubs.
495 2224 709 2290 δορίκρανοςίιι
721 2227 797 2276 Pers.
850 2225 890 2273 dit
904 2225 1012 2274 Cornel.
1027 2227 1118 2291 Nepos
1130 2228 1262 2278 Themist.
1278 2229 1303 2276 4.
1340 2229 1394 2278 Cu-

257 2293 313 2345 144.
338 2291 723 2359 doplappcinChodph.3bO.
753 2293 799 2344 δο-
850 2293 892 2340 ius
905 2293 1026 2342 eiusdem
1037 2295 1143 2344 Sicinni
1155 2297 1318 2345 mentionem
1330 2311 1394 2359 quo-

256 2360 393 2428 ρίμαρηος
406 2362 434 2411 in
447 2365 557 2427 Septem
571 2378 595 2412 c.
608 2362 658 2412 Th.
672 2359 731 2414 668.
750 2360 798 2411 do·
851 2375 902 2424 que
913 2360 1039 2410 iecerunt
1049 2361 1180 2425 Polyacn.
1190 2364 1210 2420 Ι,
1218 2361 1258 2424 30,
1265 2363 1289 2423 2,
1305 2364 1393 2414 Clem.

255 2429 373 2492 ρίπονος
390 2431 418 2480 in
436 2430 533 2480 eadem
551 2429 647 2479 fabule
662 2429 720 2480 610.
741 2429 797 2480 153.
849 2427 995 2478 Alexandr.
1019 2429 1141 2494 Paedag.
1160 2431 1186 2488 Ι,
1205 2431 1229 2480 7.
1252 2447 1315 2496 pag.
1336 2431 1393 2488 130,

256 2495 425 2562 δορίτμητος
438 2499 465 2546 in
480 2498 631 2563 Cho'ephor.
645 2497 705 2548 343.
740 2498 798 2546 Nec
850 2495 1004 2561 Etymolog.
1022 2511 1043 2545 s.
1057 2512 1082 2546 v.
1096 2512 1159 2562 pag.
1173 2497 1230 2546 712.
1246 2499 1309 2548 infr.
1321 2498 1394 2548 The-

256 2565 337 2613 aliter
372 2563 537 2628 δορίκτητος
571 2565 642 2642 apud
671 2565 797 2630 Apollou.
850 2563 1051 2680 mistocl.h3pp.
1066 2564 1112 2614 IX.
1128 2581 1154 2628 p.
1167 2565 1208 2614 47.
1228 2565 1317 2616 Sobel.
1332 2567 1393 2615 Ari·

254 2631 370 2692 thoul,
381 2631 446 2694 806,
463 2633 534 2696 quod
545 2629 623 2694 δορυ
633 2647 733 2696 κτητος
747 2633 799 2680 fre·
849 2630 912 2681 stid.
926 2647 962 2694 pa
984 2667 989 2679 .
1012 2631 1035 2683 '2
1049 2632 1091 2680 ed.
1104 2632 1249 2683 Frcmmel.

256 2699 800 2764 quenterscriptumreperiturapudllio·
883 2696 939 2747 τῶν
979 2693 1155 2763 εμιστοκλέος
1167 2698 1292 2766 παίδων]
1311 2701 1392 2765 Poly-

256 2767 362 2826 dorum;
380 2766 434 2815 vid.
448 2767 613 2830 Wesseling.
628 2767 662 2814 nd
675 2767 727 2814 XII
736 2765 796 2826 ‚83.
850 2779 935 2816 senus
959 2765 977 2818 l.
1003 2767 1020 2816 l.
1047 2783 1095 2816 cur
1118 2767 1227 2818 dualem
1250 2769 1395 2834 scripserit

288 2823 433 2896 Ἀθηναῖοι
447 2827 479 2882 dt
489 2829 538 2882 καί
548 2828 707 2898 Αίηιυῆται]
718 2834 797 2894 „Hoc
849 2835 912 2883 τοῖν
924 2832 1045 2884 παίδοιν
1062 2835 1113 2898 (ita
1133 2837 1204 2885 euim
1223 2851 1316 2886 omues
1329 2836 1394 2886 libri

255 2915 322 2949 senc
335 2900 437 2948 rationi
450 2907 679 2964 consentaneum,
694 2907 723 2950 ut
737 2917 796 2951 cum
850 2902 946 2966 scripti
964 2903 1080 2964 babent,
1101 2919 1117 2952 a
1135 2904 1232 2968 quibus
1249 2904 1322 2954 haud
1337 2905 1393 2953 dis-

255 2965 440 3016 'Phemistoclc
474 2969 611 3016 senserint
644 2969 797 3033 Aeginetae
850 2969 1395 3034 cessit,quinuperPolyaenilibrosedi-

254 3034 455 3098 malueriutque
480 3035 551 3100 apud
573 3034 716 3085 Salamina
740 3053 797 3086 ma·
849 3036 1393 3102 dit,Ild.Woellllin.,vid.adnotat.cri·

254 3118 333 3164 nere,
353 3117 433 3166 quem
452 3101 483 3151 id
497 3103 615 3167 gratiam
628 3103 797 3168 Peloponne-
849 3103 895 3152 tic.
910 3120 973 3169 pag.
987 3106 1142 3170 XXXVII),
1161 3107 1233 3156 haud
1250 3107 1395 3171 intelligor

253 3171 354 3220 ciorum
383 3185 478 3220 versus
506 3170 638 3220 Isthmum
666 3172 796 3222 secedere
849 3185 965 3235 namque
995 3172 1210 3234 Themistocles,
1242 3179 1273 3223 ut
1300 3175 1393 3240 plures

255 3236 316 3303 [boc
334 3237 405 3287 enim
422 3238 457 3288 ab
472 3239 591 3305 ipserum
607 3253 694 3303 seque
714 3245 743 3289 at
763 3255 796 3290 ue
848 3236 931 3300 filins,
955 3241 996 3288 ita
1019 3241 1287 3306 quinque.habuisse
1306 3243 1393 3291 fertur

253 3306 459 3356 Atheniensium
488 3323 505 3356 a
531 3307 612 3356 rebus
636 3256 796 3372 alienurril.“
849 3304 931 3368 filios,
951 3323 1061 3372 quorum
1074 3309 1393 3374 unuspatrevivomor-

257 3376 283 3426 V
286 3375 524 3438 alckenar.‚iure
535 3375 644 3433 mirans,
652 3390 722 3440 quae
732 3376 798 3425 scri·
848 3377 910 3423 tuus
924 3381 977 3436 cst;
998 3375 1112 3425 alterum
1125 3375 1251 3426 Dioclem
1265 3393 1331 3428 avrrs
1345 3377 1392 3426 ad-

252 3443 295 3492 bit
318 3445 462 3509 Lycurgus
487 3443 594 3493 advers.
619 3444 748 3493 Leocrat.
769 3460 795 3508 p.
848 3443 1117 3506 optavitmeternus;
1136 3448 1192 3493 tres
1208 3444 1319 3510 reliquit
1335 3459 1393 3494 mo-

256 3510 362 3573 ladas
381 3507 418 3576 [p.
435 3509 519 3561 issu.
533 3511 555 3572 5.
569 3509 615 3570 70,
634 3512 680 3561 ubi
694 3513 729 3561 ci.
745 3511 796 3561 Co·
846 3511 920 3560 risus
944 3517 1032 3576 pater.
1074 3511 1135 3560 Vid.
1158 3511 1298 3562 Plutarch.
1319 3513 1392 3561 The-

253 3577 340 3644 rscs]‚
370 3579 567 3644 Aeginetarum
596 3577 713 3629 classem
741 3580 796 3627 unt
846 3579 918 3628 mist.
937 3595 997 3644 cap.
1017 3577 1058 3630 32.
1077 3595 1140 3644 pag.
1161 3578 1245 3628 1283.
1287 3579 1392 3643 Tangit

254 3661 314 3695 cum
338 3648 619 3698 Lacedaemoniorum
648 3651 677 3696 et
700 3647 795 3696 Corin·
846 3644 916 3696 haec
930 3661 1045 3712 quoque,
1059 3647 1224 3697 observante
1239 3647 1391 3709 Cr.,Wyt-

253 3713 370 3762 tbiorum
394 3715 508 3764 ducibus
531 3715 649 3766 salutem
673 3715 797 3765 discessu
847 3713 976 3764 tenbach.
995 3715 1029 3764 ed
1047 3713 1186 3764 Plutarch.
1199 3715 1307 3764 Morall.
1325 3715 1346 3764 1.
1362 3731 1391 3779 p.

254 3779 307 3827 sibi
319 3795 417 3843 parare
430 3781 558 3833 voluisse.
847 3779 973 3832 ru-su
996 3776 1146 3846 ιοτοκλὲος,
1153 3785 1184 3830 ut
1192 3797 1284 3847 supra,
1292 3783 1391 3832 rescri-

847 3851 890 3914 psi
905 3865 954 3914 pro
992 3848 1182 3916 εμιστοκλῆος.
1195 3876 1228 3885 -
1249 3851 1391 3900 Sicinnam

429 3948 486 4000 Cn
513 3951 613 4001 LXXV
847 3931 955 3967 servum
977 3917 1060 3981 quod,
1086 3933 1139 3982 quo
1160 3923 1281 3983 tempore
1303 3917 1391 3967 Thes·

318 4042 325 4064 '
412 4037 425 4060 ν
489 3985 495 4000 ’
616 3987 622 4000 ’
846 3985 958 4070 pienses
987 3999 1072 4034 novos
1101 3987 1176 4036 cives
1205 3985 1390 4052 recipiebant,

255 4048 613 4182 ..ltsfzttlttdd
626 4053 700 4168 lt*
713 4067 796 4184 usu
846 4051 1391 4186 llttttlttttt?stultit:

254 4184 394 4234 Plutarch.
405 4185 795 4251 Themistocl.12.pag.llttli.
847 4187 922 4236 sibus
941 4188 1056 4236 civitate
1081 4193 1236 4248 ornaretur,
1261 4189 1289 4238 id
1314 4193 1391 4237 certe

254 4253 338 4302 Persa
355 4267 456 4317 genere
474 4254 599 4317 idemque
618 4255 796 4317 captivusdi·
846 4257 909 4318 post
937 4253 1015 4303 finita
1044 4255 1120 4306 bella
1143 4257 1257 4306 Persica
1286 4257 1391 4306 factum

255 4321 340 4381 citur,
359 4320 474 4370 liliorum
486 4320 681 4370 Themistoclis
694 4321 795 4386 paeda·
848 4336 908 4371 esse
933 4320 1041 4380 debuit,
1073 4338 1133 4372 cum
1157 4323 1222 4372 urbs
1246 4339 1263 4373 a
1287 4323 1390 4383 Persis,

254 4403 354 4456 gogus;
372 4387 689 4438 uisihooindefluxisse
704 4393 793 4453 putes,
847 4388 918 4452 quod
941 4404 1023 4454 supra
1047 4389 1162 4455 legimns
1185 4391 1267 4455 VIII,
1291 4389 1324 4440 50
1348 4389 1391 4440 in·
