3066 4964
489 468 751 530 CALLIOPE.
775 471 833 530 IX.
856 477 900 534 98.
922 478 966 533 99.
1230 472 1290 536 361

157 640 204 734 μή
221 641 403 725 έσακοὺσας
420 637 533 732 ὑμέων
550 639 632 734 πρὸς
649 644 710 712 τοῦ
728 639 982 722 έπαιιοὺσαντος.
1013 635 1118 723 mvndo
1137 639 1179 731 dd
1196 632 1293 725 οὑτος

148 743 223 816 ’έιάν
240 743 395 836 τυγχάνει
413 743 489 826 νόος
510 747 573 816 τοὺ
598 742 786 835 πρήγματος
812 747 867 814 καὶ
893 739 911 814 ὁ
938 746 1173 834 Θεμιστοκλέος
1198 739 1216 814 ὁ
1244 741 1292 816 ἐπ’

155 843 354 942 Ἀρτεμισίῳ.
403 841 424 936 ή
449 843 513 938 γάρ
540 843 582 936 δή
608 844 756 918 λαθόντα
780 843 821 917 τά
846 844 975 936 βήματα
1000 843 1077 927 τοὺς
1103 844 1292 938 βαρβάρους

157 957 273 1040 έμελλε
298 947 375 1030 τοὺς
392 947 509 1030 Ἴωνας
536 956 680 1037 πείσειν,
709 943 728 1036 ἢ
756 955 868 1020 ἔπειτα
894 945 1130 1038 ἀνενειχθέντα
1158 952 1190 1030 ές
1215 946 1293 1031 τοὺς

156 1049 347 1142 βαρβάρους
371 1049 522 1141 ποιήσειν
545 1047 704 1132 ἀπίστους
726 1067 811 1120 τοῖσι
825 1047 968 1138 Ἕλλησι.
1014 1057 1229 1139 Λευτυχίδεω
1254 1052 1339 1123 dits

155 1157 261 1224 rodon
291 1148 506 1243 ὑποθεμένου
540 1149 681 1244 δεύτερα
717 1149 759 1241 δή
789 1150 870 1222 τάδε
902 1155 1036 1223 έποίευν
1066 1157 1102 1222 ol
1126 1148 1291 1242 Ἕλληνες.

156 1253 354 1346 προσχόντες
372 1251 430 1336 τάς
447 1257 524 1336 νέας
542 1250 714 1343 ὑπέβησαν
734 1258 765 1335 ές
782 1251 841 1325 τὸν
859 1253 1023 1344 αἰγιαλόν·
1049 1257 1105 1326 καὶ
1122 1244 1214 1325 οὑτοι
1231 1255 1293 1346 μὲν

157 1355 340 1429 ἐτάσσοντο.
374 1362 419 1428 Οἱ
435 1358 472 1428 δέ
490 1359 629 1446 Πέρσαι,
648 1351 692 1437 ὑς
711 1355 803 1427 sidon
819 1351 1068 1446 τοὺςἝλλήνας
1085 1377 1292 1448 παρασκευα-

156 1461 310 1549 ζομένους
329 1463 362 1541 ές
384 1457 492 1550 μάχην
516 1461 571 1528 καὶ
594 1474 679 1530 τοῖσι
693 1454 785 1530 ”Ion
808 1461 1087 1549 nequiveramus,
1110 1462 1208 1530 τοῦτο
1231 1460 1294 1549 μέν

156 1556 402 1650 ὑπονοήσαντες
419 1558 496 1642 τοὺς
514 1567 665 1651 Σαμίους
681 1557 722 1630 τά
734 1555 901 1649 Ἑλλήνων
923 1562 1095 1651 φρονέειν,
1120 1557 1293 1652 άπαιρέον

155 1691 208 1733 ται
225 1659 266 1733 τά
281 1659 375 1734 ὅπλα.
400 1668 435 1733 oi
449 1660 512 1754 γάρ
531 1652 578 1734 τάν
596 1661 729 1754 Σάμιοι,
747 1657 958 1753 ἀπικομένων
972 1659 1161 1752 Ἀθηναίων
1179 1670 1293 1754 αίχμα-

154 1763 270 1836 λάτων
295 1769 331 1836 έν
357 1767 433 1856 τῇσι
462 1767 563 1854 νηυσὶ
584 1767 653 1835 τοῖν
676 1761 873 1856 βαρβάρων,
902 1761 979 1846 τοὺς
1003 1772 1123 1853 ἔλαβον
1146 1759 1210 1836 άνά
1232 1761 1294 1854 τήν

152 1863 301 1957 Ἀττινήν
324 1869 556 1958 λελειμμένους
578 1871 612 1938 οἱ
632 1867 778 1958 Ξέρξεω,
806 1864 944 1948 τούτους
966 1864 1144 1957 λυσάμενοι
1167 1864 1292 1948 πάντας

153 1965 385 2060 άποπέμπουσι
408 1967 643 2051 ἐποδιάσαντες
667 1972 699 2050 ές
724 1965 781 2050 τάς
796 1964 953 2058 Ἀθήνας·
981 1972 1049 2040 τοῖν
1076 1973 1204 2040 εἵνεκεν
1230 1965 1294 2040 οὑκ

153 2069 271 2162 ἣκιστα
287 2067 438 2162 ὑποψίην
456 2071 557 2162 εἶχον,
575 2079 793 2153 πεντακοσίας
811 2067 956 2162 κεφαλάς
973 2073 1041 2143 τῶν
1051 2073 1180 2164 Ξέρξεω
1197 2081 1292 2142 πολε-

186 2263 276 2330 doris
289 2265 325 2336 δὴ
339 2256 422 2330 οὑτος
435 2262 489 2322 ἐάν
500 2288 527 2322 ιι.
539 2287 564 2322 τ.
578 2268 615 2338 λ.]
630 2271 697 2322 Seu·
748 2271 876 2322 hibentur
892 2272 923 2322 in
934 2272 1076 2323 Thesauro
1093 2273 1176 2338 Ling.
1190 2271 1291 2322 Gnaeo.

153 2341 243 2390 tentia
260 2340 404 2405 scriptoris
422 2344 477 2398 est,
499 2339 614 2390 eundem
625 2341 696 2390 Leo·
748 2339 807 2390 Vol.
820 2341 852 2390 V.
865 2355 929 2406 pag.
943 2339 1010 2391 7342
1021 2355 1078 2405 seq.
1093 2339 1134 2390 ed.
1147 2339 1246 2404 Vslpy.

130 2463 132 2469 ,
154 2407 283 2470 tychidae
305 2411 438 2470 mentem,
461 2407 587 2473 idemque
608 2409 696 2458 oonsi-

154 2475 221 2524 lium
241 2475 327 2524 luisse
344 2473 533 2537 Leotychidao
550 2490 600 2540 per
616 2491 695 2541 prae-

155 2559 252 2592 conem
280 2542 335 2592 ista
362 2541 475 2592 Ionibus
504 2543 695 2608 significantis,
927 2508 994 2560 οη·
1013 2509 1109 2560 XCIX'

155 2610 225 2676 quod
241 2609 435 2662 Themistoclis
452 2611 558 2674 fuerat,
584 2627 643 2661 oum
662 2611 697 2662 ad
780 2610 870 2662 ταῦτα
882 2602 1078 2676 ὑποθεμένου]
1091 2613 1108 2664 i.
1119 2629 1142 2663 ε.
1153 2615 1291 2664 meminere

152 2678 328 2728 Artemisium
340 2678 442 2729 similia
456 2679 596 2746 lapidibus
609 2679 695 2730 incidi
746 2681 860 2732 Ionibus
876 2682 1004 2731 εοτιείίίαπι
1025 2681 1137 2731 dedisset
1154 2683 1291 2746 deotpold·

154 2749 276 2796 curaret:
296 2745 329 2796 de
343 2746 549 2812 quovid.VIll,
563 2747 604 2797 22.
618 2749 695 2799 -In
746 2751 807 2806 der,-
829 2749 883 2799 vid.
899 2751 967 2799 nott.
988 2747 1023 2799 ad
1041 2749 1066 2807 Ι,
1087 2747 1134 2798 107
1158 2755 1186 2800 et
1204 2750 1240 2800 ad
1257 2751 1289 2812 V,

151 2814 245 2864 verbis
263 2815 441 2880 sequentibus
457 2803 477 2882 ἢ
494 2809 614 2867 ἔπειτα
632 2809 696 2867 oiva-
745 2815 788 2868 92.
802 2820 825 2880 §-
838 2815 863 2868 0.
877 2843 904 2852 -
919 2818 981 2868 Mor
995 2817 1096 2868 retinui
1110 2810 1288 2883 προσχόντες,

152 2875 306 3001 χειχθέντα
327 2882 469 3002 ὃχοιιὶοίλί
488 2883 560 2935 liber
584 2885 696 3003 exbibqt
746 2885 794 2935 ubi
814 2885 980 3003 qu‘qeleqqs
1002 2879 1290 3006 qeqlepsttsrploqqzqq·

151 2965 278 3070 sibdo'd’
287 2966 350 3084 ρῑάέ.
359 2967 427 3069 θ100Ι
427 2966 441 3082 ,ε
442 2967 622 3072 ιῖτεενπεηάὺοεῗά
635 2959 696 3072 {gfff
745 2969 891 3073 ll‘doverba'
901 2969 939 3072 pp
946 2969 1088 3087 Ἑάλήνων
1099 2969 1241 3088 ἵμριάνέειὺ
1253 2991 1289 3074 τά

151 3103 223 3136 marn
231 3087 354 3137 ionicam
365 3102 424 3138 esse
436 3088 605 3139 contendens
618 3089 695 3140 iude·
747 3090 814 3149 Vll,
832 3089 881 3140 10²
902 3091 995 3155 ibique
1012 3094 1095 3150 nott.;
1120 3091 1154 3141 ad
1177 3091 1290 3142 verbum

152 3170 204 3219 que
228 3155 367 3205 Herodoto
392 3156 603 3218 restituendam,
628 3157 696 3208 lieet
746 3148 959 3224 ὑπονοήσαντες
977 3157 1050 3208 coni.
1070 3158 1122 3219 IX,
1141 3156 1175 3208 88
1195 3159 1289 3224 ibique

151 3222 226 3272 nullo
233 3223 366 3273 Herodoti
375 3221 434 3272 loco
445 3223 509 3272 libri
518 3224 613 3290 soripti
622 3224 696 3275 hano
747 3231 814 3275 nott.
833 3226 1028 3276 Valetautem=
1045 3229 1177 3290 suspicati,
1191 3227 1290 3278 Smloe

152 3291 265 3340 sormam
290 3289 419 3341 afferant:
446 3290 509 3339 indo
532 3297 696 3356 receperunt
746 3311 799 3342 οιαπ
811 3295 916 3345 Graecis
927 3297 1030 3350 sentire.
1043 3309 1114 3343 απτπο
1125 3295 1158 3344 its
1170 3295 1289 3344 adimunt.

153 3351 263 3408 ἔπειτεν
272 3359 323 3408 hoo
334 3357 528 3408 loooDindorl.
537 3359 695 3409 etDietsoh.
747 3361 824 3412 lnlra
848 3362 901 3425 lx,
928 3359 976 3412 103
999 3349 1230 3426 άπαραιρημένοι
1254 3355 1289 3410 τά

151 3427 283 3491 Equidem
296 3427 325 3475 iu
340 3430 419 3475 tanto
432 3425 557 3475 codicum
570 3425 696 3477 dissensu
746 3417 828 3478 ὅπλα.
858 3429 890 3478 lu
907 3427 999 3478 verbis
1017 3428 1137 3493 proxime
1150 3428 1289 3492 sequeuti-

151 3499 257 3544 mutare
275 3493 422 3560 quidquam
439 3492 522 3543 nolui.
559 3494 624 3560 Ipsa
637 3495 693 3544 He·
744 3497 794 3545 bus
807 3500 971 3546 structuram
985 3495 1166 3560 genitivorum
1180 3494 1288 3545 absolu·

151 3560 692 3628 rodotisententiabanddubia:Spero·
744 3569 832 3613 torum
862 3565 906 3628 qui
930 3567 1065 3613 vocantur
1094 3551 1289 3626 (άπινομένων

151 3630 201 3680 bat
218 3631 290 3680 enim
304 3629 502 3692 Leotychides,
521 3644 550 3679 se
565 3629 610 3680 vel
622 3630 693 3680 Ioni·
742 3622 901 3696 Ἀθηναίων
911 3621 1106 3694 υίχμαλάτων)
1118 3645 1178 3680 eum
1191 3645 1289 3695 sequa-

150 3697 210 3762 bus,
224 3699 247 3748 si
257 3697 332 3748 diets
342 3698 412 3748 lraeo
422 3697 555 3748 barbaros
564 3697 692 3760 laterent,
744 3705 801 3748 tur:
830 3695 975 3756 τούτους
997 3691 1149 3763 λυσάμενοι
1167 3691 1287 3761 πάντας,

149 3781 341 3831 persuasurum
354 3765 395 3828 (ut
407 3765 579 3828 delicerent).
593 3765 651 3828 vel,
669 3768 693 3818 si
744 3767 851 3818 notavit
868 3767 997 3818 Kuehner
1013 3765 1058 3817 Gr.
1077 3765 1123 3816 Gr.
1142 3767 1165 3827 ξ.
1183 3764 1247 3828 081,
1261 3767 1287 3818 b.

149 3839 247 3900 postea
259 3834 330 3884 haee
344 3834 377 3885 ad
391 3834 524 3884 barbaros
537 3834 631 3885 delata
644 3835 694 3897 (in·
744 3837 802 3886 Nee
815 3835 910 3902 dispar
923 3839 973 3896 est,
987 3833 1057 3900 quod
1069 3833 1150 3885 Plato
1163 3834 1233 3884 dixit
1244 3835 1287 3886 De

149 3901 238 3967 deque
251 3903 319 3969 ipsis
331 3901 488 3968 perspecta)
502 3907 608 3963 essent,
628 3903 693 3954 effe·
746 3921 803 3969 rep.
821 3905 848 3964 Ι,
869 3904 890 3954 1.
909 3921 935 3969 p.
953 3901 1049 3954 3270:
1071 3892 1110 3960 ὥς
1127 3900 1226 3954 τοίνυν
1247 3895 1287 3970 μή

150 3975 267 4032 ctutum,
279 3975 311 4020 nt
320 3971 351 4020 bi
364 3971 480 4022 Graecis
492 3959 694 4037 (τοῖσιἙλληοι
744 3963 953 4036 αἰιουσομένων,
964 3959 1037 4021 οὑτω
1048 3969 1227 4034 διανοεῖσθε,
1239 3971 1288 4022 ubi

149 4037 167 4084 i.
180 4053 203 4087 ε.
213 4037 336 4102 Ionibus)
349 4037 513 4089 diffiderent.
533 4039 588 4088 Ubi
598 4055 694 4090 voeem
744 4039 799 4090 vid.
817 4039 1026 4090 Stullbeuruium
1048 4037 1128 4104 plura
1142 4039 1287 4156 proferen-

150 4095 302 4166 α’πίετους,
321 4123 391 4172 quae
410 4107 444 4157 ad
457 4098 620 4171 βαρβάρους
632 4123 694 4173 spe·
745 4112 799 4157 tem
812 4125 838 4174 p.
849 4107 890 4156 21.
909 4107 949 4156 Ad
961 4099 991 4156 οἱ
1001 4101 1140 4172 Ξέρξεωο
1155 4112 1240 4158 molt.
1251 4107 1287 4159 ad

151 4177 224 4234 etat,
244 4175 335 4224 aotiro
352 4189 434 4224 sensu
447 4175 572 4225 adhibuit
585 4176 691 4238 Noster,
744 4173 881 4237 V11,104.
899 4167 1022 4226 λύεσθαι
1041 4179 1083 4225 eat
1093 4175 1202 4241 paeanii
1215 4177 1285 4226 redt-

151 4240 197 4305 qui
208 4241 371 4304 supronlI‚
382 4242 545 4293 missioni
558 4243 617 4293 iere
630 4258 692 4294 eeu·
743 4259 810 4292 mere
822 4245 927 4310 aliquem
939 4244 1063 4308 captiuum
1074 4258 1096 4293 s.
1108 4259 1214 4294 sernum.
1242 4245 1285 4294 De

150 4308 240 4357 tentia
253 4309 363 4372 passivo
373 4325 455 4360 sensu
465 4310 579 4362 eandem
589 4312 690 4377 posuit.
743 4311 937 4391 redemptionis
954 4326 1059 4362 summa
1075 4311 1131 4362 dixi
1146 4311 1181 4361 ed
1193 4311 1231 4372 V,
1245 4311 1286 4365 77.

150 4375 229 4426 Dixit
246 4375 393 4441 Sophocles
411 4379 439 4427 in
452 4379 529 4428 Aine.
542 4377 606 4428 682:
625 4368 690 4429 άπι-
743 4369 949 4438 έποδιασαντες
961 4385 1003 4430 est
1014 4382 1105 4430 uiatico
1118 4381 1195 4436 dedo,-
1207 4378 1286 4444 plura

149 4437 214 4502 στός
228 4431 282 4494 lon
302 4433 429 4508 ἑταιρίας
442 4441 540 4512 λιμήνς
554 4447 633 4514 plura
645 4463 691 4498 ex·
741 4447 775 4496 de
797 4447 881 4499 verbo
904 4438 1069 4514 ἐφοδιάζειν
1093 4447 1149 4498 vid.
1168 4447 1197 4496 iu
1213 4445 1284 4496 The-
