<?xml version="1.0" encoding="UTF-8"?>
<!DOCTYPE html PUBLIC "-//W3C//DTD XHTML 1.0 Transitional//EN"
    "http://www.w3.org/TR/xhtml1/DTD/xhtml1-transitional.dtd">
<html xmlns="http://www.w3.org/1999/xhtml" xml:lang="en" lang="en">
 <head>
  <title>
</title>
<meta http-equiv="Content-Type" content="text/html;charset=utf-8" />
  <meta name='ocr-system' content='tesseract 3.04.00' />
  <meta name='ocr-capabilities' content='ocr_page ocr_carea ocr_par ocr_line ocrx_word'/>
</head>
<body>
  <div class='ocr_page' id='page_1' title='image "./herodotihalicar02bhgoog/herodotihalicar02bhgoog_0122.png"; bbox 0 0 3074 4960; ppageno 0'>
   <div class='ocr_carea' id='block_1_1' title="bbox 518 477 1281 545">
    <p class='ocr_par' dir='ltr' id='par_1_1' title="bbox 518 477 1281 545">
     <span class='ocr_line' id='line_1_1' title="bbox 518 477 1281 545; baseline 0.007 -5"><span class='ocrx_word' id='word_1_1' title='bbox 518 477 725 540; x_wconf 84' lang='lat' dir='ltr'><strong>URANIA.</strong></span> <span class='ocrx_word' id='word_1_2' title='bbox 749 479 839 538; x_wconf 89' lang='lat' dir='ltr'><strong>VIII.</strong></span> <span class='ocrx_word' id='word_1_3' title='bbox 861 487 906 542; x_wconf 79' lang='lat'>73.</span> <span class='ocrx_word' id='word_1_4' title='bbox 1220 484 1281 545; x_wconf 90' lang='grc'>107</span> 
     </span>
    </p>
   </div>
   <div class='ocr_carea' id='block_1_2' title="bbox 142 645 1282 742">
    <p class='ocr_par' dir='ltr' id='par_1_2' title="bbox 142 645 1282 742">
     <span class='ocr_line' id='line_1_2' title="bbox 142 645 1282 742; baseline 0 -20"><span class='ocrx_word' id='word_1_5' title='bbox 142 653 262 742; x_wconf 76' lang='grc' dir='ltr'><strong><em>μοῦνοι</em></strong></span> <span class='ocrx_word' id='word_1_6' title='bbox 280 649 366 722; x_wconf 74' lang='grc' dir='ltr'><strong><em>εἶναι</em></strong></span> <span class='ocrx_word' id='word_1_7' title='bbox 381 647 510 739; x_wconf 77' lang='grc' dir='ltr'><strong><em>Ἴωνες,</em></strong></span> <span class='ocrx_word' id='word_1_8' title='bbox 530 652 806 740; x_wconf 78' lang='grc' dir='ltr'><strong><em>ἐκδεδωρίευνται</em></strong></span> <span class='ocrx_word' id='word_1_9' title='bbox 826 650 862 720; x_wconf 74' lang='lat' dir='ltr'>dl</span> <span class='ocrx_word' id='word_1_10' title='bbox 879 645 945 721; x_wconf 76' lang='grc' dir='ltr'>ὑπό</span> <span class='ocrx_word' id='word_1_11' title='bbox 962 677 998 722; x_wconf 84' lang='grc' dir='ltr'>τε</span> <span class='ocrx_word' id='word_1_12' title='bbox 1013 646 1169 741; x_wconf 75' lang='grc' dir='ltr'><strong><em>Ἀργείων</em></strong></span> <span class='ocrx_word' id='word_1_13' title='bbox 1186 647 1282 741; x_wconf 80' lang='grc' dir='ltr'><strong><em>ἀρχό-</em></strong></span> 
     </span>
    </p>
   </div>
   <div class='ocr_carea' id='block_1_3' title="bbox 142 847 1300 4500">
    <p class='ocr_par' dir='ltr' id='par_1_3' title="bbox 142 847 1300 4500">
     <span class='ocr_line' id='line_1_3' title="bbox 144 847 1282 916; baseline 0.002 -16"><span class='ocrx_word' id='word_1_14' title='bbox 144 868 171 916; x_wconf 91' lang='lat' dir='ltr'>p.</span> <span class='ocrx_word' id='word_1_15' title='bbox 184 849 241 912; x_wconf 83' lang='grc'>47),</span> <span class='ocrx_word' id='word_1_16' title='bbox 260 849 330 916; x_wconf 90' lang='lat' dir='ltr'>quod</span> <span class='ocrx_word' id='word_1_17' title='bbox 346 850 381 900; x_wconf 81' lang='lat' dir='ltr'>eb</span> <span class='ocrx_word' id='word_1_18' title='bbox 393 847 502 914; x_wconf 77' lang='lat' dir='ltr'>Argivis</span> <span class='ocrx_word' id='word_1_19' title='bbox 515 848 629 914; x_wconf 82' lang='lat' dir='ltr'>Cynurii</span> <span class='ocrx_word' id='word_1_20' title='bbox 641 847 686 899; x_wconf 91' lang='lat' dir='ltr'>de·</span> <span class='ocrx_word' id='word_1_21' title='bbox 738 865 803 900; x_wconf 88' lang='lat' dir='ltr'>mer.</span> <span class='ocrx_word' id='word_1_22' title='bbox 817 847 1282 914; x_wconf 75' lang='lat' dir='ltr'>odyss.xv111‚2tt(ubivid.ve·</span> 
     </span>
     <span class='ocr_line' id='line_1_4' title="bbox 143 913 1282 984; baseline 0 -16"><span class='ocrx_word' id='word_1_23' title='bbox 143 918 276 968; x_wconf 80' lang='lat' dir='ltr'>scendere</span> <span class='ocrx_word' id='word_1_24' title='bbox 289 918 415 968; x_wconf 90' lang='lat' dir='ltr'>dicuntur</span> <span class='ocrx_word' id='word_1_25' title='bbox 427 917 593 967; x_wconf 81' lang='lat' dir='ltr'>ePeurunie</span> <span class='ocrx_word' id='word_1_26' title='bbox 603 913 686 978; x_wconf 54' lang='lat'>11152.</span> <span class='ocrx_word' id='word_1_27' title='bbox 737 921 812 967; x_wconf 85' lang='lat' dir='ltr'>teree</span> <span class='ocrx_word' id='word_1_28' title='bbox 829 916 1021 984; x_wconf 75' lang='lat' dir='ltr'>interpretesJ:</span> <span class='ocrx_word' id='word_1_29' title='bbox 1046 919 1123 967; x_wconf 81' lang='lat' dir='ltr'>cuiue</span> <span class='ocrx_word' id='word_1_30' title='bbox 1144 919 1186 968; x_wconf 90' lang='lat' dir='ltr'>rei</span> <span class='ocrx_word' id='word_1_31' title='bbox 1206 920 1282 969; x_wconf 86' lang='lat' dir='ltr'>teeti·</span> 
     </span>
     <span class='ocr_line' id='line_1_5' title="bbox 143 979 1282 1050; baseline 0 -14"><span class='ocrx_word' id='word_1_32' title='bbox 143 989 168 1048; x_wconf 61' lang='grc' dir='ltr'>ὅ.</span> <span class='ocrx_word' id='word_1_33' title='bbox 182 983 198 1036; x_wconf 78' lang='grc'>3</span> <span class='ocrx_word' id='word_1_34' title='bbox 211 985 274 1036; x_wconf 90' lang='lat' dir='ltr'>coll.</span> <span class='ocrx_word' id='word_1_35' title='bbox 288 985 383 1050; x_wconf 86' lang='lat' dir='ltr'>Steph.</span> <span class='ocrx_word' id='word_1_36' title='bbox 397 985 464 1049; x_wconf 78' lang='lat' dir='ltr'><strong>Byz.</strong></span> <span class='ocrx_word' id='word_1_37' title='bbox 477 1001 498 1034; x_wconf 84' lang='lat' dir='ltr'>e.</span> <span class='ocrx_word' id='word_1_38' title='bbox 511 1002 537 1034; x_wconf 86' lang='lat' dir='ltr'>v.</span> <span class='ocrx_word' id='word_1_39' title='bbox 550 979 687 1048; x_wconf 77' lang='grc' dir='ltr'><strong><em>Κύνονρα</em></strong></span> <span class='ocrx_word' id='word_1_40' title='bbox 739 985 831 1034; x_wconf 85' lang='lat' dir='ltr'>menie</span> <span class='ocrx_word' id='word_1_41' title='bbox 841 985 993 1035; x_wconf 84' lang='lat' dir='ltr'>attuleruut</span> <span class='ocrx_word' id='word_1_42' title='bbox 1003 985 1122 1036; x_wconf 85' lang='lat' dir='ltr'>Clintou.</span> <span class='ocrx_word' id='word_1_43' title='bbox 1133 986 1282 1036; x_wconf 80' lang='lat' dir='ltr'>FestHel-</span> 
     </span>
     <span class='ocr_line' id='line_1_6' title="bbox 143 1051 1282 1119; baseline 0.001 -17"><span class='ocrx_word' id='word_1_44' title='bbox 143 1070 170 1119; x_wconf 90' lang='lat' dir='ltr'>p.</span> <span class='ocrx_word' id='word_1_45' title='bbox 187 1051 251 1114; x_wconf 83' lang='grc'>494,</span> <span class='ocrx_word' id='word_1_46' title='bbox 273 1051 301 1102; x_wconf 91' lang='lat' dir='ltr'>id</span> <span class='ocrx_word' id='word_1_47' title='bbox 324 1053 359 1102; x_wconf 79' lang='lat' dir='ltr'>eb</span> <span class='ocrx_word' id='word_1_48' title='bbox 376 1051 487 1118; x_wconf 78' lang='lat' dir='ltr'>Argivis</span> <span class='ocrx_word' id='word_1_49' title='bbox 504 1053 544 1102; x_wconf 82' lang='lat' dir='ltr'>ito</span> <span class='ocrx_word' id='word_1_50' title='bbox 566 1051 687 1102; x_wconf 83' lang='lat' dir='ltr'>effictum</span> <span class='ocrx_word' id='word_1_51' title='bbox 738 1052 792 1102; x_wconf 89' lang='lat' dir='ltr'>len.</span> <span class='ocrx_word' id='word_1_52' title='bbox 816 1052 838 1102; x_wconf 93' lang='lat'>1.</span> <span class='ocrx_word' id='word_1_53' title='bbox 857 1068 921 1118; x_wconf 81' lang='lat' dir='ltr'>pag.</span> <span class='ocrx_word' id='word_1_54' title='bbox 939 1053 984 1112; x_wconf 81' lang='lat'>57,</span> <span class='ocrx_word' id='word_1_55' title='bbox 1005 1053 1185 1103; x_wconf 82' lang='lat' dir='ltr'>Schoeruenn.</span> <span class='ocrx_word' id='word_1_56' title='bbox 1203 1053 1282 1103; x_wconf 82' lang='lat' dir='ltr'>Anti-</span> 
     </span>
     <span class='ocr_line' id='line_1_7' title="bbox 143 1119 1280 1186; baseline 0 -16"><span class='ocrx_word' id='word_1_57' title='bbox 143 1119 217 1184; x_wconf 80' lang='lat' dir='ltr'>rult,</span> <span class='ocrx_word' id='word_1_58' title='bbox 240 1120 357 1186; x_wconf 84' lang='lat' dir='ltr'>prebere</span> <span class='ocrx_word' id='word_1_59' title='bbox 377 1119 549 1169; x_wconf 79' lang='lat' dir='ltr'>studentibus</span> <span class='ocrx_word' id='word_1_60' title='bbox 569 1135 638 1169; x_wconf 79' lang='lat' dir='ltr'>eumn</span> <span class='ocrx_word' id='word_1_61' title='bbox 656 1120 687 1169; x_wconf 83' lang='lat' dir='ltr'>ab</span> <span class='ocrx_word' id='word_1_62' title='bbox 740 1122 819 1185; x_wconf 85' lang='lat' dir='ltr'>quitt.</span> <span class='ocrx_word' id='word_1_63' title='bbox 834 1119 908 1186; x_wconf 88' lang='lat' dir='ltr'>publ.</span> <span class='ocrx_word' id='word_1_64' title='bbox 920 1121 970 1170; x_wconf 91' lang='lat' dir='ltr'>iur.</span> <span class='ocrx_word' id='word_1_65' title='bbox 982 1119 1098 1170; x_wconf 80' lang='lat' dir='ltr'>Graece.</span> <span class='ocrx_word' id='word_1_66' title='bbox 1109 1137 1173 1186; x_wconf 85' lang='lat' dir='ltr'>peg.</span> <span class='ocrx_word' id='word_1_67' title='bbox 1180 1119 1213 1170; x_wconf 89' lang='grc'>46</span> <span class='ocrx_word' id='word_1_68' title='bbox 1225 1127 1280 1171; x_wconf 89' lang='lat' dir='ltr'>not.</span> 
     </span>
     <span class='ocr_line' id='line_1_8' title="bbox 143 1186 1281 1254; baseline -0.002 -16"><span class='ocrx_word' id='word_1_69' title='bbox 143 1190 215 1238; x_wconf 71' lang='lat' dir='ltr'>Initio</span> <span class='ocrx_word' id='word_1_70' title='bbox 229 1187 313 1238; x_wconf 77' lang='lat' dir='ltr'>tuisse</span> <span class='ocrx_word' id='word_1_71' title='bbox 328 1188 462 1252; x_wconf 58' lang='lat' dir='ltr'>Quodam</span> <span class='ocrx_word' id='word_1_72' title='bbox 479 1187 523 1250; x_wconf 89' lang='lat' dir='ltr'>(de</span> <span class='ocrx_word' id='word_1_73' title='bbox 537 1188 614 1237; x_wconf 83' lang='lat' dir='ltr'>cuius</span> <span class='ocrx_word' id='word_1_74' title='bbox 627 1203 686 1252; x_wconf 81' lang='lat' dir='ltr'>poe·</span> <span class='ocrx_word' id='word_1_75' title='bbox 740 1186 812 1242; x_wconf 83' lang='lat' dir='ltr'>(coll.</span> <span class='ocrx_word' id='word_1_76' title='bbox 827 1187 1029 1238; x_wconf 69' lang='lat' dir='ltr'>Animadversa.</span> <span class='ocrx_word' id='word_1_77' title='bbox 1047 1187 1080 1237; x_wconf 92' lang='lat' dir='ltr'>de</span> <span class='ocrx_word' id='word_1_78' title='bbox 1093 1187 1205 1238; x_wconf 76' lang='lat' dir='ltr'>Ionibus</span> <span class='ocrx_word' id='word_1_79' title='bbox 1219 1205 1281 1254; x_wconf 75' lang='lat' dir='ltr'>pag.</span> 
     </span>
     <span class='ocr_line' id='line_1_9' title="bbox 143 1254 1281 1322; baseline -0.002 -16"><span class='ocrx_word' id='word_1_80' title='bbox 143 1257 267 1306; x_wconf 75' lang='lat' dir='ltr'>sessione</span> <span class='ocrx_word' id='word_1_81' title='bbox 295 1261 427 1322; x_wconf 89' lang='lat' dir='ltr'>perpetuo</span> <span class='ocrx_word' id='word_1_82' title='bbox 456 1255 515 1305; x_wconf 83' lang='lat' dir='ltr'>iere</span> <span class='ocrx_word' id='word_1_83' title='bbox 540 1255 686 1305; x_wconf 89' lang='lat' dir='ltr'>contende·</span> <span class='ocrx_word' id='word_1_84' title='bbox 712 1265 713 1268; x_wconf 77' lang='grc'>’</span> <span class='ocrx_word' id='word_1_85' title='bbox 739 1255 779 1316; x_wconf 75' lang='lat' dir='ltr'>n,</span> <span class='ocrx_word' id='word_1_86' title='bbox 798 1255 922 1305; x_wconf 85' lang='lat' dir='ltr'>Curtius:</span> <span class='ocrx_word' id='word_1_87' title='bbox 940 1257 993 1305; x_wconf 86' lang='lat' dir='ltr'>Die</span> <span class='ocrx_word' id='word_1_88' title='bbox 1011 1255 1102 1305; x_wconf 90' lang='lat' dir='ltr'>Ionier</span> <span class='ocrx_word' id='word_1_89' title='bbox 1119 1271 1182 1322; x_wconf 77' lang='lat' dir='ltr'>pag.</span> <span class='ocrx_word' id='word_1_90' title='bbox 1201 1254 1230 1318; x_wconf 77' lang='lat'>³,</span> <span class='ocrx_word' id='word_1_91' title='bbox 1250 1255 1281 1305; x_wconf 83' lang='lat' dir='ltr'>C.</span> 
     </span>
     <span class='ocr_line' id='line_1_10' title="bbox 143 1321 1282 1386; baseline 0 -14"><span class='ocrx_word' id='word_1_92' title='bbox 143 1328 207 1373; x_wconf 81' lang='lat' dir='ltr'>rent</span> <span class='ocrx_word' id='word_1_93' title='bbox 223 1339 282 1372; x_wconf 90' lang='lat' dir='ltr'>cum</span> <span class='ocrx_word' id='word_1_94' title='bbox 300 1323 471 1384; x_wconf 73' lang='lat' dir='ltr'><strong>Laconibus,</strong></span> <span class='ocrx_word' id='word_1_95' title='bbox 489 1327 560 1372; x_wconf 79' lang='lat' dir='ltr'>teste</span> <span class='ocrx_word' id='word_1_96' title='bbox 579 1323 687 1386; x_wconf 81' lang='lat' dir='ltr'>Thucy·</span> <span class='ocrx_word' id='word_1_97' title='bbox 738 1323 945 1372; x_wconf 72' lang='lat' dir='ltr'>PnHermenn:</span> <span class='ocrx_word' id='word_1_98' title='bbox 958 1321 1282 1373; x_wconf 83' lang='lat' dir='ltr'>Griech.Steeteelterth.</span> 
     </span>
     <span class='ocr_line' id='line_1_11' title="bbox 144 1388 1282 1456; baseline 0 -16"><span class='ocrx_word' id='word_1_99' title='bbox 144 1391 207 1440; x_wconf 90' lang='lat' dir='ltr'>dide</span> <span class='ocrx_word' id='word_1_100' title='bbox 224 1391 262 1452; x_wconf 84' lang='lat' dir='ltr'>V,</span> <span class='ocrx_word' id='word_1_101' title='bbox 281 1389 329 1453; x_wconf 86' lang='grc'>41,</span> <span class='ocrx_word' id='word_1_102' title='bbox 352 1391 399 1440; x_wconf 90' lang='lat' dir='ltr'>ubi</span> <span class='ocrx_word' id='word_1_103' title='bbox 421 1389 493 1440; x_wconf 79' lang='lat' dir='ltr'>coni.</span> <span class='ocrx_word' id='word_1_104' title='bbox 511 1389 686 1454; x_wconf 76' lang='lat' dir='ltr'>interprett.)‚</span> <span class='ocrx_word' id='word_1_105' title='bbox 739 1391 762 1451; x_wconf 69' lang='grc' dir='ltr'>ξ.</span> <span class='ocrx_word' id='word_1_106' title='bbox 779 1388 822 1440; x_wconf 85' lang='grc'>96.</span> <span class='ocrx_word' id='word_1_107' title='bbox 839 1395 895 1442; x_wconf 79' lang='lat' dir='ltr'>not</span> <span class='ocrx_word' id='word_1_108' title='bbox 912 1389 929 1440; x_wconf 84' lang='grc'>6</span> <span class='ocrx_word' id='word_1_109' title='bbox 947 1390 989 1440; x_wconf 89' lang='lat' dir='ltr'>ed.</span> <span class='ocrx_word' id='word_1_110' title='bbox 1008 1395 1097 1455; x_wconf 81' lang='lat' dir='ltr'>quart.</span> <span class='ocrx_word' id='word_1_111' title='bbox 1136 1391 1232 1456; x_wconf 86' lang='lat' dir='ltr'>Neque</span> <span class='ocrx_word' id='word_1_112' title='bbox 1254 1391 1282 1440; x_wconf 87' lang='lat' dir='ltr'>in</span> 
     </span>
     <span class='ocr_line' id='line_1_12' title="bbox 144 1457 1282 1522; baseline 0 -14"><span class='ocrx_word' id='word_1_113' title='bbox 144 1473 205 1508; x_wconf 89' lang='lat' dir='ltr'>cum</span> <span class='ocrx_word' id='word_1_114' title='bbox 223 1457 336 1522; x_wconf 73' lang='lat' dir='ltr'>Cynnrii</span> <span class='ocrx_word' id='word_1_115' title='bbox 357 1473 453 1508; x_wconf 80' lang='lat' dir='ltr'>revere</span> <span class='ocrx_word' id='word_1_116' title='bbox 470 1457 624 1508; x_wconf 77' lang='lat' dir='ltr'>Arcadibus</span> <span class='ocrx_word' id='word_1_117' title='bbox 646 1473 687 1508; x_wconf 84' lang='lat' dir='ltr'>ee·</span> <span class='ocrx_word' id='word_1_118' title='bbox 739 1457 828 1508; x_wconf 82' lang='lat' dir='ltr'>Ionum</span> <span class='ocrx_word' id='word_1_119' title='bbox 849 1458 958 1508; x_wconf 88' lang='lat' dir='ltr'>nomine</span> <span class='ocrx_word' id='word_1_120' title='bbox 980 1458 1159 1520; x_wconf 75' lang='lat' dir='ltr'>haerendum,</span> <span class='ocrx_word' id='word_1_121' title='bbox 1183 1459 1207 1509; x_wconf 84' lang='lat' dir='ltr'>ei</span> <span class='ocrx_word' id='word_1_122' title='bbox 1225 1459 1282 1522; x_wconf 90' lang='lat' dir='ltr'>qui-</span> 
     </span>
     <span class='ocr_line' id='line_1_13' title="bbox 143 1525 1283 1590; baseline 0.001 -15"><span class='ocrx_word' id='word_1_123' title='bbox 143 1531 206 1576; x_wconf 79' lang='lat' dir='ltr'>rent</span> <span class='ocrx_word' id='word_1_124' title='bbox 223 1525 347 1590; x_wconf 77' lang='lat' dir='ltr'><strong>cognati:</strong></span> <span class='ocrx_word' id='word_1_125' title='bbox 367 1525 591 1590; x_wconf 76' lang='lat' dir='ltr'>quemadmodum</span> <span class='ocrx_word' id='word_1_126' title='bbox 604 1526 688 1574; x_wconf 83' lang='lat' dir='ltr'>etiem</span> <span class='ocrx_word' id='word_1_127' title='bbox 740 1525 800 1575; x_wconf 89' lang='lat' dir='ltr'>dem</span> <span class='ocrx_word' id='word_1_128' title='bbox 818 1525 914 1587; x_wconf 79' lang='lat' dir='ltr'>tidem,</span> <span class='ocrx_word' id='word_1_129' title='bbox 933 1526 979 1590; x_wconf 84' lang='lat' dir='ltr'>qui</span> <span class='ocrx_word' id='word_1_130' title='bbox 996 1525 1061 1576; x_wconf 92' lang='lat' dir='ltr'>olim</span> <span class='ocrx_word' id='word_1_131' title='bbox 1078 1525 1191 1590; x_wconf 80' lang='lat' dir='ltr'><strong>Pelasgi</strong></span> <span class='ocrx_word' id='word_1_132' title='bbox 1209 1525 1283 1576; x_wconf 91' lang='lat' dir='ltr'>dice-</span> 
     </span>
     <span class='ocr_line' id='line_1_14' title="bbox 143 1592 1282 1669; baseline 0.002 -27"><span class='ocrx_word' id='word_1_133' title='bbox 143 1592 300 1644; x_wconf 85' lang='lat' dir='ltr'>Herodotus</span> <span class='ocrx_word' id='word_1_134' title='bbox 322 1597 350 1643; x_wconf 90' lang='lat' dir='ltr'>et</span> <span class='ocrx_word' id='word_1_135' title='bbox 366 1593 488 1669; x_wconf 60' lang='lat' dir='ltr'>gtrcedee</span> <span class='ocrx_word' id='word_1_136' title='bbox 510 1598 538 1642; x_wconf 91' lang='lat' dir='ltr'>et</span> <span class='ocrx_word' id='word_1_137' title='bbox 555 1593 689 1656; x_wconf 73' lang='lat' dir='ltr'>Cynurioe</span> <span class='ocrx_word' id='word_1_138' title='bbox 739 1593 851 1655; x_wconf 80' lang='lat' dir='ltr'>bantur,</span> <span class='ocrx_word' id='word_1_139' title='bbox 876 1593 989 1658; x_wconf 77' lang='lat' dir='ltr'>posthac</span> <span class='ocrx_word' id='word_1_140' title='bbox 1005 1594 1100 1644; x_wconf 89' lang='lat' dir='ltr'>Ionum</span> <span class='ocrx_word' id='word_1_141' title='bbox 1119 1593 1282 1659; x_wconf 76' lang='lat' dir='ltr'>appellatio-</span> 
     </span>
     <span class='ocr_line' id='line_1_15' title="bbox 142 1653 1282 1726; baseline 0.001 -17"><span class='ocrx_word' id='word_1_142' title='bbox 142 1660 328 1726; x_wconf 82' lang='lat' dir='ltr'>Peloponnesi</span> <span class='ocrx_word' id='word_1_143' title='bbox 337 1653 605 1726; x_wconf 63' lang='lat' dir='ltr'>oevro&#39;gdovorcdixit.</span> <span class='ocrx_word' id='word_1_144' title='bbox 621 1659 688 1710; x_wconf 82' lang='lat' dir='ltr'>Cum</span> <span class='ocrx_word' id='word_1_145' title='bbox 739 1675 801 1710; x_wconf 83' lang='lat' dir='ltr'>uem</span> <span class='ocrx_word' id='word_1_146' title='bbox 837 1665 1005 1726; x_wconf 79' lang='lat' dir='ltr'>occeperunt</span> <span class='ocrx_word' id='word_1_147' title='bbox 1037 1665 1108 1710; x_wconf 85' lang='lat' dir='ltr'>teste</span> <span class='ocrx_word' id='word_1_148' title='bbox 1143 1661 1282 1710; x_wconf 83' lang='lat' dir='ltr'>Herodoto</span> 
     </span>
     <span class='ocr_line' id='line_1_16' title="bbox 143 1727 1282 1793; baseline 0 -16"><span class='ocrx_word' id='word_1_149' title='bbox 143 1729 269 1780; x_wconf 81' lang='lat' dir='ltr'>hisvero</span> <span class='ocrx_word' id='word_1_150' title='bbox 287 1729 414 1793; x_wconf 79' lang='lat' dir='ltr'>qnoniam</span> <span class='ocrx_word' id='word_1_151' title='bbox 431 1729 520 1778; x_wconf 84' lang='lat' dir='ltr'>minue</span> <span class='ocrx_word' id='word_1_152' title='bbox 538 1743 688 1793; x_wconf 82' lang='lat' dir='ltr'>congruere</span> <span class='ocrx_word' id='word_1_153' title='bbox 740 1728 818 1788; x_wconf 88' lang='lat' dir='ltr'><strong>VIII,</strong></span> <span class='ocrx_word' id='word_1_154' title='bbox 837 1728 870 1776; x_wconf 82' lang='grc'>44</span> <span class='ocrx_word' id='word_1_155' title='bbox 888 1727 923 1777; x_wconf 86' lang='lat' dir='ltr'>eb</span> <span class='ocrx_word' id='word_1_156' title='bbox 940 1729 1021 1790; x_wconf 85' lang='lat' dir='ltr'>lone,</span> <span class='ocrx_word' id='word_1_157' title='bbox 1040 1727 1124 1778; x_wconf 81' lang='lat' dir='ltr'>Xuthi</span> <span class='ocrx_word' id='word_1_158' title='bbox 1142 1727 1213 1788; x_wconf 86' lang='lat' dir='ltr'>filio,</span> <span class='ocrx_word' id='word_1_159' title='bbox 1237 1743 1282 1777; x_wconf 90' lang='lat' dir='ltr'>cu·</span> 
     </span>
     <span class='ocr_line' id='line_1_17' title="bbox 143 1795 1282 1861; baseline -0.002 -15"><span class='ocrx_word' id='word_1_160' title='bbox 143 1795 302 1857; x_wconf 77' lang='lat' dir='ltr'>videbatur,</span> <span class='ocrx_word' id='word_1_161' title='bbox 322 1796 392 1860; x_wconf 87' lang='lat' dir='ltr'>quod</span> <span class='ocrx_word' id='word_1_162' title='bbox 410 1795 435 1844; x_wconf 91' lang='lat' dir='ltr'>h.</span> <span class='ocrx_word' id='word_1_163' title='bbox 450 1795 468 1845; x_wconf 91' lang='grc'>1.</span> <span class='ocrx_word' id='word_1_164' title='bbox 488 1795 523 1846; x_wconf 81' lang='lat' dir='ltr'>ab</span> <span class='ocrx_word' id='word_1_165' title='bbox 540 1796 634 1845; x_wconf 89' lang='lat' dir='ltr'>eodem</span> <span class='ocrx_word' id='word_1_166' title='bbox 646 1795 687 1844; x_wconf 91' lang='lat' dir='ltr'>hi·</span> <span class='ocrx_word' id='word_1_167' title='bbox 739 1796 781 1844; x_wconf 85' lang='lat' dir='ltr'>iue</span> <span class='ocrx_word' id='word_1_168' title='bbox 794 1811 893 1844; x_wconf 92' lang='lat' dir='ltr'>nomen</span> <span class='ocrx_word' id='word_1_169' title='bbox 905 1796 1061 1861; x_wconf 80' lang='lat' dir='ltr'>primitivae</span> <span class='ocrx_word' id='word_1_170' title='bbox 1079 1796 1155 1860; x_wconf 80' lang='lat' dir='ltr'>genti</span> <span class='ocrx_word' id='word_1_171' title='bbox 1167 1796 1282 1844; x_wconf 90' lang='lat' dir='ltr'>inditum</span> 
     </span>
     <span class='ocr_line' id='line_1_18' title="bbox 143 1861 1281 1929; baseline -0.001 -16"><span class='ocrx_word' id='word_1_172' title='bbox 143 1865 248 1913; x_wconf 84' lang='lat' dir='ltr'>etoriee</span> <span class='ocrx_word' id='word_1_173' title='bbox 266 1868 345 1929; x_wconf 85' lang='lat' dir='ltr'>putre</span> <span class='ocrx_word' id='word_1_174' title='bbox 362 1863 445 1912; x_wconf 91' lang='lat' dir='ltr'>iidem</span> <span class='ocrx_word' id='word_1_175' title='bbox 463 1863 577 1926; x_wconf 81' lang='lat' dir='ltr'>Cynurii</span> <span class='ocrx_word' id='word_1_176' title='bbox 595 1863 688 1913; x_wconf 87' lang='lat' dir='ltr'>dicun·</span> <span class='ocrx_word' id='word_1_177' title='bbox 739 1877 800 1913; x_wconf 81' lang='lat' dir='ltr'>ense</span> <span class='ocrx_word' id='word_1_178' title='bbox 814 1861 949 1913; x_wconf 83' lang='lat' dir='ltr'>Olintonis</span> <span class='ocrx_word' id='word_1_179' title='bbox 966 1867 1009 1912; x_wconf 84' lang='lat' dir='ltr'>eet</span> <span class='ocrx_word' id='word_1_180' title='bbox 1027 1864 1166 1913; x_wconf 79' lang='lat' dir='ltr'>cententio</span> <span class='ocrx_word' id='word_1_181' title='bbox 1178 1863 1196 1912; x_wconf 92' lang='lat' dir='ltr'>l.</span> <span class='ocrx_word' id='word_1_182' title='bbox 1209 1863 1227 1913; x_wconf 94' lang='lat' dir='ltr'>l.</span> <span class='ocrx_word' id='word_1_183' title='bbox 1241 1863 1281 1912; x_wconf 93' lang='lat' dir='ltr'>di·</span> 
     </span>
     <span class='ocr_line' id='line_1_19' title="bbox 143 1930 1283 1996; baseline 0 -16"><span class='ocrx_word' id='word_1_184' title='bbox 143 1934 253 1982; x_wconf 73' lang='lat' dir='ltr'>tursolt</span> <span class='ocrx_word' id='word_1_185' title='bbox 268 1946 328 1981; x_wconf 82' lang='lat' dir='ltr'>esee</span> <span class='ocrx_word' id='word_1_186' title='bbox 346 1931 451 1981; x_wconf 84' lang='lat' dir='ltr'>Ionicae</span> <span class='ocrx_word' id='word_1_187' title='bbox 469 1933 571 1995; x_wconf 75' lang='lat' dir='ltr'>stirpr&#39;c,</span> <span class='ocrx_word' id='word_1_188' title='bbox 594 1931 623 1980; x_wconf 91' lang='lat' dir='ltr'>in</span> <span class='ocrx_word' id='word_1_189' title='bbox 639 1946 687 1981; x_wconf 82' lang='lat' dir='ltr'>ve·</span> <span class='ocrx_word' id='word_1_190' title='bbox 739 1931 841 1980; x_wconf 82' lang='lat' dir='ltr'>centis:</span> <span class='ocrx_word' id='word_1_191' title='bbox 861 1945 898 1994; x_wconf 81' lang='lat' dir='ltr'>„e</span> <span class='ocrx_word' id='word_1_192' title='bbox 910 1945 970 1980; x_wconf 83' lang='lat' dir='ltr'>new</span> <span class='ocrx_word' id='word_1_193' title='bbox 983 1930 1161 1996; x_wconf 77' lang='lat' dir='ltr'>appellation,</span> <span class='ocrx_word' id='word_1_194' title='bbox 1174 1931 1224 1980; x_wconf 81' lang='lat' dir='ltr'>btt</span> <span class='ocrx_word' id='word_1_195' title='bbox 1235 1935 1283 1980; x_wconf 89' lang='lat' dir='ltr'>not</span> 
     </span>
     <span class='ocr_line' id='line_1_20' title="bbox 144 1997 1281 2062; baseline 0.001 -15"><span class='ocrx_word' id='word_1_196' title='bbox 144 1999 201 2049; x_wconf 80' lang='lat' dir='ltr'>rior</span> <span class='ocrx_word' id='word_1_197' title='bbox 210 1997 366 2048; x_wconf 87' lang='lat' dir='ltr'>inciderunt</span> <span class='ocrx_word' id='word_1_198' title='bbox 377 1999 560 2048; x_wconf 75' lang='lat' dir='ltr'>coniecturas.</span> <span class='ocrx_word' id='word_1_199' title='bbox 573 1998 688 2048; x_wconf 83' lang='lat' dir='ltr'>Bothiue</span> <span class='ocrx_word' id='word_1_200' title='bbox 739 2014 757 2048; x_wconf 83' lang='lat' dir='ltr'>e</span> <span class='ocrx_word' id='word_1_201' title='bbox 766 2013 825 2048; x_wconf 86' lang='lat' dir='ltr'>new</span> <span class='ocrx_word' id='word_1_202' title='bbox 836 2011 900 2048; x_wconf 84' lang='lat' dir='ltr'>rece</span> <span class='ocrx_word' id='word_1_203' title='bbox 910 2013 967 2048; x_wconf 85' lang='lat' dir='ltr'>wes</span> <span class='ocrx_word' id='word_1_204' title='bbox 979 1998 1141 2048; x_wconf 84' lang='lat' dir='ltr'>introduced</span> <span class='ocrx_word' id='word_1_205' title='bbox 1151 1997 1187 2062; x_wconf 85' lang='lat' dir='ltr'>by</span> <span class='ocrx_word' id='word_1_206' title='bbox 1196 1999 1281 2060; x_wconf 79' lang='lat' dir='ltr'>Ion‘¹;</span> 
     </span>
     <span class='ocr_line' id='line_1_21' title="bbox 144 2064 1282 2132; baseline -0.001 -16"><span class='ocrx_word' id='word_1_207' title='bbox 144 2066 179 2116; x_wconf 80' lang='lat' dir='ltr'>ed</span> <span class='ocrx_word' id='word_1_208' title='bbox 189 2065 300 2116; x_wconf 87' lang='lat' dir='ltr'>Terent.</span> <span class='ocrx_word' id='word_1_209' title='bbox 312 2071 416 2116; x_wconf 86' lang='lat' dir='ltr'>ennott.</span> <span class='ocrx_word' id='word_1_210' title='bbox 426 2081 490 2132; x_wconf 81' lang='lat' dir='ltr'>pag.</span> <span class='ocrx_word' id='word_1_211' title='bbox 501 2064 552 2116; x_wconf 79' lang='lat' dir='ltr'>tot</span> <span class='ocrx_word' id='word_1_212' title='bbox 560 2083 612 2132; x_wconf 89' lang='lat' dir='ltr'>pro</span> <span class='ocrx_word' id='word_1_213' title='bbox 618 2064 688 2129; x_wconf 84' lang='grc' dir='ltr'>μοῦ-</span> <span class='ocrx_word' id='word_1_214' title='bbox 739 2065 793 2115; x_wconf 85' lang='lat' dir='ltr'>niei</span> <span class='ocrx_word' id='word_1_215' title='bbox 804 2065 885 2115; x_wconf 83' lang='lat' dir='ltr'>mulie</span> <span class='ocrx_word' id='word_1_216' title='bbox 898 2081 957 2115; x_wconf 92' lang='lat' dir='ltr'>cum</span> <span class='ocrx_word' id='word_1_217' title='bbox 968 2065 1157 2117; x_wconf 84' lang='lat' dir='ltr'>Schoemenno</span> <span class='ocrx_word' id='word_1_218' title='bbox 1166 2066 1184 2115; x_wconf 95' lang='lat' dir='ltr'>l.</span> <span class='ocrx_word' id='word_1_219' title='bbox 1195 2065 1213 2114; x_wconf 90' lang='lat' dir='ltr'>l.</span> <span class='ocrx_word' id='word_1_220' title='bbox 1224 2069 1282 2115; x_wconf 80' lang='lat' dir='ltr'>ete-</span> 
     </span>
     <span class='ocr_line' id='line_1_22' title="bbox 144 2119 1283 2250; baseline 0 -68"><span class='ocrx_word' id='word_1_221' title='bbox 144 2149 189 2184; x_wconf 81' lang='grc' dir='ltr'>νοι</span> <span class='ocrx_word' id='word_1_222' title='bbox 199 2133 256 2198; x_wconf 86' lang='lat' dir='ltr'>legi</span> <span class='ocrx_word' id='word_1_223' title='bbox 265 2126 383 2196; x_wconf 69' lang='lat' dir='ltr'>vultule</span> <span class='ocrx_word' id='word_1_224' title='bbox 392 2119 432 2183; x_wconf 74' lang='grc' dir='ltr'>ὦν</span> <span class='ocrx_word' id='word_1_225' title='bbox 442 2125 471 2250; x_wconf 52' lang='grc' dir='ltr'>ἐξ</span> <span class='ocrx_word' id='word_1_226' title='bbox 481 2128 600 2196; x_wconf 74' lang='grc' dir='ltr'><strong><em>αἰῶνος,</em></strong></span> <span class='ocrx_word' id='word_1_227' title='bbox 611 2135 688 2182; x_wconf 83' lang='lat' dir='ltr'>Reie·</span> <span class='ocrx_word' id='word_1_228' title='bbox 738 2137 815 2182; x_wconf 92' lang='lat' dir='ltr'>tuere</span> <span class='ocrx_word' id='word_1_229' title='bbox 833 2149 932 2183; x_wconf 89' lang='lat' dir='ltr'>nomen</span> <span class='ocrx_word' id='word_1_230' title='bbox 948 2133 1001 2183; x_wconf 92' lang='lat' dir='ltr'>hoc</span> <span class='ocrx_word' id='word_1_231' title='bbox 1018 2149 1073 2184; x_wconf 91' lang='lat' dir='ltr'>nou</span> <span class='ocrx_word' id='word_1_232' title='bbox 1089 2133 1117 2182; x_wconf 92' lang='lat' dir='ltr'>iu</span> <span class='ocrx_word' id='word_1_233' title='bbox 1129 2133 1223 2182; x_wconf 83' lang='lat' dir='ltr'>Attice</span> <span class='ocrx_word' id='word_1_234' title='bbox 1237 2133 1283 2182; x_wconf 86' lang='lat' dir='ltr'>de-</span> 
     </span>
     <span class='ocr_line' id='line_1_23' title="bbox 143 2196 1281 2266; baseline 0.001 -17"><span class='ocrx_word' id='word_1_235' title='bbox 143 2201 206 2251; x_wconf 78' lang='lat' dir='ltr'>kiue</span> <span class='ocrx_word' id='word_1_236' title='bbox 225 2208 381 2251; x_wconf 81' lang='lat' dir='ltr'>correxerat</span> <span class='ocrx_word' id='word_1_237' title='bbox 398 2197 449 2250; x_wconf 79' lang='lat' dir='ltr'>don</span> <span class='ocrx_word' id='word_1_238' title='bbox 467 2215 528 2251; x_wconf 85' lang='grc' dir='ltr'><strong><em>ονσι</em></strong></span> <span class='ocrx_word' id='word_1_239' title='bbox 550 2196 590 2266; x_wconf 75' lang='grc' dir='ltr'>μέ</span> <span class='ocrx_word' id='word_1_240' title='bbox 596 2217 613 2250; x_wconf 89' lang='grc' dir='ltr'><strong><em>ν</em></strong></span> <span class='ocrx_word' id='word_1_241' title='bbox 629 2217 687 2266; x_wconf 83' lang='grc' dir='ltr'>μοι</span> <span class='ocrx_word' id='word_1_242' title='bbox 738 2215 811 2250; x_wconf 90' lang='lat' dir='ltr'>mum</span> <span class='ocrx_word' id='word_1_243' title='bbox 828 2205 890 2266; x_wconf 83' lang='lat' dir='ltr'>post</span> <span class='ocrx_word' id='word_1_244' title='bbox 907 2200 1052 2251; x_wconf 87' lang='lat' dir='ltr'>Hellenum</span> <span class='ocrx_word' id='word_1_245' title='bbox 1071 2201 1217 2250; x_wconf 77' lang='lat' dir='ltr'>adveutum</span> <span class='ocrx_word' id='word_1_246' title='bbox 1234 2216 1281 2264; x_wconf 90' lang='lat' dir='ltr'>po-</span> 
     </span>
     <span class='ocr_line' id='line_1_24' title="bbox 144 2257 1282 2334; baseline -0.002 -16"><span class='ocrx_word' id='word_1_247' title='bbox 144 2257 341 2330; x_wconf 61' lang='lat' dir='ltr'>nivenhem,</span> <span class='ocrx_word' id='word_1_248' title='bbox 360 2267 542 2330; x_wconf 79' lang='lat' dir='ltr'>Valckeuer.‚</span> <span class='ocrx_word' id='word_1_249' title='bbox 560 2269 604 2318; x_wconf 90' lang='lat' dir='ltr'>cui</span> <span class='ocrx_word' id='word_1_250' title='bbox 620 2269 687 2318; x_wconf 85' lang='lat' dir='ltr'>Ler-</span> <span class='ocrx_word' id='word_1_251' title='bbox 738 2268 802 2334; x_wconf 88' lang='lat' dir='ltr'>pulo</span> <span class='ocrx_word' id='word_1_252' title='bbox 820 2268 951 2331; x_wconf 84' lang='lat' dir='ltr'>inditum,</span> <span class='ocrx_word' id='word_1_253' title='bbox 970 2269 1018 2318; x_wconf 84' lang='lat' dir='ltr'>sed</span> <span class='ocrx_word' id='word_1_254' title='bbox 1031 2268 1112 2332; x_wconf 86' lang='lat' dir='ltr'>longe</span> <span class='ocrx_word' id='word_1_255' title='bbox 1127 2283 1188 2317; x_wconf 81' lang='lat' dir='ltr'>eece</span> <span class='ocrx_word' id='word_1_256' title='bbox 1205 2273 1282 2317; x_wconf 85' lang='lat' dir='ltr'>vetu-</span> 
     </span>
     <span class='ocr_line' id='line_1_25' title="bbox 144 2327 1282 2401; baseline 0 -17"><span class='ocrx_word' id='word_1_257' title='bbox 144 2335 355 2386; x_wconf 70' lang='lat' dir='ltr'>checaccedit:</span> <span class='ocrx_word' id='word_1_258' title='bbox 380 2329 512 2386; x_wconf 73' lang='grc' dir='ltr'><strong><em>δοκέουσι</em></strong></span> <span class='ocrx_word' id='word_1_259' title='bbox 529 2329 582 2401; x_wconf 70' lang='grc' dir='ltr'>μὲν</span> <span class='ocrx_word' id='word_1_260' title='bbox 601 2327 688 2394; x_wconf 78' lang='grc' dir='ltr'>ἐνίοις</span> <span class='ocrx_word' id='word_1_261' title='bbox 739 2337 818 2384; x_wconf 76' lang='lat' dir='ltr'>stiur.</span> <span class='ocrx_word' id='word_1_262' title='bbox 859 2335 951 2396; x_wconf 76' lang='lat' dir='ltr'>Quare</span> <span class='ocrx_word' id='word_1_263' title='bbox 972 2335 1046 2384; x_wconf 80' lang='lat' dir='ltr'>hund</span> <span class='ocrx_word' id='word_1_264' title='bbox 1068 2336 1126 2385; x_wconf 85' lang='lat' dir='ltr'>ecio</span> <span class='ocrx_word' id='word_1_265' title='bbox 1149 2350 1185 2383; x_wconf 86' lang='lat' dir='ltr'>nn</span> <span class='ocrx_word' id='word_1_266' title='bbox 1206 2339 1282 2384; x_wconf 88' lang='lat' dir='ltr'>recte</span> 
     </span>
     <span class='ocr_line' id='line_1_26' title="bbox 144 2391 1283 2468; baseline -0.002 -16"><span class='ocrx_word' id='word_1_267' title='bbox 144 2391 334 2465; x_wconf 79' lang='grc' dir='ltr'><strong><em>εἷναιἸωνες,</em></strong></span> <span class='ocrx_word' id='word_1_268' title='bbox 348 2419 400 2468; x_wconf 91' lang='lat' dir='ltr'>quo</span> <span class='ocrx_word' id='word_1_269' title='bbox 413 2403 481 2452; x_wconf 90' lang='lat' dir='ltr'>nihil</span> <span class='ocrx_word' id='word_1_270' title='bbox 494 2405 687 2453; x_wconf 87' lang='lat' dir='ltr'>inconvenieu-</span> <span class='ocrx_word' id='word_1_271' title='bbox 738 2403 779 2452; x_wconf 87' lang='lat' dir='ltr'>eie</span> <span class='ocrx_word' id='word_1_272' title='bbox 805 2403 988 2467; x_wconf 77' lang='lat' dir='ltr'>pronuntiarit</span> <span class='ocrx_word' id='word_1_273' title='bbox 1008 2401 1118 2451; x_wconf 75' lang='lat' dir='ltr'>Curtius</span> <span class='ocrx_word' id='word_1_274' title='bbox 1139 2400 1283 2466; x_wconf 80' lang='lat' dir='ltr'>(Pelopon-</span> 
     </span>
     <span class='ocr_line' id='line_1_27' title="bbox 142 2467 1282 2536; baseline -0.002 -16"><span class='ocrx_word' id='word_1_275' title='bbox 142 2472 199 2521; x_wconf 80' lang='lat' dir='ltr'>tiuo</span> <span class='ocrx_word' id='word_1_276' title='bbox 220 2469 286 2536; x_wconf 80' lang='lat' dir='ltr'>fingi</span> <span class='ocrx_word' id='word_1_277' title='bbox 329 2472 429 2521; x_wconf 83' lang='lat' dir='ltr'>otuieee</span> <span class='ocrx_word' id='word_1_278' title='bbox 453 2471 557 2521; x_wconf 84' lang='lat' dir='ltr'>iudicet</span> <span class='ocrx_word' id='word_1_279' title='bbox 573 2470 689 2520; x_wconf 84' lang='lat' dir='ltr'>Mueller</span> <span class='ocrx_word' id='word_1_280' title='bbox 739 2485 797 2519; x_wconf 82' lang='lat' dir='ltr'>nes.</span> <span class='ocrx_word' id='word_1_281' title='bbox 811 2471 834 2520; x_wconf 93' lang='lat'>1.</span> <span class='ocrx_word' id='word_1_282' title='bbox 847 2467 980 2535; x_wconf 75' lang='lat' dir='ltr'>pugbll:</span> <span class='ocrx_word' id='word_1_283' title='bbox 1001 2468 1109 2530; x_wconf 84' lang='lat' dir='ltr'>„Unter</span> <span class='ocrx_word' id='word_1_284' title='bbox 1125 2469 1178 2518; x_wconf 92' lang='lat' dir='ltr'>deu</span> <span class='ocrx_word' id='word_1_285' title='bbox 1194 2468 1282 2518; x_wconf 76' lang='lat' dir='ltr'>Stem-</span> 
     </span>
     <span class='ocr_line' id='line_1_28' title="bbox 144 2535 1282 2604; baseline -0.002 -16"><span class='ocrx_word' id='word_1_286' title='bbox 144 2538 208 2597; x_wconf 85' lang='lat' dir='ltr'>l.l.‚</span> <span class='ocrx_word' id='word_1_287' title='bbox 227 2539 273 2604; x_wconf 87' lang='lat' dir='ltr'>qui</span> <span class='ocrx_word' id='word_1_288' title='bbox 314 2539 417 2588; x_wconf 89' lang='lat' dir='ltr'>erodoti</span> <span class='ocrx_word' id='word_1_289' title='bbox 434 2535 608 2601; x_wconf 82' lang='lat' dir='ltr'>locoeI,bti.</span> <span class='ocrx_word' id='word_1_290' title='bbox 626 2538 686 2600; x_wconf 84' lang='lat' dir='ltr'>v11,</span> <span class='ocrx_word' id='word_1_291' title='bbox 739 2553 813 2598; x_wconf 89' lang='lat' dir='ltr'>meu,</span> <span class='ocrx_word' id='word_1_292' title='bbox 839 2536 944 2586; x_wconf 86' lang='lat' dir='ltr'>welche</span> <span class='ocrx_word' id='word_1_293' title='bbox 972 2551 1021 2586; x_wconf 77' lang='lat' dir='ltr'>aue</span> <span class='ocrx_word' id='word_1_294' title='bbox 1047 2537 1095 2585; x_wconf 93' lang='lat' dir='ltr'>der</span> <span class='ocrx_word' id='word_1_295' title='bbox 1114 2535 1282 2586; x_wconf 78' lang='lat' dir='ltr'>Urbevdllre·</span> 
     </span>
     <span class='ocr_line' id='line_1_29' title="bbox 142 2603 1282 2672; baseline -0.002 -16"><span class='ocrx_word' id='word_1_296' title='bbox 142 2605 186 2656; x_wconf 90' lang='grc'>94.</span> <span class='ocrx_word' id='word_1_297' title='bbox 200 2603 233 2656; x_wconf 80' lang='grc'>95</span> <span class='ocrx_word' id='word_1_298' title='bbox 251 2607 290 2656; x_wconf 85' lang='lat' dir='ltr'>ita</span> <span class='ocrx_word' id='word_1_299' title='bbox 303 2605 423 2672; x_wconf 79' lang='lat' dir='ltr'>Intelligi</span> <span class='ocrx_word' id='word_1_300' title='bbox 436 2606 506 2666; x_wconf 83' lang='lat' dir='ltr'>vult,</span> <span class='ocrx_word' id='word_1_301' title='bbox 523 2611 554 2656; x_wconf 89' lang='lat' dir='ltr'>ut</span> <span class='ocrx_word' id='word_1_302' title='bbox 565 2605 687 2656; x_wconf 84' lang='lat' dir='ltr'>Herodo-</span> <span class='ocrx_word' id='word_1_303' title='bbox 739 2621 809 2670; x_wconf 89' lang='lat' dir='ltr'>rung</span> <span class='ocrx_word' id='word_1_304' title='bbox 831 2603 879 2654; x_wconf 82' lang='lat' dir='ltr'>des</span> <span class='ocrx_word' id='word_1_305' title='bbox 901 2604 1012 2653; x_wconf 81' lang='lat' dir='ltr'>Lendee</span> <span class='ocrx_word' id='word_1_306' title='bbox 1038 2603 1083 2666; x_wconf 91' lang='lat' dir='ltr'>(de</span> <span class='ocrx_word' id='word_1_307' title='bbox 1105 2605 1282 2668; x_wconf 77' lang='lat' dir='ltr'>Peloponneso</span> 
     </span>
     <span class='ocr_line' id='line_1_30' title="bbox 143 2671 1282 2738; baseline -0.003 -15"><span class='ocrx_word' id='word_1_308' title='bbox 143 2679 188 2724; x_wconf 82' lang='lat' dir='ltr'>tue</span> <span class='ocrx_word' id='word_1_309' title='bbox 204 2673 339 2738; x_wconf 75' lang='lat' dir='ltr'>Pelasgos</span> <span class='ocrx_word' id='word_1_310' title='bbox 360 2689 421 2724; x_wconf 87' lang='lat' dir='ltr'>cnm</span> <span class='ocrx_word' id='word_1_311' title='bbox 440 2673 552 2724; x_wconf 79' lang='lat' dir='ltr'>Ionibus</span> <span class='ocrx_word' id='word_1_312' title='bbox 574 2674 687 2724; x_wconf 87' lang='lat' dir='ltr'>coniun-</span> <span class='ocrx_word' id='word_1_313' title='bbox 738 2671 867 2736; x_wconf 85' lang='lat' dir='ltr'>loquitur)</span> <span class='ocrx_word' id='word_1_314' title='bbox 889 2687 941 2721; x_wconf 89' lang='lat' dir='ltr'>nur</span> <span class='ocrx_word' id='word_1_315' title='bbox 962 2671 1046 2721; x_wconf 88' lang='lat' dir='ltr'>durch</span> <span class='ocrx_word' id='word_1_316' title='bbox 1068 2671 1138 2722; x_wconf 84' lang='lat' dir='ltr'>leiee</span> <span class='ocrx_word' id='word_1_317' title='bbox 1158 2671 1213 2721; x_wconf 91' lang='lat' dir='ltr'>und</span> <span class='ocrx_word' id='word_1_318' title='bbox 1232 2671 1282 2720; x_wconf 83' lang='lat' dir='ltr'>all·</span> 
     </span>
     <span class='ocr_line' id='line_1_31' title="bbox 143 2739 1281 2806; baseline -0.002 -16"><span class='ocrx_word' id='word_1_319' title='bbox 143 2742 211 2790; x_wconf 83' lang='lat' dir='ltr'>dens</span> <span class='ocrx_word' id='word_1_320' title='bbox 221 2741 266 2791; x_wconf 90' lang='lat' dir='ltr'>hic</span> <span class='ocrx_word' id='word_1_321' title='bbox 277 2756 382 2806; x_wconf 89' lang='lat' dir='ltr'>quoque</span> <span class='ocrx_word' id='word_1_322' title='bbox 390 2740 687 2806; x_wconf 81' lang='lat' dir='ltr'>Cynurioe‚Peleegnm</span> <span class='ocrx_word' id='word_1_323' title='bbox 739 2739 858 2806; x_wconf 81' lang='lat' dir='ltr'>miihlige</span> <span class='ocrx_word' id='word_1_324' title='bbox 870 2739 1070 2804; x_wconf 79' lang='lat' dir='ltr'>Abeouderung</span> <span class='ocrx_word' id='word_1_325' title='bbox 1081 2739 1281 2802; x_wconf 86' lang='lat' dir='ltr'>hervortreten,</span> 
     </span>
     <span class='ocr_line' id='line_1_32' title="bbox 144 2806 1281 2875; baseline -0.002 -17"><span class='ocrx_word' id='word_1_326' title='bbox 144 2813 264 2875; x_wconf 78' lang='lat' dir='ltr'>gentem,</span> <span class='ocrx_word' id='word_1_327' title='bbox 278 2825 326 2874; x_wconf 88' lang='lat' dir='ltr'>pro</span> <span class='ocrx_word' id='word_1_328' title='bbox 336 2809 396 2858; x_wconf 79' lang='lat' dir='ltr'>eolo</span> <span class='ocrx_word' id='word_1_329' title='bbox 406 2810 435 2858; x_wconf 95' lang='lat' dir='ltr'>in</span> <span class='ocrx_word' id='word_1_330' title='bbox 445 2809 634 2874; x_wconf 85' lang='lat' dir='ltr'>Peloponneso</span> <span class='ocrx_word' id='word_1_331' title='bbox 644 2809 686 2858; x_wconf 93' lang='lat' dir='ltr'>Io·</span> <span class='ocrx_word' id='word_1_332' title='bbox 737 2808 774 2856; x_wconf 86' lang='lat' dir='ltr'>iet</span> <span class='ocrx_word' id='word_1_333' title='bbox 790 2807 839 2860; x_wconf 86' lang='lat' dir='ltr'>der</span> <span class='ocrx_word' id='word_1_334' title='bbox 854 2807 1053 2858; x_wconf 85' lang='lat' dir='ltr'>bedentendete</span> <span class='ocrx_word' id='word_1_335' title='bbox 1075 2807 1124 2857; x_wconf 91' lang='lat' dir='ltr'>der</span> <span class='ocrx_word' id='word_1_336' title='bbox 1144 2806 1281 2857; x_wconf 81' lang='lat' dir='ltr'>Iouieche.</span> 
     </span>
     <span class='ocr_line' id='line_1_33' title="bbox 142 2873 1282 2940; baseline -0.003 -14"><span class='ocrx_word' id='word_1_337' title='bbox 142 2877 209 2926; x_wconf 84' lang='lat' dir='ltr'>nice</span> <span class='ocrx_word' id='word_1_338' title='bbox 220 2875 357 2926; x_wconf 84' lang='lat' dir='ltr'>hebuerit.</span> <span class='ocrx_word' id='word_1_339' title='bbox 380 2876 493 2940; x_wconf 76' lang='lat' dir='ltr'>Pelasgi</span> <span class='ocrx_word' id='word_1_340' title='bbox 501 2891 567 2926; x_wconf 87' lang='lat' dir='ltr'>vero</span> <span class='ocrx_word' id='word_1_341' title='bbox 580 2891 641 2926; x_wconf 90' lang='lat' dir='ltr'>cum</span> <span class='ocrx_word' id='word_1_342' title='bbox 655 2892 687 2926; x_wconf 84' lang='lat' dir='ltr'>ex</span> <span class='ocrx_word' id='word_1_343' title='bbox 738 2877 777 2924; x_wconf 83' lang='lat' dir='ltr'>Er</span> <span class='ocrx_word' id='word_1_344' title='bbox 792 2875 842 2925; x_wconf 84' lang='lat' dir='ltr'>het</span> <span class='ocrx_word' id='word_1_345' title='bbox 863 2875 907 2925; x_wconf 90' lang='lat' dir='ltr'>dio</span> <span class='ocrx_word' id='word_1_346' title='bbox 924 2875 1063 2925; x_wconf 84' lang='lat' dir='ltr'>reicheten</span> <span class='ocrx_word' id='word_1_347' title='bbox 1079 2874 1200 2925; x_wconf 87' lang='lat' dir='ltr'>Bliitheu</span> <span class='ocrx_word' id='word_1_348' title='bbox 1216 2873 1282 2923; x_wconf 90' lang='lat' dir='ltr'>Hel-</span> 
     </span>
     <span class='ocr_line' id='line_1_34' title="bbox 142 2942 1284 3008; baseline -0.002 -15"><span class='ocrx_word' id='word_1_349' title='bbox 142 2944 278 2994; x_wconf 87' lang='lat' dir='ltr'>Herodoti</span> <span class='ocrx_word' id='word_1_350' title='bbox 295 2944 435 2994; x_wconf 79' lang='lat' dir='ltr'>sententie</span> <span class='ocrx_word' id='word_1_351' title='bbox 449 2945 505 2994; x_wconf 85' lang='lat' dir='ltr'>eint</span> <span class='ocrx_word' id='word_1_352' title='bbox 518 2943 686 3008; x_wconf 78' lang='lat' dir='ltr'>aborigines,</span> <span class='ocrx_word' id='word_1_353' title='bbox 737 2943 881 2993; x_wconf 85' lang='lat' dir='ltr'>leniecheu</span> <span class='ocrx_word' id='word_1_354' title='bbox 909 2943 1019 2993; x_wconf 80' lang='lat' dir='ltr'>Lebene</span> <span class='ocrx_word' id='word_1_355' title='bbox 1050 2942 1284 3008; x_wconf 80' lang='lat' dir='ltr'>hervorgcbrecht</span> 
     </span>
     <span class='ocr_line' id='line_1_35' title="bbox 144 3010 1282 3076; baseline -0.001 -16"><span class='ocrx_word' id='word_1_356' title='bbox 144 3016 269 3076; x_wconf 77' lang='lat' dir='ltr'>apparet,</span> <span class='ocrx_word' id='word_1_357' title='bbox 282 3026 330 3061; x_wconf 88' lang='lat' dir='ltr'>cur</span> <span class='ocrx_word' id='word_1_358' title='bbox 339 3010 589 3074; x_wconf 84' lang='lat' dir='ltr'>eoedernCynurios</span> <span class='ocrx_word' id='word_1_359' title='bbox 601 3013 628 3060; x_wconf 93' lang='lat' dir='ltr'>in</span> <span class='ocrx_word' id='word_1_360' title='bbox 639 3014 688 3062; x_wconf 88' lang='lat' dir='ltr'>Pe·</span> <span class='ocrx_word' id='word_1_361' title='bbox 738 3012 792 3060; x_wconf 81' lang='lat' dir='ltr'>ond</span> <span class='ocrx_word' id='word_1_362' title='bbox 813 3013 845 3060; x_wconf 82' lang='lat' dir='ltr'>iet</span> <span class='ocrx_word' id='word_1_363' title='bbox 869 3012 934 3062; x_wconf 78' lang='lat' dir='ltr'>doch</span> <span class='ocrx_word' id='word_1_364' title='bbox 957 3026 1004 3062; x_wconf 81' lang='lat' dir='ltr'>oon</span> <span class='ocrx_word' id='word_1_365' title='bbox 1028 3011 1083 3060; x_wconf 86' lang='lat' dir='ltr'>dem</span> <span class='ocrx_word' id='word_1_366' title='bbox 1104 3011 1282 3074; x_wconf 71' lang='lat' dir='ltr'>Pelasgiecheu</span> 
     </span>
     <span class='ocr_line' id='line_1_36' title="bbox 143 3069 1281 3144; baseline -0.002 -16"><span class='ocrx_word' id='word_1_367' title='bbox 143 3079 294 3142; x_wconf 81' lang='lat' dir='ltr'>loponneeo</span> <span class='ocrx_word' id='word_1_368' title='bbox 307 3079 385 3128; x_wconf 88' lang='lat' dir='ltr'>modo</span> <span class='ocrx_word' id='word_1_369' title='bbox 396 3069 578 3144; x_wconf 72' lang='grc' dir='ltr'><strong><em>αὐτόχθονας</em></strong></span> <span class='ocrx_word' id='word_1_370' title='bbox 588 3095 687 3129; x_wconf 80' lang='lat' dir='ltr'>vocare</span> <span class='ocrx_word' id='word_1_371' title='bbox 739 3079 806 3144; x_wconf 78' lang='lat' dir='ltr'>nicht</span> <span class='ocrx_word' id='word_1_372' title='bbox 829 3080 971 3130; x_wconf 78' lang='lat' dir='ltr'>merentliclr</span> <span class='ocrx_word' id='word_1_373' title='bbox 999 3093 1029 3128; x_wconf 78' lang='lat' dir='ltr'>zu</span> <span class='ocrx_word' id='word_1_374' title='bbox 1054 3077 1281 3129; x_wconf 75' lang='lat' dir='ltr'>unterrclctden.“</span> 
     </span>
     <span class='ocr_line' id='line_1_37' title="bbox 143 3145 1283 3212; baseline -0.002 -16"><span class='ocrx_word' id='word_1_375' title='bbox 143 3147 266 3211; x_wconf 89' lang='lat' dir='ltr'>potuerit</span> <span class='ocrx_word' id='word_1_376' title='bbox 289 3145 350 3207; x_wconf 85' lang='lat' dir='ltr'>ille,</span> <span class='ocrx_word' id='word_1_377' title='bbox 373 3146 453 3197; x_wconf 92' lang='lat' dir='ltr'>modo</span> <span class='ocrx_word' id='word_1_378' title='bbox 476 3161 558 3196; x_wconf 80' lang='lat' dir='ltr'>unam</span> <span class='ocrx_word' id='word_1_379' title='bbox 582 3147 635 3196; x_wconf 87' lang='lat' dir='ltr'>huc</span> <span class='ocrx_word' id='word_1_380' title='bbox 660 3149 688 3196; x_wconf 92' lang='lat' dir='ltr'>in</span> <span class='ocrx_word' id='word_1_381' title='bbox 738 3147 780 3196; x_wconf 83' lang='lat' dir='ltr'>Ad</span> <span class='ocrx_word' id='word_1_382' title='bbox 792 3146 976 3212; x_wconf 77' lang='lat' dir='ltr'>Peloponnesi</span> <span class='ocrx_word' id='word_1_383' title='bbox 993 3147 1139 3212; x_wconf 77' lang='lat' dir='ltr'>indigenae</span> <span class='ocrx_word' id='word_1_384' title='bbox 1155 3145 1228 3196; x_wconf 92' lang='lat' dir='ltr'>idern</span> <span class='ocrx_word' id='word_1_385' title='bbox 1239 3147 1283 3196; x_wconf 84' lang='lat' dir='ltr'>vir</span> 
     </span>
     <span class='ocr_line' id='line_1_38' title="bbox 143 3213 1282 3280; baseline -0.001 -17"><span class='ocrx_word' id='word_1_386' title='bbox 143 3221 219 3264; x_wconf 79' lang='lat' dir='ltr'>terre</span> <span class='ocrx_word' id='word_1_387' title='bbox 236 3219 345 3280; x_wconf 77' lang='lat' dir='ltr'>gentem</span> <span class='ocrx_word' id='word_1_388' title='bbox 363 3214 499 3276; x_wconf 75' lang='lat' dir='ltr'>ionicam,</span> <span class='ocrx_word' id='word_1_389' title='bbox 518 3213 546 3263; x_wconf 93' lang='lat' dir='ltr'>id</span> <span class='ocrx_word' id='word_1_390' title='bbox 563 3219 618 3276; x_wconf 79' lang='lat' dir='ltr'>eet,</span> <span class='ocrx_word' id='word_1_391' title='bbox 636 3215 688 3265; x_wconf 90' lang='lat' dir='ltr'>Pe·</span> <span class='ocrx_word' id='word_1_392' title='bbox 739 3213 835 3264; x_wconf 79' lang='lat' dir='ltr'>doctus</span> <span class='ocrx_word' id='word_1_393' title='bbox 848 3215 981 3278; x_wconf 85' lang='lat' dir='ltr'>Cynurioe</span> <span class='ocrx_word' id='word_1_394' title='bbox 999 3214 1085 3264; x_wconf 86' lang='lat' dir='ltr'>reiert</span> <span class='ocrx_word' id='word_1_395' title='bbox 1099 3229 1185 3278; x_wconf 79' lang='lat' dir='ltr'>neque</span> <span class='ocrx_word' id='word_1_396' title='bbox 1199 3217 1282 3277; x_wconf 83' lang='lat' dir='ltr'>etque</span> 
     </span>
     <span class='ocr_line' id='line_1_39' title="bbox 144 3279 1300 3348; baseline -0.002 -16"><span class='ocrx_word' id='word_1_397' title='bbox 144 3282 261 3346; x_wconf 82' lang='lat' dir='ltr'>lesgom.</span> <span class='ocrx_word' id='word_1_398' title='bbox 279 3282 530 3348; x_wconf 83' lang='lat' dir='ltr'>Ionumetirpecum</span> <span class='ocrx_word' id='word_1_399' title='bbox 540 3281 688 3346; x_wconf 80' lang='lat' dir='ltr'>Pelasgien</span> <span class='ocrx_word' id='word_1_400' title='bbox 740 3280 883 3332; x_wconf 84' lang='lat' dir='ltr'>Ouueouee</span> <span class='ocrx_word' id='word_1_401' title='bbox 901 3283 967 3335; x_wconf 87' lang='lat' dir='ltr'>ibid.</span> <span class='ocrx_word' id='word_1_402' title='bbox 985 3297 1048 3346; x_wconf 82' lang='lat' dir='ltr'>pag.</span> <span class='ocrx_word' id='word_1_403' title='bbox 1067 3279 1109 3331; x_wconf 78' lang='grc'>99.</span> <span class='ocrx_word' id='word_1_404' title='bbox 1136 3279 1300 3330; x_wconf 79' lang='lat' dir='ltr'>Sufficiant·</span> 
     </span>
     <span class='ocr_line' id='line_1_40' title="bbox 144 3347 1280 3414; baseline -0.004 -16"><span class='ocrx_word' id='word_1_405' title='bbox 144 3349 231 3398; x_wconf 83' lang='lat' dir='ltr'>suerit</span> <span class='ocrx_word' id='word_1_406' title='bbox 244 3350 374 3414; x_wconf 76' lang='lat' dir='ltr'>leuesque</span> <span class='ocrx_word' id='word_1_407' title='bbox 389 3349 452 3399; x_wconf 90' lang='lat' dir='ltr'>iude</span> <span class='ocrx_word' id='word_1_408' title='bbox 466 3349 501 3398; x_wconf 81' lang='lat' dir='ltr'>eb</span> <span class='ocrx_word' id='word_1_409' title='bbox 513 3349 581 3413; x_wconf 81' lang='lat' dir='ltr'>ipsis</span> <span class='ocrx_word' id='word_1_410' title='bbox 594 3349 687 3400; x_wconf 84' lang='lat' dir='ltr'>Peles·</span> <span class='ocrx_word' id='word_1_411' title='bbox 739 3349 810 3398; x_wconf 83' lang='lat' dir='ltr'>haec</span> <span class='ocrx_word' id='word_1_412' title='bbox 841 3349 875 3398; x_wconf 84' lang='lat' dir='ltr'>ud</span> <span class='ocrx_word' id='word_1_413' title='bbox 899 3349 1032 3400; x_wconf 87' lang='lat' dir='ltr'>Herodoti</span> <span class='ocrx_word' id='word_1_414' title='bbox 1060 3348 1145 3398; x_wconf 86' lang='lat' dir='ltr'>verbe</span> <span class='ocrx_word' id='word_1_415' title='bbox 1170 3347 1280 3407; x_wconf 80' lang='lat' dir='ltr'>tuenda,</span> 
     </span>
     <span class='ocr_line' id='line_1_41' title="bbox 143 3413 1282 3482; baseline -0.004 -16"><span class='ocrx_word' id='word_1_416' title='bbox 143 3417 187 3478; x_wconf 81' lang='lat' dir='ltr'>gie</span> <span class='ocrx_word' id='word_1_417' title='bbox 200 3415 230 3479; x_wconf 91' lang='lat' dir='ltr'>(i.</span> <span class='ocrx_word' id='word_1_418' title='bbox 245 3431 268 3466; x_wconf 90' lang='lat' dir='ltr'>e.</span> <span class='ocrx_word' id='word_1_419' title='bbox 283 3417 482 3481; x_wconf 74' lang='lat' dir='ltr'>antiquissimis</span> <span class='ocrx_word' id='word_1_420' title='bbox 496 3431 528 3466; x_wconf 81' lang='lat' dir='ltr'>ec</span> <span class='ocrx_word' id='word_1_421' title='bbox 541 3417 688 3482; x_wconf 77' lang='lat' dir='ltr'>primitivis</span> <span class='ocrx_word' id='word_1_422' title='bbox 740 3431 810 3480; x_wconf 81' lang='lat' dir='ltr'>quae</span> <span class='ocrx_word' id='word_1_423' title='bbox 839 3431 903 3466; x_wconf 81' lang='lat' dir='ltr'>vere</span> <span class='ocrx_word' id='word_1_424' title='bbox 933 3421 1063 3481; x_wconf 87' lang='lat' dir='ltr'>recteque</span> <span class='ocrx_word' id='word_1_425' title='bbox 1092 3415 1183 3480; x_wconf 78' lang='lat' dir='ltr'>posita</span> <span class='ocrx_word' id='word_1_426' title='bbox 1215 3413 1282 3462; x_wconf 86' lang='lat' dir='ltr'>milri</span> 
     </span>
     <span class='ocr_line' id='line_1_42' title="bbox 143 3481 1280 3549; baseline -0.005 -15"><span class='ocrx_word' id='word_1_427' title='bbox 143 3483 328 3549; x_wconf 75' lang='lat' dir='ltr'>Peloponnesi</span> <span class='ocrx_word' id='word_1_428' title='bbox 350 3483 460 3548; x_wconf 77' lang='lat' dir='ltr'>incolis)</span> <span class='ocrx_word' id='word_1_429' title='bbox 484 3483 614 3549; x_wconf 82' lang='lat' dir='ltr'>proiecti,</span> <span class='ocrx_word' id='word_1_430' title='bbox 639 3486 689 3534; x_wconf 90' lang='lat' dir='ltr'>mi·</span> <span class='ocrx_word' id='word_1_431' title='bbox 741 3499 800 3532; x_wconf 83' lang='lat' dir='ltr'>esse</span> <span class='ocrx_word' id='word_1_432' title='bbox 813 3483 948 3534; x_wconf 84' lang='lat' dir='ltr'>videntur.</span> <span class='ocrx_word' id='word_1_433' title='bbox 977 3485 1019 3532; x_wconf 91' lang='lat' dir='ltr'>De</span> <span class='ocrx_word' id='word_1_434' title='bbox 1034 3483 1145 3546; x_wconf 77' lang='lat' dir='ltr'>Cyrruria</span> <span class='ocrx_word' id='word_1_435' title='bbox 1159 3481 1280 3544; x_wconf 87' lang='lat' dir='ltr'>regione,</span> 
     </span>
     <span class='ocr_line' id='line_1_43' title="bbox 143 3547 1282 3616; baseline -0.004 -16"><span class='ocrx_word' id='word_1_436' title='bbox 143 3567 203 3600; x_wconf 88' lang='lat' dir='ltr'>rum</span> <span class='ocrx_word' id='word_1_437' title='bbox 215 3553 309 3616; x_wconf 90' lang='lat' dir='ltr'>utique</span> <span class='ocrx_word' id='word_1_438' title='bbox 326 3552 371 3601; x_wconf 83' lang='lat' dir='ltr'>vix</span> <span class='ocrx_word' id='word_1_439' title='bbox 390 3567 450 3602; x_wconf 84' lang='lat' dir='ltr'>esee</span> <span class='ocrx_word' id='word_1_440' title='bbox 468 3552 581 3616; x_wconf 88' lang='lat' dir='ltr'>poterit,</span> <span class='ocrx_word' id='word_1_441' title='bbox 600 3551 689 3615; x_wconf 80' lang='lat' dir='ltr'>Cynu-</span> <span class='ocrx_word' id='word_1_442' title='bbox 741 3551 776 3600; x_wconf 79' lang='lat' dir='ltr'>ed</span> <span class='ocrx_word' id='word_1_443' title='bbox 794 3566 873 3614; x_wconf 86' lang='lat' dir='ltr'>quem</span> <span class='ocrx_word' id='word_1_444' title='bbox 892 3551 976 3600; x_wconf 86' lang='lat' dir='ltr'>etiem</span> <span class='ocrx_word' id='word_1_445' title='bbox 988 3551 1099 3614; x_wconf 76' lang='lat' dir='ltr'>Thyrea</span> <span class='ocrx_word' id='word_1_446' title='bbox 1117 3547 1182 3610; x_wconf 79' lang='lat' dir='ltr'>(vid.</span> <span class='ocrx_word' id='word_1_447' title='bbox 1195 3547 1282 3596; x_wconf 90' lang='lat' dir='ltr'>Hero-</span> 
     </span>
     <span class='ocr_line' id='line_1_44' title="bbox 144 3609 1282 3684; baseline -0.005 -16"><span class='ocrx_word' id='word_1_448' title='bbox 144 3619 214 3680; x_wconf 88' lang='lat' dir='ltr'>rios‚</span> <span class='ocrx_word' id='word_1_449' title='bbox 233 3621 334 3684; x_wconf 88' lang='lat' dir='ltr'>quippe</span> <span class='ocrx_word' id='word_1_450' title='bbox 352 3609 533 3684; x_wconf 71' lang='grc' dir='ltr'><strong><em>αὐτόχθονας</em></strong></span> <span class='ocrx_word' id='word_1_451' title='bbox 551 3618 581 3681; x_wconf 91' lang='lat' dir='ltr'>(i.</span> <span class='ocrx_word' id='word_1_452' title='bbox 599 3633 622 3668; x_wconf 89' lang='lat' dir='ltr'>e.</span> <span class='ocrx_word' id='word_1_453' title='bbox 636 3619 688 3669; x_wconf 91' lang='lat' dir='ltr'>Pe·</span> <span class='ocrx_word' id='word_1_454' title='bbox 740 3619 795 3667; x_wconf 90' lang='lat' dir='ltr'>dot.</span> <span class='ocrx_word' id='word_1_455' title='bbox 808 3619 833 3674; x_wconf 91' lang='lat'>1,</span> <span class='ocrx_word' id='word_1_456' title='bbox 846 3617 879 3667; x_wconf 84' lang='lat'>82</span> <span class='ocrx_word' id='word_1_457' title='bbox 892 3618 985 3682; x_wconf 91' lang='lat' dir='ltr'>ibique</span> <span class='ocrx_word' id='word_1_458' title='bbox 1002 3616 1083 3679; x_wconf 87' lang='lat' dir='ltr'>nott.)</span> <span class='ocrx_word' id='word_1_459' title='bbox 1101 3615 1282 3676; x_wconf 79' lang='lat' dir='ltr'>referebatur,</span> 
     </span>
     <span class='ocr_line' id='line_1_45' title="bbox 143 3682 1283 3752; baseline -0.005 -16"><span class='ocrx_word' id='word_1_460' title='bbox 143 3686 247 3750; x_wconf 75' lang='lat' dir='ltr'>lorgoe,</span> <span class='ocrx_word' id='word_1_461' title='bbox 258 3687 413 3752; x_wconf 79' lang='lat' dir='ltr'>indigenas)</span> <span class='ocrx_word' id='word_1_462' title='bbox 426 3688 505 3736; x_wconf 84' lang='lat' dir='ltr'>lones</span> <span class='ocrx_word' id='word_1_463' title='bbox 516 3701 621 3752; x_wconf 88' lang='lat' dir='ltr'>quoque</span> <span class='ocrx_word' id='word_1_464' title='bbox 632 3687 687 3736; x_wconf 91' lang='lat' dir='ltr'>dici</span> <span class='ocrx_word' id='word_1_465' title='bbox 740 3690 861 3736; x_wconf 80' lang='lat' dir='ltr'>veterum</span> <span class='ocrx_word' id='word_1_466' title='bbox 879 3685 1038 3735; x_wconf 84' lang='lat' dir='ltr'>testimonio</span> <span class='ocrx_word' id='word_1_467' title='bbox 1056 3683 1137 3734; x_wconf 79' lang='lat' dir='ltr'>effert</span> <span class='ocrx_word' id='word_1_468' title='bbox 1149 3682 1283 3745; x_wconf 73' lang='lat' dir='ltr'>l&#39;orbiger</span> 
     </span>
     <span class='ocr_line' id='line_1_46' title="bbox 144 3750 1283 3820; baseline -0.004 -16"><span class='ocrx_word' id='word_1_469' title='bbox 144 3753 180 3804; x_wconf 73' lang='lat' dir='ltr'>eb</span> <span class='ocrx_word' id='word_1_470' title='bbox 193 3753 333 3804; x_wconf 86' lang='lat' dir='ltr'>Herodoto</span> <span class='ocrx_word' id='word_1_471' title='bbox 347 3766 446 3818; x_wconf 85' lang='lat' dir='ltr'>eosque</span> <span class='ocrx_word' id='word_1_472' title='bbox 465 3753 537 3804; x_wconf 81' lang='lat' dir='ltr'>colos</span> <span class='ocrx_word' id='word_1_473' title='bbox 550 3769 598 3818; x_wconf 86' lang='lat' dir='ltr'>per</span> <span class='ocrx_word' id='word_1_474' title='bbox 610 3753 688 3804; x_wconf 91' lang='lat' dir='ltr'>Pelo·</span> <span class='ocrx_word' id='word_1_475' title='bbox 739 3753 756 3802; x_wconf 95' lang='lat' dir='ltr'>l.</span> <span class='ocrx_word' id='word_1_476' title='bbox 770 3753 789 3802; x_wconf 91' lang='lat' dir='ltr'>l.</span> <span class='ocrx_word' id='word_1_477' title='bbox 801 3768 865 3820; x_wconf 80' lang='lat' dir='ltr'>pag.</span> <span class='ocrx_word' id='word_1_478' title='bbox 878 3751 929 3804; x_wconf 88' lang='grc'>993</span> <span class='ocrx_word' id='word_1_479' title='bbox 941 3769 998 3817; x_wconf 85' lang='lat' dir='ltr'>eeq.</span> <span class='ocrx_word' id='word_1_480' title='bbox 1024 3752 1103 3801; x_wconf 84' lang='lat' dir='ltr'>Nunc</span> <span class='ocrx_word' id='word_1_481' title='bbox 1116 3752 1143 3800; x_wconf 89' lang='lat' dir='ltr'>iu</span> <span class='ocrx_word' id='word_1_482' title='bbox 1156 3750 1209 3800; x_wconf 80' lang='lat' dir='ltr'>hac</span> <span class='ocrx_word' id='word_1_483' title='bbox 1221 3750 1283 3815; x_wconf 79' lang='lat' dir='ltr'>ipen</span> 
     </span>
     <span class='ocr_line' id='line_1_47' title="bbox 143 3817 1283 3887; baseline -0.003 -17"><span class='ocrx_word' id='word_1_484' title='bbox 143 3836 303 3886; x_wconf 72' lang='lat' dir='ltr'>pomerum,</span> <span class='ocrx_word' id='word_1_485' title='bbox 311 3837 380 3883; x_wconf 83' lang='lat' dir='ltr'>curn,</span> <span class='ocrx_word' id='word_1_486' title='bbox 390 3822 436 3886; x_wconf 89' lang='lat' dir='ltr'>qni</span> <span class='ocrx_word' id='word_1_487' title='bbox 447 3821 496 3870; x_wconf 82' lang='lat' dir='ltr'>elii</span> <span class='ocrx_word' id='word_1_488' title='bbox 506 3822 586 3872; x_wconf 77' lang='lat' dir='ltr'>lones</span> <span class='ocrx_word' id='word_1_489' title='bbox 596 3822 624 3870; x_wconf 92' lang='lat' dir='ltr'>in</span> <span class='ocrx_word' id='word_1_490' title='bbox 635 3821 688 3870; x_wconf 85' lang='lat' dir='ltr'>hec</span> <span class='ocrx_word' id='word_1_491' title='bbox 738 3821 863 3887; x_wconf 77' lang='lat' dir='ltr'>regione,</span> <span class='ocrx_word' id='word_1_492' title='bbox 882 3822 911 3870; x_wconf 90' lang='lat' dir='ltr'>in</span> <span class='ocrx_word' id='word_1_493' title='bbox 927 3820 1064 3870; x_wconf 76' lang='lat' dir='ltr'>montibus</span> <span class='ocrx_word' id='word_1_494' title='bbox 1078 3817 1235 3884; x_wconf 87' lang='lat' dir='ltr'>Argolidem</span> <span class='ocrx_word' id='word_1_495' title='bbox 1255 3823 1283 3868; x_wconf 89' lang='lat' dir='ltr'>et</span> 
     </span>
     <span class='ocr_line' id='line_1_48' title="bbox 144 3886 1283 3954; baseline -0.004 -16"><span class='ocrx_word' id='word_1_496' title='bbox 144 3893 219 3938; x_wconf 82' lang='lat' dir='ltr'>terre</span> <span class='ocrx_word' id='word_1_497' title='bbox 237 3888 302 3938; x_wconf 90' lang='lat' dir='ltr'>olim</span> <span class='ocrx_word' id='word_1_498' title='bbox 319 3889 436 3942; x_wconf 82' lang='lat' dir='ltr'>tuerint.</span> <span class='ocrx_word' id='word_1_499' title='bbox 459 3889 504 3939; x_wconf 88' lang='lat' dir='ltr'>vel</span> <span class='ocrx_word' id='word_1_500' title='bbox 522 3889 626 3954; x_wconf 81' lang='lat' dir='ltr'>expulsi</span> <span class='ocrx_word' id='word_1_501' title='bbox 643 3888 687 3939; x_wconf 84' lang='lat' dir='ltr'>vel</span> <span class='ocrx_word' id='word_1_502' title='bbox 738 3889 907 3939; x_wconf 75' lang='lat' dir='ltr'>Laconicum</span> <span class='ocrx_word' id='word_1_503' title='bbox 931 3887 1125 3953; x_wconf 78' lang='lat' dir='ltr'>reparantibus</span> <span class='ocrx_word' id='word_1_504' title='bbox 1145 3892 1229 3951; x_wconf 82' lang='lat' dir='ltr'>etque</span> <span class='ocrx_word' id='word_1_505' title='bbox 1254 3886 1283 3934; x_wconf 90' lang='lat' dir='ltr'>iu</span> 
     </span>
     <span class='ocr_line' id='line_1_49' title="bbox 144 3953 1283 4022; baseline -0.004 -16"><span class='ocrx_word' id='word_1_506' title='bbox 144 3971 207 4006; x_wconf 88' lang='lat' dir='ltr'>cum</span> <span class='ocrx_word' id='word_1_507' title='bbox 220 3955 284 4006; x_wconf 82' lang='lat' dir='ltr'>nliir</span> <span class='ocrx_word' id='word_1_508' title='bbox 298 3956 425 4022; x_wconf 75' lang='lat' dir='ltr'>gentibue</span> <span class='ocrx_word' id='word_1_509' title='bbox 438 3957 603 4007; x_wconf 86' lang='lat' dir='ltr'>irruentibus</span> <span class='ocrx_word' id='word_1_510' title='bbox 618 3973 688 4007; x_wconf 90' lang='lat' dir='ltr'>com·</span> <span class='ocrx_word' id='word_1_511' title='bbox 738 3971 803 4007; x_wconf 80' lang='lat' dir='ltr'>orne</span> <span class='ocrx_word' id='word_1_512' title='bbox 822 3956 976 4006; x_wconf 77' lang='lat' dir='ltr'>maritimae</span> <span class='ocrx_word' id='word_1_513' title='bbox 993 3955 1062 4005; x_wconf 84' lang='lat' dir='ltr'>locis</span> <span class='ocrx_word' id='word_1_514' title='bbox 1080 3954 1184 4018; x_wconf 73' lang='lat' dir='ltr'>aliquot</span> <span class='ocrx_word' id='word_1_515' title='bbox 1204 3953 1283 4003; x_wconf 83' lang='lat' dir='ltr'>hebi-</span> 
     </span>
     <span class='ocr_line' id='line_1_50' title="bbox 144 4019 1282 4088; baseline -0.004 -15"><span class='ocrx_word' id='word_1_516' title='bbox 144 4023 223 4073; x_wconf 84' lang='lat' dir='ltr'>mixti</span> <span class='ocrx_word' id='word_1_517' title='bbox 244 4024 312 4086; x_wconf 81' lang='lat' dir='ltr'>sint,</span> <span class='ocrx_word' id='word_1_518' title='bbox 337 4039 425 4088; x_wconf 86' lang='lat' dir='ltr'>neque</span> <span class='ocrx_word' id='word_1_519' title='bbox 442 4024 577 4074; x_wconf 86' lang='lat' dir='ltr'>Herodoti</span> <span class='ocrx_word' id='word_1_520' title='bbox 595 4028 688 4074; x_wconf 76' lang='lat' dir='ltr'>aetate</span> <span class='ocrx_word' id='word_1_521' title='bbox 738 4028 799 4073; x_wconf 83' lang='lat' dir='ltr'>tent</span> <span class='ocrx_word' id='word_1_522' title='bbox 818 4019 949 4081; x_wconf 80' lang='grc' dir='ltr'><strong><em>Ζαίαωνες</em></strong></span> <span class='ocrx_word' id='word_1_523' title='bbox 972 4024 1018 4088; x_wconf 89' lang='lat' dir='ltr'>qni</span> <span class='ocrx_word' id='word_1_524' title='bbox 1039 4023 1168 4072; x_wconf 88' lang='lat' dir='ltr'>dicuntur</span> <span class='ocrx_word' id='word_1_525' title='bbox 1189 4020 1282 4086; x_wconf 82' lang='lat' dir='ltr'>(vulgo</span> 
     </span>
     <span class='ocr_line' id='line_1_51' title="bbox 145 4089 1284 4157; baseline -0.002 -17"><span class='ocrx_word' id='word_1_526' title='bbox 145 4090 263 4156; x_wconf 76' lang='lat' dir='ltr'>emplius</span> <span class='ocrx_word' id='word_1_527' title='bbox 280 4091 309 4140; x_wconf 91' lang='lat' dir='ltr'>in</span> <span class='ocrx_word' id='word_1_528' title='bbox 320 4091 374 4141; x_wconf 82' lang='lat' dir='ltr'>hec</span> <span class='ocrx_word' id='word_1_529' title='bbox 388 4091 483 4141; x_wconf 81' lang='lat' dir='ltr'>eedem</span> <span class='ocrx_word' id='word_1_530' title='bbox 497 4095 572 4141; x_wconf 83' lang='lat' dir='ltr'>terre</span> <span class='ocrx_word' id='word_1_531' title='bbox 584 4092 689 4157; x_wconf 89' lang='lat' dir='ltr'>reperi·</span> <span class='ocrx_word' id='word_1_532' title='bbox 743 4091 907 4151; x_wconf 59' lang='lat' dir='ltr'>Tuberones,</span> <span class='ocrx_word' id='word_1_533' title='bbox 915 4091 1031 4156; x_wconf 89' lang='lat' dir='ltr'>indeque</span> <span class='ocrx_word' id='word_1_534' title='bbox 1042 4091 1183 4155; x_wconf 81' lang='lat' dir='ltr'>ipseterre</span> <span class='ocrx_word' id='word_1_535' title='bbox 1194 4089 1284 4138; x_wconf 76' lang='lat' dir='ltr'>Pscho-</span> 
     </span>
     <span class='ocr_line' id='line_1_52' title="bbox 144 4155 1281 4226; baseline -0.002 -18"><span class='ocrx_word' id='word_1_536' title='bbox 144 4161 252 4222; x_wconf 87' lang='lat' dir='ltr'>rentur‚</span> <span class='ocrx_word' id='word_1_537' title='bbox 274 4157 341 4208; x_wconf 91' lang='lat' dir='ltr'>licet</span> <span class='ocrx_word' id='word_1_538' title='bbox 362 4159 483 4224; x_wconf 74' lang='lat' dir='ltr'>vestigio</span> <span class='ocrx_word' id='word_1_539' title='bbox 504 4159 576 4208; x_wconf 81' lang='lat' dir='ltr'>haud</span> <span class='ocrx_word' id='word_1_540' title='bbox 598 4175 688 4226; x_wconf 81' lang='lat' dir='ltr'>peuce</span> <span class='ocrx_word' id='word_1_541' title='bbox 737 4159 834 4221; x_wconf 83' lang='lat' dir='ltr'>conio),</span> <span class='ocrx_word' id='word_1_542' title='bbox 849 4158 983 4224; x_wconf 82' lang='lat' dir='ltr'>peculiari</span> <span class='ocrx_word' id='word_1_543' title='bbox 996 4173 1049 4222; x_wconf 79' lang='lat' dir='ltr'>que</span> <span class='ocrx_word' id='word_1_544' title='bbox 1060 4161 1173 4208; x_wconf 91' lang='lat' dir='ltr'>utuntur</span> <span class='ocrx_word' id='word_1_545' title='bbox 1183 4155 1281 4222; x_wconf 82' lang='lat' dir='ltr'>lingue</span> 
     </span>
     <span class='ocr_line' id='line_1_53' title="bbox 144 4225 1281 4292; baseline -0.003 -16"><span class='ocrx_word' id='word_1_546' title='bbox 144 4229 266 4286; x_wconf 75' lang='lat' dir='ltr'>exstent,</span> <span class='ocrx_word' id='word_1_547' title='bbox 281 4227 378 4292; x_wconf 80' lang='lat' dir='ltr'>quibne</span> <span class='ocrx_word' id='word_1_548' title='bbox 391 4231 525 4292; x_wconf 76' lang='lat' dir='ltr'>appareat</span> <span class='ocrx_word' id='word_1_549' title='bbox 536 4226 608 4276; x_wconf 80' lang='lat' dir='ltr'>houd</span> <span class='ocrx_word' id='word_1_550' title='bbox 621 4241 687 4292; x_wconf 84' lang='lat' dir='ltr'>peu·</span> <span class='ocrx_word' id='word_1_551' title='bbox 740 4241 756 4276; x_wconf 80' lang='grc' dir='ltr'><strong><em>α</em></strong></span> <span class='ocrx_word' id='word_1_552' title='bbox 769 4227 887 4276; x_wconf 77' lang='lat' dir='ltr'>caeteris</span> <span class='ocrx_word' id='word_1_553' title='bbox 899 4227 1068 4291; x_wconf 84' lang='lat' dir='ltr'>Neogreecie</span> <span class='ocrx_word' id='word_1_554' title='bbox 1080 4225 1196 4275; x_wconf 76' lang='lat' dir='ltr'>diversi:</span> <span class='ocrx_word' id='word_1_555' title='bbox 1210 4239 1281 4289; x_wconf 84' lang='lat' dir='ltr'>quae</span> 
     </span>
     <span class='ocr_line' id='line_1_54' title="bbox 144 4292 1283 4359; baseline -0.001 -17"><span class='ocrx_word' id='word_1_556' title='bbox 144 4294 186 4342; x_wconf 86' lang='lat' dir='ltr'>cie</span> <span class='ocrx_word' id='word_1_557' title='bbox 208 4292 278 4344; x_wconf 82' lang='lat' dir='ltr'>locie</span> <span class='ocrx_word' id='word_1_558' title='bbox 306 4310 355 4359; x_wconf 88' lang='lat' dir='ltr'>per</span> <span class='ocrx_word' id='word_1_559' title='bbox 378 4292 594 4358; x_wconf 83' lang='lat' dir='ltr'>Peloponnesum</span> <span class='ocrx_word' id='word_1_560' title='bbox 624 4293 687 4344; x_wconf 92' lang='lat' dir='ltr'>olim</span> <span class='ocrx_word' id='word_1_561' title='bbox 739 4292 1283 4356; x_wconf 80' lang='lat' dir='ltr'>rerdudumvirosdoctoeedvertit,qui</span> 
     </span>
     <span class='ocr_line' id='line_1_55' title="bbox 144 4359 1281 4426; baseline -0.002 -16"><span class='ocrx_word' id='word_1_562' title='bbox 144 4360 232 4411; x_wconf 81' lang='lat' dir='ltr'>suicee</span> <span class='ocrx_word' id='word_1_563' title='bbox 241 4361 322 4412; x_wconf 79' lang='lat' dir='ltr'>louee</span> <span class='ocrx_word' id='word_1_564' title='bbox 331 4361 449 4425; x_wconf 88' lang='lat' dir='ltr'>indeque</span> <span class='ocrx_word' id='word_1_565' title='bbox 458 4361 546 4426; x_wconf 84' lang='lat' dir='ltr'>ipeem</span> <span class='ocrx_word' id='word_1_566' title='bbox 555 4361 695 4426; x_wconf 78' lang='lat' dir='ltr'>Pelopon,</span> <span class='ocrx_word' id='word_1_567' title='bbox 738 4362 846 4411; x_wconf 71' lang='lat' dir='ltr'>veterio</span> <span class='ocrx_word' id='word_1_568' title='bbox 858 4361 1027 4412; x_wconf 76' lang='lat' dir='ltr'>Graecorum</span> <span class='ocrx_word' id='word_1_569' title='bbox 1048 4361 1181 4410; x_wconf 79' lang='lat' dir='ltr'>sermonis</span> <span class='ocrx_word' id='word_1_570' title='bbox 1199 4359 1281 4408; x_wconf 80' lang='lat' dir='ltr'>odeo-</span> 
     </span>
     <span class='ocr_line' id='line_1_56' title="bbox 143 4417 1282 4500; baseline -0.001 -21"><span class='ocrx_word' id='word_1_571' title='bbox 143 4417 453 4494; x_wconf 73' lang='lat' dir='ltr'>neenm&#39;icroov&#39;itpyoe</span> <span class='ocrx_word' id='word_1_572' title='bbox 470 4427 526 4479; x_wconf 90' lang='lat' dir='ltr'>dici</span> <span class='ocrx_word' id='word_1_573' title='bbox 543 4429 617 4498; x_wconf 77' lang='lat' dir='ltr'>apud</span> <span class='ocrx_word' id='word_1_574' title='bbox 633 4430 688 4482; x_wconf 90' lang='lat' dir='ltr'>Ho·</span> <span class='ocrx_word' id='word_1_575' title='bbox 739 4429 891 4500; x_wconf 88' lang='lat' dir='ltr'>queDorici</span> <span class='ocrx_word' id='word_1_576' title='bbox 900 4429 1071 4500; x_wconf 71' lang='lat' dir='ltr'>potissimum</span> <span class='ocrx_word' id='word_1_577' title='bbox 1080 4427 1201 4494; x_wconf 76' lang='lat' dir='ltr'>vestigio</span> <span class='ocrx_word' id='word_1_578' title='bbox 1211 4441 1282 4478; x_wconf 84' lang='lat' dir='ltr'>com-</span> 
     </span>
    </p>
   </div>
   <div class='ocr_carea' id='block_1_4' title="bbox 0 0 1543 4960">
    <p class='ocr_par' dir='ltr' id='par_1_4' title="bbox 0 0 1543 4960">
     <span class='ocr_line' id='line_1_57' title="bbox 0 0 1543 4960; baseline 0 0"><span class='ocrx_word' id='word_1_579' title='bbox 0 0 1543 4960; x_wconf 95' lang='lat' dir='ltr'> </span> 
     </span>
    </p>
   </div>
  </div>
 </body>
</html>
