<?xml version="1.0" encoding="UTF-8"?>
<!DOCTYPE html PUBLIC "-//W3C//DTD XHTML 1.0 Transitional//EN"
    "http://www.w3.org/TR/xhtml1/DTD/xhtml1-transitional.dtd">
<html xmlns="http://www.w3.org/1999/xhtml" xml:lang="en" lang="en">
 <head>
  <title>
</title>
<meta http-equiv="Content-Type" content="text/html;charset=utf-8" />
  <meta name='ocr-system' content='tesseract 3.04.00' />
  <meta name='ocr-capabilities' content='ocr_page ocr_carea ocr_par ocr_line ocrx_word'/>
</head>
<body>
  <div class='ocr_page' id='page_1' title='image "./herodotihalicar02bhgoog/herodotihalicar02bhgoog_0107.png"; bbox 0 0 3074 4960; ppageno 0'>
   <div class='ocr_carea' id='block_1_1' title="bbox 255 491 957 558">
    <p class='ocr_par' dir='ltr' id='par_1_1' title="bbox 255 491 957 558">
     <span class='ocr_line' id='line_1_1' title="bbox 255 491 957 558; baseline -0.009 0"><span class='ocrx_word' id='word_1_1' title='bbox 255 497 295 558; x_wconf 81' lang='lat'>92</span> <span class='ocrx_word' id='word_1_2' title='bbox 692 491 957 552; x_wconf 86' lang='lat' dir='ltr'>HERODOTI</span> 
     </span>
    </p>
   </div>
   <div class='ocr_carea' id='block_1_2' title="bbox 254 639 1516 956">
    <p class='ocr_par' dir='ltr' id='par_1_2' title="bbox 254 639 1516 956">
     <span class='ocr_line' id='line_1_2' title="bbox 254 639 1516 754; baseline -0.002 -18"><span class='ocrx_word' id='word_1_3' title='bbox 254 670 290 736; x_wconf 80' lang='grc' dir='ltr'>οἱ</span> <span class='ocrx_word' id='word_1_4' title='bbox 310 672 495 754; x_wconf 81' lang='grc' dir='ltr'><em>φαίνεσθαι</em></span> <span class='ocrx_word' id='word_1_5' title='bbox 518 661 580 751; x_wconf 82' lang='grc' dir='ltr'>τὴν</span> <span class='ocrx_word' id='word_1_6' title='bbox 602 661 722 752; x_wconf 77' lang='grc' dir='ltr'><em>φωνὴν</em></span> <span class='ocrx_word' id='word_1_7' title='bbox 745 663 829 732; x_wconf 82' lang='grc' dir='ltr'><em>εἶναι</em></span> <span class='ocrx_word' id='word_1_8' title='bbox 853 661 912 732; x_wconf 79' lang='grc' dir='ltr'>τὸν</span> <span class='ocrx_word' id='word_1_9' title='bbox 933 659 1092 751; x_wconf 69' lang='grc' dir='ltr'><em>μυστικὸν</em></span> <span class='ocrx_word' id='word_1_10' title='bbox 1104 659 1245 749; x_wconf 84' lang='grc' dir='ltr'><em>Ἴακχον.</em></span> <span class='ocrx_word' id='word_1_11' title='bbox 1299 660 1445 734; x_wconf 67' lang='lat' dir='ltr'>sivmcrs</span> <span class='ocrx_word' id='word_1_12' title='bbox 1515 639 1516 720; x_wconf 42' lang='lat'>3</span> 
     </span>
     <span class='ocr_line' id='line_1_3' title="bbox 257 761 1392 855; baseline -0.005 -18"><span class='ocrx_word' id='word_1_13' title='bbox 257 763 290 838; x_wconf 86' lang='lat' dir='ltr'>d&#39;</span> <span class='ocrx_word' id='word_1_14' title='bbox 310 762 484 855; x_wconf 72' lang='grc' dir='ltr'><strong><em>ἀδαήμονα</em></strong></span> <span class='ocrx_word' id='word_1_15' title='bbox 500 769 568 835; x_wconf 73' lang='grc' dir='ltr'>τῶν</span> <span class='ocrx_word' id='word_1_16' title='bbox 586 769 668 854; x_wconf 76' lang='grc' dir='ltr'><em>ἱρῶν</em></span> <span class='ocrx_word' id='word_1_17' title='bbox 685 768 752 834; x_wconf 76' lang='grc' dir='ltr'><em>τοῖν</em></span> <span class='ocrx_word' id='word_1_18' title='bbox 771 769 807 834; x_wconf 78' lang='grc' dir='ltr'>ἐν</span> <span class='ocrx_word' id='word_1_19' title='bbox 822 761 984 835; x_wconf 80' lang='grc' dir='ltr'><em>Ἐλενσῑνι</em></span> <span class='ocrx_word' id='word_1_20' title='bbox 1001 761 1059 834; x_wconf 80' lang='grc' dir='ltr'>τὸν</span> <span class='ocrx_word' id='word_1_21' title='bbox 1076 761 1288 852; x_wconf 72' lang='grc' dir='ltr'><em>Δημάρητον,</em></span> <span class='ocrx_word' id='word_1_22' title='bbox 1308 773 1392 852; x_wconf 76' lang='lat' dir='ltr'>elos-</span> 
     </span>
     <span class='ocr_line' id='line_1_4' title="bbox 254 859 1391 956; baseline -0.003 -18"><span class='ocrx_word' id='word_1_23' title='bbox 254 876 341 938; x_wconf 76' lang='grc' dir='ltr'><em>οθαί</em></span> <span class='ocrx_word' id='word_1_24' title='bbox 361 896 397 938; x_wconf 83' lang='grc' dir='ltr'>τε</span> <span class='ocrx_word' id='word_1_25' title='bbox 420 863 541 956; x_wconf 80' lang='grc' dir='ltr'><em>αὐτὸν,</em></span> <span class='ocrx_word' id='word_1_26' title='bbox 565 863 631 938; x_wconf 83' lang='grc' dir='ltr'>ὅτι</span> <span class='ocrx_word' id='word_1_27' title='bbox 654 865 690 938; x_wconf 84' lang='grc' dir='ltr'>τὸ</span> <span class='ocrx_word' id='word_1_28' title='bbox 708 865 943 956; x_wconf 77' lang='grc' dir='ltr'><em>φθεγγόμενον</em></span> <span class='ocrx_word' id='word_1_29' title='bbox 961 869 1143 955; x_wconf 73' lang='grc' dir='ltr'><em>εἴητοῦτο·</em></span> <span class='ocrx_word' id='word_1_30' title='bbox 1169 859 1267 946; x_wconf 77' lang='grc' dir='ltr'><em>αὐτὸς</em></span> <span class='ocrx_word' id='word_1_31' title='bbox 1287 865 1322 935; x_wconf 78' lang='grc' dir='ltr'>δὲ</span> <span class='ocrx_word' id='word_1_32' title='bbox 1348 871 1391 935; x_wconf 79' lang='grc' dir='ltr'>εἰ·</span> 
     </span>
    </p>
   </div>
   <div class='ocr_carea' id='block_1_3' title="bbox 245 1065 801 4502">
    <p class='ocr_par' dir='ltr' id='par_1_3' title="bbox 254 1065 798 1197">
     <span class='ocr_line' id='line_1_5' title="bbox 254 1065 798 1132; baseline -0.006 -15"><span class='ocrx_word' id='word_1_33' title='bbox 254 1067 342 1118; x_wconf 89' lang='lat' dir='ltr'>rodot.</span> <span class='ocrx_word' id='word_1_34' title='bbox 355 1067 391 1117; x_wconf 93' lang='lat' dir='ltr'>ll.</span> <span class='ocrx_word' id='word_1_35' title='bbox 404 1084 430 1132; x_wconf 92' lang='lat' dir='ltr'>p.</span> <span class='ocrx_word' id='word_1_36' title='bbox 444 1066 478 1116; x_wconf 92' lang='grc'>48</span> <span class='ocrx_word' id='word_1_37' title='bbox 495 1067 625 1131; x_wconf 88' lang='lat' dir='ltr'>(Opuscc.</span> <span class='ocrx_word' id='word_1_38' title='bbox 639 1067 676 1118; x_wconf 90' lang='grc' dir='ltr'>Π.</span> <span class='ocrx_word' id='word_1_39' title='bbox 688 1082 715 1132; x_wconf 95' lang='lat' dir='ltr'>p.</span> <span class='ocrx_word' id='word_1_40' title='bbox 728 1065 798 1129; x_wconf 74' lang='lat'>322),</span> 
     </span>
     <span class='ocr_line' id='line_1_6' title="bbox 256 1129 675 1197; baseline 0.002 -12"><span class='ocrx_word' id='word_1_41' title='bbox 256 1141 284 1185; x_wconf 87' lang='lat' dir='ltr'>et</span> <span class='ocrx_word' id='word_1_42' title='bbox 297 1136 331 1184; x_wconf 82' lang='lat' dir='ltr'>sd</span> <span class='ocrx_word' id='word_1_43' title='bbox 344 1129 438 1197; x_wconf 68' lang='grc' dir='ltr'><em>κρόκα</em></span> <span class='ocrx_word' id='word_1_44' title='bbox 450 1140 518 1184; x_wconf 89' lang='lat' dir='ltr'>nott.</span> <span class='ocrx_word' id='word_1_45' title='bbox 533 1135 568 1183; x_wconf 84' lang='lat' dir='ltr'>sd</span> <span class='ocrx_word' id='word_1_46' title='bbox 582 1135 602 1194; x_wconf 90' lang='lat'>1,</span> <span class='ocrx_word' id='word_1_47' title='bbox 620 1133 675 1186; x_wconf 93' lang='lat' dir='ltr'>lll.</span> 
     </span>
    </p>

    <p class='ocr_par' dir='ltr' id='par_1_4' title="bbox 245 1192 801 4502">
     <span class='ocr_line' id='line_1_7' title="bbox 254 1192 799 1334; baseline -0.004 -14"><span class='ocrx_word' id='word_1_48' title='bbox 254 1192 799 1334; x_wconf 47' lang='lat' dir='ltr'>..ns”tristitudine</span> 
     </span>
     <span class='ocr_line' id='line_1_8' title="bbox 254 1337 798 1402; baseline -0.004 -16"><span class='ocrx_word' id='word_1_49' title='bbox 254 1337 305 1388; x_wconf 73' lang='lat'>2¹23</span> <span class='ocrx_word' id='word_1_50' title='bbox 322 1337 412 1386; x_wconf 84' lang='lat' dir='ltr'>Walz.</span> <span class='ocrx_word' id='word_1_51' title='bbox 437 1339 474 1402; x_wconf 81' lang='lat' dir='ltr'>(p.</span> <span class='ocrx_word' id='word_1_52' title='bbox 491 1337 550 1387; x_wconf 72' lang='grc'>2110.</span> <span class='ocrx_word' id='word_1_53' title='bbox 572 1337 630 1386; x_wconf 86' lang='grc' dir='ltr'>1ὀ1.</span> <span class='ocrx_word' id='word_1_54' title='bbox 649 1337 686 1386; x_wconf 94' lang='grc' dir='ltr'>ΙΙ.</span> <span class='ocrx_word' id='word_1_55' title='bbox 705 1337 798 1386; x_wconf 85' lang='lat' dir='ltr'>Rhett.</span> 
     </span>
     <span class='ocr_line' id='line_1_9' title="bbox 256 1404 799 1470; baseline 0 -16"><span class='ocrx_word' id='word_1_56' title='bbox 256 1405 372 1455; x_wconf 87' lang='lat' dir='ltr'>Grsecc.</span> <span class='ocrx_word' id='word_1_57' title='bbox 397 1406 440 1454; x_wconf 89' lang='lat' dir='ltr'>cd.</span> <span class='ocrx_word' id='word_1_58' title='bbox 459 1405 604 1470; x_wconf 69' lang='lat' dir='ltr'>Spengel),</span> <span class='ocrx_word' id='word_1_59' title='bbox 630 1404 747 1454; x_wconf 88' lang='lat' dir='ltr'>laudans</span> <span class='ocrx_word' id='word_1_60' title='bbox 772 1411 799 1454; x_wconf 91' lang='lat' dir='ltr'>et</span> 
     </span>
     <span class='ocr_line' id='line_1_10' title="bbox 255 1463 799 1537; baseline 0 -16"><span class='ocrx_word' id='word_1_61' title='bbox 255 1473 315 1537; x_wconf 89' lang='lat' dir='ltr'>ipse</span> <span class='ocrx_word' id='word_1_62' title='bbox 328 1463 505 1535; x_wconf 84' lang='grc' dir='ltr'><em>τὸνἸαιιχον,</em></span> <span class='ocrx_word' id='word_1_63' title='bbox 519 1489 600 1537; x_wconf 78' lang='lat' dir='ltr'>quern</span> <span class='ocrx_word' id='word_1_64' title='bbox 610 1488 706 1522; x_wconf 84' lang='lat' dir='ltr'>rocem</span> <span class='ocrx_word' id='word_1_65' title='bbox 715 1473 799 1521; x_wconf 87' lang='lat' dir='ltr'>litera</span> 
     </span>
     <span class='ocr_line' id='line_1_11' title="bbox 255 1539 797 1602; baseline 0 -14"><span class='ocrx_word' id='word_1_66' title='bbox 255 1539 359 1588; x_wconf 88' lang='lat' dir='ltr'>initiali</span> <span class='ocrx_word' id='word_1_67' title='bbox 377 1542 481 1588; x_wconf 78' lang='lat' dir='ltr'>maiore</span> <span class='ocrx_word' id='word_1_68' title='bbox 497 1541 671 1589; x_wconf 75' lang='lat' dir='ltr'>scribendam</span> <span class='ocrx_word' id='word_1_69' title='bbox 690 1541 797 1602; x_wconf 79' lang='lat' dir='ltr'>censui3</span> 
     </span>
     <span class='ocr_line' id='line_1_12' title="bbox 255 1604 798 1671; baseline -0.002 -15"><span class='ocrx_word' id='word_1_70' title='bbox 255 1606 338 1670; x_wconf 87' lang='lat' dir='ltr'>vulgo</span> <span class='ocrx_word' id='word_1_71' title='bbox 352 1604 462 1671; x_wconf 70' lang='grc' dir='ltr'><em>ἴακχον.</em></span> <span class='ocrx_word' id='word_1_72' title='bbox 480 1633 508 1640; x_wconf 87' lang='grc'>-</span> <span class='ocrx_word' id='word_1_73' title='bbox 522 1609 665 1668; x_wconf 79' lang='lat' dir='ltr'><strong>„Dicaeus</strong></span> <span class='ocrx_word' id='word_1_74' title='bbox 677 1607 798 1666; x_wconf 84' lang='lat' dir='ltr'>dicebat,</span> 
     </span>
     <span class='ocr_line' id='line_1_13' title="bbox 254 1673 799 1738; baseline 0.004 -16"><span class='ocrx_word' id='word_1_75' title='bbox 254 1673 475 1722; x_wconf 68' lang='lat' dir='ltr'>emerendum</span> <span class='ocrx_word' id='word_1_76' title='bbox 492 1675 541 1723; x_wconf 82' lang='lat' dir='ltr'>sibi</span> <span class='ocrx_word' id='word_1_77' title='bbox 552 1677 634 1724; x_wconf 81' lang='lat' dir='ltr'>uideri</span> <span class='ocrx_word' id='word_1_78' title='bbox 644 1691 700 1725; x_wconf 83' lang='lat' dir='ltr'>esse</span> <span class='ocrx_word' id='word_1_79' title='bbox 715 1678 799 1738; x_wconf 76' lang='lat' dir='ltr'>mysti-</span> 
     </span>
     <span class='ocr_line' id='line_1_14' title="bbox 254 1740 799 1818; baseline 0.004 -30"><span class='ocrx_word' id='word_1_80' title='bbox 254 1757 308 1789; x_wconf 82' lang='lat' dir='ltr'>cum</span> <span class='ocrx_word' id='word_1_81' title='bbox 321 1740 446 1790; x_wconf 76' lang='lat' dir='ltr'><em>Iacchum.</em></span> <span class='ocrx_word' id='word_1_82' title='bbox 455 1741 472 1767; x_wconf 81' lang='lat'>&#39;⁴</span> <span class='ocrx_word' id='word_1_83' title='bbox 507 1743 551 1790; x_wconf 84' lang='lat' dir='ltr'>Its</span> <span class='ocrx_word' id='word_1_84' title='bbox 567 1744 592 1792; x_wconf 89' lang='lat' dir='ltr'><em>V</em></span> <span class='ocrx_word' id='word_1_85' title='bbox 591 1742 735 1796; x_wconf 76' lang='lat' dir='ltr'>alelenor..</span> <span class='ocrx_word' id='word_1_86' title='bbox 754 1743 799 1818; x_wconf 87' lang='lat' dir='ltr'>qni</span> 
     </span>
     <span class='ocr_line' id='line_1_15' title="bbox 256 1802 799 1874; baseline 0.006 -18"><span class='ocrx_word' id='word_1_87' title='bbox 256 1807 326 1872; x_wconf 91' lang='lat' dir='ltr'>qnod</span> <span class='ocrx_word' id='word_1_88' title='bbox 343 1813 408 1856; x_wconf 85' lang='lat' dir='ltr'>ante</span> <span class='ocrx_word' id='word_1_89' title='bbox 424 1807 476 1858; x_wconf 86' lang='lat' dir='ltr'>has</span> <span class='ocrx_word' id='word_1_90' title='bbox 488 1823 570 1858; x_wconf 80' lang='lat' dir='ltr'>voces</span> <span class='ocrx_word' id='word_1_91' title='bbox 583 1809 696 1858; x_wconf 81' lang='lat' dir='ltr'>verbum</span> <span class='ocrx_word' id='word_1_92' title='bbox 712 1802 799 1874; x_wconf 78' lang='grc' dir='ltr'><em>ᾆδον-</em></span> 
     </span>
     <span class='ocr_line' id='line_1_16' title="bbox 255 1866 799 1938; baseline 0 -14"><span class='ocrx_word' id='word_1_93' title='bbox 255 1889 311 1924; x_wconf 77' lang='lat' dir='ltr'>sm</span> <span class='ocrx_word' id='word_1_94' title='bbox 332 1874 376 1923; x_wconf 85' lang='lat' dir='ltr'>vel</span> <span class='ocrx_word' id='word_1_95' title='bbox 399 1866 558 1938; x_wconf 73' lang='grc' dir='ltr'><em>ἐξαγόντων</em></span> <span class='ocrx_word' id='word_1_96' title='bbox 580 1877 715 1926; x_wconf 82' lang='lat' dir='ltr'>excidisse</span> <span class='ocrx_word' id='word_1_97' title='bbox 734 1877 799 1926; x_wconf 93' lang='lat' dir='ltr'>olim</span> 
     </span>
     <span class='ocr_line' id='line_1_17' title="bbox 254 1944 799 2008; baseline 0.007 -19"><span class='ocrx_word' id='word_1_98' title='bbox 254 1946 414 2007; x_wconf 76' lang='lat' dir='ltr'>putaverat,</span> <span class='ocrx_word' id='word_1_99' title='bbox 428 1949 526 2008; x_wconf 87' lang='lat' dir='ltr'>postea</span> <span class='ocrx_word' id='word_1_100' title='bbox 538 1944 597 1992; x_wconf 88' lang='lat' dir='ltr'>iure</span> <span class='ocrx_word' id='word_1_101' title='bbox 610 1945 725 1993; x_wconf 81' lang='lat' dir='ltr'>retraxit</span> <span class='ocrx_word' id='word_1_102' title='bbox 737 1959 799 1993; x_wconf 91' lang='lat' dir='ltr'>cou-</span> 
     </span>
     <span class='ocr_line' id='line_1_18' title="bbox 255 2009 798 2074; baseline 0.004 -16"><span class='ocrx_word' id='word_1_103' title='bbox 255 2009 397 2059; x_wconf 85' lang='lat' dir='ltr'>iccturam.</span> <span class='ocrx_word' id='word_1_104' title='bbox 433 2011 554 2072; x_wconf 84' lang='lat' dir='ltr'>Iacchus,</span> <span class='ocrx_word' id='word_1_105' title='bbox 569 2011 644 2074; x_wconf 83' lang='lat' dir='ltr'>quod</span> <span class='ocrx_word' id='word_1_106' title='bbox 653 2012 722 2060; x_wconf 84' lang='lat' dir='ltr'>satis</span> <span class='ocrx_word' id='word_1_107' title='bbox 735 2027 798 2060; x_wconf 93' lang='lat' dir='ltr'>con-</span> 
     </span>
     <span class='ocr_line' id='line_1_19' title="bbox 255 2077 800 2140; baseline 0.004 -14"><span class='ocrx_word' id='word_1_108' title='bbox 255 2081 324 2135; x_wconf 88' lang='lat' dir='ltr'>stat,</span> <span class='ocrx_word' id='word_1_109' title='bbox 345 2078 373 2126; x_wconf 89' lang='lat' dir='ltr'>in</span> <span class='ocrx_word' id='word_1_110' title='bbox 391 2079 528 2140; x_wconf 71' lang='lat' dir='ltr'>mysteriis</span> <span class='ocrx_word' id='word_1_111' title='bbox 541 2079 640 2128; x_wconf 85' lang='lat' dir='ltr'>Atticis</span> <span class='ocrx_word' id='word_1_112' title='bbox 651 2077 800 2128; x_wconf 81' lang='lat' dir='ltr'>&#39;dicebatur</span> 
     </span>
     <span class='ocr_line' id='line_1_20' title="bbox 254 2144 798 2210; baseline 0.004 -16"><span class='ocrx_word' id='word_1_113' title='bbox 254 2144 374 2195; x_wconf 79' lang='lat' dir='ltr'>Bacchus</span> <span class='ocrx_word' id='word_1_114' title='bbox 387 2161 468 2210; x_wconf 84' lang='lat' dir='ltr'>puer,</span> <span class='ocrx_word' id='word_1_115' title='bbox 489 2147 565 2196; x_wconf 87' lang='lat' dir='ltr'>cuius</span> <span class='ocrx_word' id='word_1_116' title='bbox 580 2151 701 2195; x_wconf 75' lang='lat' dir='ltr'>sletusm</span> <span class='ocrx_word' id='word_1_117' title='bbox 713 2147 798 2196; x_wconf 82' lang='lat' dir='ltr'>variis</span> 
     </span>
     <span class='ocr_line' id='line_1_21' title="bbox 255 2212 798 2275; baseline 0.002 -14"><span class='ocrx_word' id='word_1_118' title='bbox 255 2212 338 2262; x_wconf 88' lang='lat' dir='ltr'>rebus</span> <span class='ocrx_word' id='word_1_119' title='bbox 366 2218 492 2263; x_wconf 84' lang='lat' dir='ltr'>crustam</span> <span class='ocrx_word' id='word_1_120' title='bbox 520 2230 535 2263; x_wconf 88' lang='lat' dir='ltr'>e</span> <span class='ocrx_word' id='word_1_121' title='bbox 560 2213 716 2275; x_wconf 80' lang='lat' dir='ltr'>Ceramico,</span> <span class='ocrx_word' id='word_1_122' title='bbox 751 2213 798 2263; x_wconf 90' lang='lat' dir='ltr'>ubi</span> 
     </span>
     <span class='ocr_line' id='line_1_22' title="bbox 254 2279 799 2342; baseline 0 -12"><span class='ocrx_word' id='word_1_123' title='bbox 254 2279 351 2330; x_wconf 87' lang='lat' dir='ltr'>Iacchi</span> <span class='ocrx_word' id='word_1_124' title='bbox 375 2281 460 2331; x_wconf 88' lang='lat' dir='ltr'>aedes</span> <span class='ocrx_word' id='word_1_125' title='bbox 481 2285 556 2342; x_wconf 84' lang='lat' dir='ltr'>erat,</span> <span class='ocrx_word' id='word_1_126' title='bbox 580 2283 608 2330; x_wconf 92' lang='lat' dir='ltr'>in</span> <span class='ocrx_word' id='word_1_127' title='bbox 627 2281 799 2331; x_wconf 81' lang='lat' dir='ltr'>Eleusiniam</span> 
     </span>
     <span class='ocr_line' id='line_1_23' title="bbox 254 2347 799 2413; baseline 0 -15"><span class='ocrx_word' id='word_1_128' title='bbox 254 2347 385 2413; x_wconf 88' lang='lat' dir='ltr'>templum</span> <span class='ocrx_word' id='word_1_129' title='bbox 395 2350 527 2400; x_wconf 81' lang='lat' dir='ltr'>vicesimo</span> <span class='ocrx_word' id='word_1_130' title='bbox 536 2349 742 2399; x_wconf 79' lang='lat' dir='ltr'>Boiidromiouis</span> <span class='ocrx_word' id='word_1_131' title='bbox 753 2349 799 2398; x_wconf 89' lang='lat' dir='ltr'>die</span> 
     </span>
     <span class='ocr_line' id='line_1_24' title="bbox 255 2416 800 2482; baseline 0 -16"><span class='ocrx_word' id='word_1_132' title='bbox 255 2416 363 2481; x_wconf 79' lang='lat' dir='ltr'>quaudo</span> <span class='ocrx_word' id='word_1_133' title='bbox 386 2417 550 2468; x_wconf 82' lang='lat' dir='ltr'>deferebant</span> <span class='ocrx_word' id='word_1_134' title='bbox 572 2418 677 2466; x_wconf 83' lang='lat' dir='ltr'>initiati</span> <span class='ocrx_word' id='word_1_135' title='bbox 698 2433 800 2482; x_wconf 86' lang='lat' dir='ltr'>magns</span> 
     </span>
     <span class='ocr_line' id='line_1_25' title="bbox 256 2484 800 2550; baseline 0.004 -18"><span class='ocrx_word' id='word_1_136' title='bbox 256 2499 288 2533; x_wconf 84' lang='lat' dir='ltr'>uc</span> <span class='ocrx_word' id='word_1_137' title='bbox 302 2484 427 2534; x_wconf 80' lang='lat' dir='ltr'>sollemni</span> <span class='ocrx_word' id='word_1_138' title='bbox 440 2501 548 2550; x_wconf 74' lang='lat' dir='ltr'>pompa,</span> <span class='ocrx_word' id='word_1_139' title='bbox 561 2485 689 2548; x_wconf 75' lang='lat' dir='ltr'>hymnum</span> <span class='ocrx_word' id='word_1_140' title='bbox 701 2487 730 2534; x_wconf 88' lang='lat' dir='ltr'>iu</span> <span class='ocrx_word' id='word_1_141' title='bbox 740 2485 800 2534; x_wconf 90' lang='lat' dir='ltr'>lau·</span> 
     </span>
     <span class='ocr_line' id='line_1_26' title="bbox 255 2551 798 2617; baseline 0.004 -18"><span class='ocrx_word' id='word_1_142' title='bbox 255 2551 316 2600; x_wconf 89' lang='lat' dir='ltr'>dem</span> <span class='ocrx_word' id='word_1_143' title='bbox 329 2552 426 2602; x_wconf 88' lang='lat' dir='ltr'>Iacchi</span> <span class='ocrx_word' id='word_1_144' title='bbox 440 2554 633 2617; x_wconf 87' lang='lat' dir='ltr'>compositum,</span> <span class='ocrx_word' id='word_1_145' title='bbox 652 2553 760 2617; x_wconf 89' lang='lat' dir='ltr'>qualem</span> <span class='ocrx_word' id='word_1_146' title='bbox 773 2567 798 2601; x_wconf 82' lang='lat' dir='ltr'>r.</span> 
     </span>
     <span class='ocr_line' id='line_1_27' title="bbox 256 2617 798 2685; baseline 0.002 -19"><span class='ocrx_word' id='word_1_147' title='bbox 256 2633 279 2667; x_wconf 91' lang='lat' dir='ltr'>c.</span> <span class='ocrx_word' id='word_1_148' title='bbox 299 2617 410 2668; x_wconf 86' lang='lat' dir='ltr'>exhibet</span> <span class='ocrx_word' id='word_1_149' title='bbox 431 2621 629 2685; x_wconf 79' lang='lat' dir='ltr'>Aristophanes</span> <span class='ocrx_word' id='word_1_150' title='bbox 651 2621 721 2668; x_wconf 81' lang='lat' dir='ltr'>Rau.</span> <span class='ocrx_word' id='word_1_151' title='bbox 739 2618 798 2680; x_wconf 89' lang='grc'>401,</span> 
     </span>
     <span class='ocr_line' id='line_1_28' title="bbox 256 2677 800 2750; baseline 0.007 -18"><span class='ocrx_word' id='word_1_152' title='bbox 256 2690 415 2746; x_wconf 77' lang='lat' dir='ltr'>cantantes,</span> <span class='ocrx_word' id='word_1_153' title='bbox 433 2687 461 2735; x_wconf 92' lang='lat' dir='ltr'>id</span> <span class='ocrx_word' id='word_1_154' title='bbox 474 2687 612 2736; x_wconf 85' lang='lat' dir='ltr'>vocabant</span> <span class='ocrx_word' id='word_1_155' title='bbox 625 2677 738 2750; x_wconf 72' lang='grc' dir='ltr'><em>ἐξάγειν</em></span> <span class='ocrx_word' id='word_1_156' title='bbox 750 2678 800 2736; x_wconf 83' lang='grc' dir='ltr'>τὸν</span> 
     </span>
     <span class='ocr_line' id='line_1_29' title="bbox 245 2745 799 2818; baseline 0.005 -19"><span class='ocrx_word' id='word_1_157' title='bbox 245 2745 374 2815; x_wconf 78' lang='grc' dir='ltr'><em>Ἴακχον,</em></span> <span class='ocrx_word' id='word_1_158' title='bbox 392 2753 426 2802; x_wconf 92' lang='lat' dir='ltr'>de</span> <span class='ocrx_word' id='word_1_159' title='bbox 439 2769 492 2817; x_wconf 90' lang='lat' dir='ltr'>quo</span> <span class='ocrx_word' id='word_1_160' title='bbox 503 2754 583 2818; x_wconf 90' lang='lat' dir='ltr'>plura</span> <span class='ocrx_word' id='word_1_161' title='bbox 595 2753 677 2802; x_wconf 85' lang='lat' dir='ltr'>attuli</span> <span class='ocrx_word' id='word_1_162' title='bbox 690 2753 724 2802; x_wconf 86' lang='lat' dir='ltr'>ad</span> <span class='ocrx_word' id='word_1_163' title='bbox 737 2754 799 2802; x_wconf 92' lang='lat' dir='ltr'>Plu-</span> 
     </span>
     <span class='ocr_line' id='line_1_30' title="bbox 255 2817 799 2886; baseline 0.006 -20"><span class='ocrx_word' id='word_1_164' title='bbox 255 2817 345 2867; x_wconf 92' lang='lat' dir='ltr'>tarch.</span> <span class='ocrx_word' id='word_1_165' title='bbox 354 2819 492 2870; x_wconf 78' lang='lat' dir='ltr'>Alcibisd.</span> <span class='ocrx_word' id='word_1_166' title='bbox 499 2838 525 2886; x_wconf 90' lang='lat' dir='ltr'>p.</span> <span class='ocrx_word' id='word_1_167' title='bbox 533 2821 592 2875; x_wconf 70' lang='grc'>245,</span> <span class='ocrx_word' id='word_1_168' title='bbox 602 2821 649 2869; x_wconf 91' lang='lat' dir='ltr'>ubi</span> <span class='ocrx_word' id='word_1_169' title='bbox 660 2821 712 2869; x_wconf 88' lang='lat' dir='ltr'>vid.</span> <span class='ocrx_word' id='word_1_170' title='bbox 720 2835 799 2885; x_wconf 84' lang='lat' dir='ltr'>prae-</span> 
     </span>
     <span class='ocr_line' id='line_1_31' title="bbox 255 2885 800 2953; baseline 0.009 -20"><span class='ocrx_word' id='word_1_171' title='bbox 255 2885 349 2934; x_wconf 79' lang='lat' dir='ltr'>sertim</span> <span class='ocrx_word' id='word_1_172' title='bbox 363 2885 489 2936; x_wconf 85' lang='lat' dir='ltr'>Creuzer.</span> <span class='ocrx_word' id='word_1_173' title='bbox 498 2887 670 2950; x_wconf 79' lang='lat' dir='ltr'>Symbollv.</span> <span class='ocrx_word' id='word_1_174' title='bbox 680 2903 743 2953; x_wconf 89' lang='lat' dir='ltr'>pag.</span> <span class='ocrx_word' id='word_1_175' title='bbox 750 2886 800 2938; x_wconf 81' lang='lat'>396</span> 
     </span>
     <span class='ocr_line' id='line_1_32' title="bbox 257 2953 799 3017; baseline 0.006 -16"><span class='ocrx_word' id='word_1_176' title='bbox 257 2967 314 3017; x_wconf 85' lang='lat' dir='ltr'>seq.</span> <span class='ocrx_word' id='word_1_177' title='bbox 337 2953 405 3002; x_wconf 76' lang='lat' dir='ltr'>And.</span> <span class='ocrx_word' id='word_1_178' title='bbox 420 2954 449 3002; x_wconf 90' lang='lat' dir='ltr'>C.</span> <span class='ocrx_word' id='word_1_179' title='bbox 464 2955 508 3004; x_wconf 82' lang='lat' dir='ltr'>Fr.</span> <span class='ocrx_word' id='word_1_180' title='bbox 523 2955 675 3004; x_wconf 79' lang='lat' dir='ltr'>Hermann:</span> <span class='ocrx_word' id='word_1_181' title='bbox 690 2955 799 3004; x_wconf 88' lang='lat' dir='ltr'>Gottes·</span> 
     </span>
     <span class='ocr_line' id='line_1_33' title="bbox 256 3019 798 3083; baseline 0.009 -15"><span class='ocrx_word' id='word_1_182' title='bbox 256 3019 365 3069; x_wconf 89' lang='lat' dir='ltr'>dienstl.</span> <span class='ocrx_word' id='word_1_183' title='bbox 378 3020 542 3070; x_wconf 82' lang='lat' dir='ltr'>Alterthiim.</span> <span class='ocrx_word' id='word_1_184' title='bbox 556 3022 583 3071; x_wconf 93' lang='lat' dir='ltr'>d.</span> <span class='ocrx_word' id='word_1_185' title='bbox 596 3023 705 3072; x_wconf 87' lang='lat' dir='ltr'>Griech.</span> <span class='ocrx_word' id='word_1_186' title='bbox 719 3024 743 3083; x_wconf 72' lang='lat'>§-</span> <span class='ocrx_word' id='word_1_187' title='bbox 756 3023 798 3074; x_wconf 83' lang='lat'>55.</span> 
     </span>
     <span class='ocr_line' id='line_1_34' title="bbox 256 3085 798 3146; baseline 0.009 -11"><span class='ocrx_word' id='word_1_188' title='bbox 256 3091 312 3136; x_wconf 90' lang='lat' dir='ltr'>not.</span> <span class='ocrx_word' id='word_1_189' title='bbox 322 3085 353 3136; x_wconf 91' lang='grc'>10</span> <span class='ocrx_word' id='word_1_190' title='bbox 362 3088 402 3139; x_wconf 90' lang='lat' dir='ltr'>ed.</span> <span class='ocrx_word' id='word_1_191' title='bbox 409 3103 476 3146; x_wconf 81' lang='lat' dir='ltr'>sec..</span> <span class='ocrx_word' id='word_1_192' title='bbox 488 3087 673 3140; x_wconf 87' lang='lat' dir='ltr'>Schoemanu:</span> <span class='ocrx_word' id='word_1_193' title='bbox 689 3089 798 3140; x_wconf 89' lang='lat' dir='ltr'>Griech.</span> 
     </span>
     <span class='ocr_line' id='line_1_35' title="bbox 255 3153 799 3222; baseline 0.007 -18"><span class='ocrx_word' id='word_1_194' title='bbox 255 3153 373 3204; x_wconf 80' lang='lat' dir='ltr'>Alterth.</span> <span class='ocrx_word' id='word_1_195' title='bbox 391 3155 427 3205; x_wconf 92' lang='lat'>11.</span> <span class='ocrx_word' id='word_1_196' title='bbox 445 3173 471 3220; x_wconf 88' lang='lat' dir='ltr'>p.</span> <span class='ocrx_word' id='word_1_197' title='bbox 484 3155 534 3206; x_wconf 84' lang='lat'>343</span> <span class='ocrx_word' id='word_1_198' title='bbox 552 3172 628 3222; x_wconf 90' lang='lat' dir='ltr'>seqq.</span> <span class='ocrx_word' id='word_1_199' title='bbox 648 3164 676 3207; x_wconf 90' lang='lat' dir='ltr'>et</span> <span class='ocrx_word' id='word_1_200' title='bbox 692 3159 799 3222; x_wconf 83' lang='lat' dir='ltr'>praeci-</span> 
     </span>
     <span class='ocr_line' id='line_1_36' title="bbox 256 3222 799 3288; baseline 0.007 -17"><span class='ocrx_word' id='word_1_201' title='bbox 256 3237 309 3288; x_wconf 88' lang='lat' dir='ltr'>pue</span> <span class='ocrx_word' id='word_1_202' title='bbox 322 3222 478 3274; x_wconf 81' lang='lat' dir='ltr'>Fritssche:</span> <span class='ocrx_word' id='word_1_203' title='bbox 502 3225 543 3274; x_wconf 90' lang='lat' dir='ltr'>De</span> <span class='ocrx_word' id='word_1_204' title='bbox 561 3226 683 3274; x_wconf 79' lang='lat' dir='ltr'>carmine</span> <span class='ocrx_word' id='word_1_205' title='bbox 696 3227 799 3276; x_wconf 78' lang='lat' dir='ltr'>Aristo·</span> 
     </span>
     <span class='ocr_line' id='line_1_37' title="bbox 256 3289 798 3356; baseline 0.007 -17"><span class='ocrx_word' id='word_1_206' title='bbox 256 3289 356 3356; x_wconf 87' lang='lat' dir='ltr'>phanis</span> <span class='ocrx_word' id='word_1_207' title='bbox 368 3292 484 3354; x_wconf 84' lang='lat' dir='ltr'>mystico</span> <span class='ocrx_word' id='word_1_208' title='bbox 501 3290 641 3354; x_wconf 83' lang='lat' dir='ltr'>(Rostoch.</span> <span class='ocrx_word' id='word_1_209' title='bbox 658 3292 722 3342; x_wconf 89' lang='grc'>1840</span> <span class='ocrx_word' id='word_1_210' title='bbox 735 3293 798 3343; x_wconf 83' lang='grc' dir='ltr'>οοΙΙ.</span> 
     </span>
     <span class='ocr_line' id='line_1_38' title="bbox 257 3357 799 3425; baseline 0.007 -18"><span class='ocrx_word' id='word_1_211' title='bbox 257 3357 292 3408; x_wconf 84' lang='lat' dir='ltr'>ad</span> <span class='ocrx_word' id='word_1_212' title='bbox 304 3357 478 3424; x_wconf 79' lang='lat' dir='ltr'>Aristophsu.</span> <span class='ocrx_word' id='word_1_213' title='bbox 496 3359 586 3409; x_wconf 80' lang='lat' dir='ltr'>Eunu.</span> <span class='ocrx_word' id='word_1_214' title='bbox 604 3377 630 3425; x_wconf 95' lang='lat' dir='ltr'>p.</span> <span class='ocrx_word' id='word_1_215' title='bbox 651 3360 696 3410; x_wconf 81' lang='grc'>187</span> <span class='ocrx_word' id='word_1_216' title='bbox 712 3361 799 3425; x_wconf 85' lang='lat' dir='ltr'>seqq.)</span> 
     </span>
     <span class='ocr_line' id='line_1_39' title="bbox 256 3417 800 3492; baseline 0.002 -16"><span class='ocrx_word' id='word_1_217' title='bbox 256 3443 319 3491; x_wconf 86' lang='lat' dir='ltr'>pag.</span> <span class='ocrx_word' id='word_1_218' title='bbox 332 3427 365 3476; x_wconf 76' lang='lat'>25</span> <span class='ocrx_word' id='word_1_219' title='bbox 382 3443 458 3491; x_wconf 83' lang='lat' dir='ltr'>seqq.</span> <span class='ocrx_word' id='word_1_220' title='bbox 496 3417 610 3492; x_wconf 69' lang='grc' dir='ltr'><em>ἐξάγειν</em></span> <span class='ocrx_word' id='word_1_221' title='bbox 628 3429 655 3478; x_wconf 92' lang='lat' dir='ltr'>in</span> <span class='ocrx_word' id='word_1_222' title='bbox 672 3445 700 3478; x_wconf 86' lang='lat' dir='ltr'>re</span> <span class='ocrx_word' id='word_1_223' title='bbox 718 3443 800 3478; x_wconf 84' lang='lat' dir='ltr'>sacra</span> 
     </span>
     <span class='ocr_line' id='line_1_40' title="bbox 256 3495 800 3559; baseline 0.002 -16"><span class='ocrx_word' id='word_1_224' title='bbox 256 3495 362 3559; x_wconf 85' lang='lat' dir='ltr'>pariter</span> <span class='ocrx_word' id='word_1_225' title='bbox 373 3495 527 3544; x_wconf 86' lang='lat' dir='ltr'>invenimus</span> <span class='ocrx_word' id='word_1_226' title='bbox 538 3495 689 3545; x_wconf 87' lang='lat' dir='ltr'>adhibitum</span> <span class='ocrx_word' id='word_1_227' title='bbox 701 3497 734 3546; x_wconf 91' lang='lat' dir='ltr'>ab</span> <span class='ocrx_word' id='word_1_228' title='bbox 746 3497 800 3544; x_wconf 91' lang='lat' dir='ltr'>He·</span> 
     </span>
     <span class='ocr_line' id='line_1_41' title="bbox 256 3563 800 3628; baseline 0.004 -18"><span class='ocrx_word' id='word_1_229' title='bbox 256 3563 351 3612; x_wconf 91' lang='lat' dir='ltr'>rodoto</span> <span class='ocrx_word' id='word_1_230' title='bbox 363 3563 404 3620; x_wconf 89' lang='lat'>11,</span> <span class='ocrx_word' id='word_1_231' title='bbox 416 3563 459 3615; x_wconf 82' lang='grc'>45.</span> <span class='ocrx_word' id='word_1_232' title='bbox 485 3563 555 3612; x_wconf 87' lang='lat' dir='ltr'>Tum</span> <span class='ocrx_word' id='word_1_233' title='bbox 567 3579 632 3613; x_wconf 85' lang='lat' dir='ltr'>vero</span> <span class='ocrx_word' id='word_1_234' title='bbox 644 3565 728 3612; x_wconf 87' lang='lat' dir='ltr'>etiam</span> <span class='ocrx_word' id='word_1_235' title='bbox 740 3565 800 3628; x_wconf 89' lang='lat' dir='ltr'>ipse</span> 
     </span>
     <span class='ocr_line' id='line_1_42' title="bbox 256 3629 800 3695; baseline 0.004 -18"><span class='ocrx_word' id='word_1_236' title='bbox 256 3629 304 3678; x_wconf 92' lang='lat' dir='ltr'>ille</span> <span class='ocrx_word' id='word_1_237' title='bbox 315 3629 438 3692; x_wconf 75' lang='lat' dir='ltr'>hymnus,</span> <span class='ocrx_word' id='word_1_238' title='bbox 446 3632 560 3695; x_wconf 90' lang='lat' dir='ltr'>quemin</span> <span class='ocrx_word' id='word_1_239' title='bbox 566 3631 692 3680; x_wconf 92' lang='lat' dir='ltr'>sollemni</span> <span class='ocrx_word' id='word_1_240' title='bbox 701 3646 800 3695; x_wconf 84' lang='lat' dir='ltr'>pompa</span> 
     </span>
     <span class='ocr_line' id='line_1_43' title="bbox 257 3687 798 3762; baseline 0.006 -18"><span class='ocrx_word' id='word_1_241' title='bbox 257 3697 364 3744; x_wconf 88' lang='lat' dir='ltr'>cantari</span> <span class='ocrx_word' id='word_1_242' title='bbox 376 3697 505 3754; x_wconf 87' lang='lat' dir='ltr'>diximus,</span> <span class='ocrx_word' id='word_1_243' title='bbox 518 3699 670 3748; x_wconf 83' lang='lat' dir='ltr'>vocabatur</span> <span class='ocrx_word' id='word_1_244' title='bbox 680 3687 798 3762; x_wconf 83' lang='grc' dir='ltr'><em>Ἰαιιχος,</em></span> 
     </span>
     <span class='ocr_line' id='line_1_44' title="bbox 256 3763 800 3829; baseline 0.009 -20"><span class='ocrx_word' id='word_1_245' title='bbox 256 3766 327 3810; x_wconf 90' lang='lat' dir='ltr'>teste</span> <span class='ocrx_word' id='word_1_246' title='bbox 345 3763 466 3825; x_wconf 80' lang='lat' dir='ltr'>Heayuh.</span> <span class='ocrx_word' id='word_1_247' title='bbox 486 3779 506 3813; x_wconf 92' lang='lat' dir='ltr'>s.</span> <span class='ocrx_word' id='word_1_248' title='bbox 525 3780 551 3814; x_wconf 90' lang='lat' dir='ltr'>v.</span> <span class='ocrx_word' id='word_1_249' title='bbox 569 3765 605 3814; x_wconf 89' lang='grc' dir='ltr'>Π.</span> <span class='ocrx_word' id='word_1_250' title='bbox 623 3781 687 3829; x_wconf 80' lang='lat' dir='ltr'>peg.</span> <span class='ocrx_word' id='word_1_251' title='bbox 706 3766 734 3825; x_wconf 84' lang='lat'>5,</span> <span class='ocrx_word' id='word_1_252' title='bbox 753 3764 800 3813; x_wconf 90' lang='lat' dir='ltr'>ubi</span> 
     </span>
     <span class='ocr_line' id='line_1_45' title="bbox 257 3819 800 3908; baseline 0.009 -33"><span class='ocrx_word' id='word_1_253' title='bbox 257 3827 373 3908; x_wconf 64' lang='lat' dir='ltr'>legimns</span> <span class='ocrx_word' id='word_1_254' title='bbox 391 3830 462 3878; x_wconf 90' lang='lat' dir='ltr'>inter</span> <span class='ocrx_word' id='word_1_255' title='bbox 480 3831 549 3880; x_wconf 80' lang='lat' dir='ltr'>ulie:</span> <span class='ocrx_word' id='word_1_256' title='bbox 568 3828 618 3882; x_wconf 80' lang='lat' dir='ltr'>sul</span> <span class='ocrx_word' id='word_1_257' title='bbox 635 3823 653 3898; x_wconf 80' lang='grc' dir='ltr'><em>ἡ</em></span> <span class='ocrx_word' id='word_1_258' title='bbox 672 3822 745 3896; x_wconf 66' lang='grc' dir='ltr'><em>οἱδὴ,</em></span> <span class='ocrx_word' id='word_1_259' title='bbox 763 3819 800 3896; x_wconf 78' lang='grc' dir='ltr'>ἣν</span> 
     </span>
     <span class='ocr_line' id='line_1_46' title="bbox 257 3885 799 3961; baseline 0.009 -19"><span class='ocrx_word' id='word_1_260' title='bbox 257 3909 285 3942; x_wconf 92' lang='grc' dir='ltr'>οι</span> <span class='ocrx_word' id='word_1_261' title='bbox 307 3890 483 3960; x_wconf 72' lang='grc' dir='ltr'><em>μεμνημένοι</em></span> <span class='ocrx_word' id='word_1_262' title='bbox 502 3887 617 3961; x_wconf 81' lang='grc' dir='ltr'><em>ᾄδουσι,</em></span> <span class='ocrx_word' id='word_1_263' title='bbox 642 3885 704 3948; x_wconf 89' lang='lat' dir='ltr'>coll.</span> <span class='ocrx_word' id='word_1_264' title='bbox 724 3899 799 3948; x_wconf 83' lang='lat' dir='ltr'>Suid.</span> 
     </span>
     <span class='ocr_line' id='line_1_47' title="bbox 257 3960 799 4050; baseline 0.007 -40"><span class='ocrx_word' id='word_1_265' title='bbox 257 3977 278 4010; x_wconf 86' lang='lat' dir='ltr'>s.</span> <span class='ocrx_word' id='word_1_266' title='bbox 288 3977 317 4037; x_wconf 70' lang='lat' dir='ltr'>y.</span> <span class='ocrx_word' id='word_1_267' title='bbox 332 3963 369 4011; x_wconf 92' lang='lat'>11.</span> <span class='ocrx_word' id='word_1_268' title='bbox 382 3977 446 4028; x_wconf 88' lang='lat' dir='ltr'>pag.</span> <span class='ocrx_word' id='word_1_269' title='bbox 459 3962 501 4012; x_wconf 84' lang='lat'>87.</span> <span class='ocrx_word' id='word_1_270' title='bbox 537 3965 604 4016; x_wconf 89' lang='lat' dir='ltr'>Inde</span> <span class='ocrx_word' id='word_1_271' title='bbox 617 3981 723 4050; x_wconf 86' lang='lat' dir='ltr'>quoque</span> <span class='ocrx_word' id='word_1_272' title='bbox 737 3960 799 4014; x_wconf 79' lang='grc' dir='ltr'><em>ἰαιι·</em></span> 
     </span>
     <span class='ocr_line' id='line_1_48' title="bbox 257 4023 798 4097; baseline 0.006 -20"><span class='ocrx_word' id='word_1_273' title='bbox 257 4029 355 4093; x_wconf 78' lang='grc' dir='ltr'><em>χαζειν</em></span> <span class='ocrx_word' id='word_1_274' title='bbox 367 4029 439 4079; x_wconf 88' lang='lat' dir='ltr'>idem</span> <span class='ocrx_word' id='word_1_275' title='bbox 449 4029 518 4094; x_wconf 91' lang='lat' dir='ltr'>qnod</span> <span class='ocrx_word' id='word_1_276' title='bbox 526 4023 609 4096; x_wconf 75' lang='grc' dir='ltr'><em>ᾄδειν</em></span> <span class='ocrx_word' id='word_1_277' title='bbox 621 4027 671 4082; x_wconf 80' lang='grc' dir='ltr'>τὸν</span> <span class='ocrx_word' id='word_1_278' title='bbox 684 4035 798 4097; x_wconf 83' lang='grc' dir='ltr'><em>Ιακχον,</em></span> 
     </span>
     <span class='ocr_line' id='line_1_49' title="bbox 257 4090 799 4165; baseline 0.007 -21"><span class='ocrx_word' id='word_1_279' title='bbox 257 4096 408 4160; x_wconf 84' lang='lat' dir='ltr'>interprete</span> <span class='ocrx_word' id='word_1_280' title='bbox 421 4097 541 4160; x_wconf 83' lang='lat' dir='ltr'>Hesych.</span> <span class='ocrx_word' id='word_1_281' title='bbox 560 4115 580 4148; x_wconf 92' lang='lat' dir='ltr'>s.</span> <span class='ocrx_word' id='word_1_282' title='bbox 594 4115 619 4148; x_wconf 89' lang='lat' dir='ltr'>v.</span> <span class='ocrx_word' id='word_1_283' title='bbox 635 4091 678 4150; x_wconf 74' lang='grc' dir='ltr'>δι’</span> <span class='ocrx_word' id='word_1_284' title='bbox 690 4090 799 4165; x_wconf 78' lang='grc' dir='ltr'><em>οἷγορνίς</em></span> 
     </span>
     <span class='ocr_line' id='line_1_50' title="bbox 256 4162 798 4231; baseline 0.006 -19"><span class='ocrx_word' id='word_1_285' title='bbox 256 4163 278 4212; x_wconf 80' lang='grc' dir='ltr'>Ι.</span> <span class='ocrx_word' id='word_1_286' title='bbox 293 4179 357 4229; x_wconf 88' lang='lat' dir='ltr'>pag.</span> <span class='ocrx_word' id='word_1_287' title='bbox 373 4162 432 4214; x_wconf 75' lang='lat'>939.</span> <span class='ocrx_word' id='word_1_288' title='bbox 460 4163 551 4215; x_wconf 82' lang='lat' dir='ltr'>Schol.</span> <span class='ocrx_word' id='word_1_289' title='bbox 570 4165 706 4231; x_wconf 85' lang='lat' dir='ltr'>Aristoph.</span> <span class='ocrx_word' id='word_1_290' title='bbox 728 4168 798 4216; x_wconf 87' lang='lat' dir='ltr'>Ran.</span> 
     </span>
     <span class='ocr_line' id='line_1_51' title="bbox 257 4227 799 4299; baseline 0.004 -19"><span class='ocrx_word' id='word_1_291' title='bbox 257 4229 307 4280; x_wconf 77' lang='lat'>324</span> <span class='ocrx_word' id='word_1_292' title='bbox 326 4235 353 4280; x_wconf 93' lang='lat' dir='ltr'>et</span> <span class='ocrx_word' id='word_1_293' title='bbox 371 4229 459 4282; x_wconf 86' lang='lat' dir='ltr'>Gloss.</span> <span class='ocrx_word' id='word_1_294' title='bbox 472 4232 616 4294; x_wconf 91' lang='lat' dir='ltr'>Herodot.‚</span> <span class='ocrx_word' id='word_1_295' title='bbox 635 4235 682 4284; x_wconf 90' lang='lat' dir='ltr'>nbi</span> <span class='ocrx_word' id='word_1_296' title='bbox 700 4227 799 4299; x_wconf 74' lang='grc' dir='ltr'><em>ἰακχά-</em></span> 
     </span>
     <span class='ocr_line' id='line_1_52' title="bbox 258 4293 799 4365; baseline 0.004 -18"><span class='ocrx_word' id='word_1_297' title='bbox 258 4297 367 4358; x_wconf 65' lang='lat' dir='ltr'>tonnis·</span> <span class='ocrx_word' id='word_1_298' title='bbox 391 4293 518 4363; x_wconf 72' lang='grc' dir='ltr'><em>λέγουσι,</em></span> <span class='ocrx_word' id='word_1_299' title='bbox 537 4299 708 4364; x_wconf 73' lang='grc' dir='ltr'><em>φλυαροῦσι,</em></span> <span class='ocrx_word' id='word_1_300' title='bbox 730 4316 799 4365; x_wconf 90' lang='lat' dir='ltr'>quac</span> 
     </span>
     <span class='ocr_line' id='line_1_53' title="bbox 258 4365 800 4432; baseline 0.002 -17"><span class='ocrx_word' id='word_1_301' title='bbox 258 4365 355 4415; x_wconf 80' lang='lat' dir='ltr'>eedem</span> <span class='ocrx_word' id='word_1_302' title='bbox 377 4365 463 4417; x_wconf 84' lang='lat' dir='ltr'>habet</span> <span class='ocrx_word' id='word_1_303' title='bbox 484 4367 584 4418; x_wconf 81' lang='lat' dir='ltr'>Snidss</span> <span class='ocrx_word' id='word_1_304' title='bbox 606 4367 660 4420; x_wconf 91' lang='grc' dir='ltr'>Ι.1.</span> <span class='ocrx_word' id='word_1_305' title='bbox 702 4369 800 4432; x_wconf 89' lang='lat' dir='ltr'>Itaque</span> 
     </span>
     <span class='ocr_line' id='line_1_54' title="bbox 258 4427 801 4502; baseline 0.002 -19"><span class='ocrx_word' id='word_1_306' title='bbox 258 4434 287 4483; x_wconf 88' lang='lat' dir='ltr'>in</span> <span class='ocrx_word' id='word_1_307' title='bbox 303 4435 437 4486; x_wconf 87' lang='lat' dir='ltr'>Herodoti</span> <span class='ocrx_word' id='word_1_308' title='bbox 451 4435 504 4486; x_wconf 88' lang='lat' dir='ltr'>hoc</span> <span class='ocrx_word' id='word_1_309' title='bbox 522 4435 581 4487; x_wconf 91' lang='lat' dir='ltr'>loco</span> <span class='ocrx_word' id='word_1_310' title='bbox 599 4428 649 4486; x_wconf 79' lang='grc' dir='ltr'>τὸν</span> <span class='ocrx_word' id='word_1_311' title='bbox 665 4427 801 4502; x_wconf 76' lang='grc' dir='ltr'>μυστικὸν</span> 
     </span>
    </p>
   </div>
   <div class='ocr_carea' id='block_1_4' title="bbox 843 1055 1391 1130">
    <p class='ocr_par' dir='ltr' id='par_1_5' title="bbox 843 1055 1391 1130">
     <span class='ocr_line' id='line_1_55' title="bbox 843 1055 1391 1130; baseline -0.002 -15"><span class='ocrx_word' id='word_1_312' title='bbox 843 1055 957 1130; x_wconf 71' lang='grc' dir='ltr'><em>Ἰαιιχον</em></span> <span class='ocrx_word' id='word_1_313' title='bbox 978 1065 1086 1130; x_wconf 84' lang='lat' dir='ltr'>accipio</span> <span class='ocrx_word' id='word_1_314' title='bbox 1107 1065 1141 1115; x_wconf 90' lang='lat' dir='ltr'>de</span> <span class='ocrx_word' id='word_1_315' title='bbox 1163 1066 1284 1114; x_wconf 82' lang='lat' dir='ltr'>carmine</span> <span class='ocrx_word' id='word_1_316' title='bbox 1303 1079 1391 1122; x_wconf 86' lang='lat' dir='ltr'>sacro,</span> 
     </span>
    </p>
   </div>
   <div class='ocr_carea' id='block_1_5' title="bbox 849 1132 1394 2479">
    <p class='ocr_par' dir='ltr' id='par_1_6' title="bbox 849 1132 1394 2479">
     <span class='ocr_line' id='line_1_56' title="bbox 850 1132 1390 1198; baseline -0.004 -16"><span class='ocrx_word' id='word_1_317' title='bbox 850 1133 932 1198; x_wconf 89' lang='lat' dir='ltr'>quale</span> <span class='ocrx_word' id='word_1_318' title='bbox 950 1134 979 1182; x_wconf 91' lang='lat' dir='ltr'>in</span> <span class='ocrx_word' id='word_1_319' title='bbox 995 1133 1045 1182; x_wconf 85' lang='lat' dir='ltr'>ills</span> <span class='ocrx_word' id='word_1_320' title='bbox 1062 1132 1158 1184; x_wconf 75' lang='lat' dir='ltr'>Iacchi</span> <span class='ocrx_word' id='word_1_321' title='bbox 1174 1149 1273 1198; x_wconf 87' lang='lat' dir='ltr'>pompa</span> <span class='ocrx_word' id='word_1_322' title='bbox 1291 1147 1390 1182; x_wconf 88' lang='lat' dir='ltr'>canere</span> 
     </span>
     <span class='ocr_line' id='line_1_57' title="bbox 850 1201 1392 1264; baseline -0.006 -13"><span class='ocrx_word' id='word_1_323' title='bbox 850 1201 976 1251; x_wconf 87' lang='lat' dir='ltr'>solebant</span> <span class='ocrx_word' id='word_1_324' title='bbox 1000 1201 1115 1260; x_wconf 86' lang='lat' dir='ltr'>initiati,</span> <span class='ocrx_word' id='word_1_325' title='bbox 1133 1215 1225 1264; x_wconf 86' lang='lat' dir='ltr'>¹eoque</span> <span class='ocrx_word' id='word_1_326' title='bbox 1249 1201 1332 1249; x_wconf 85' lang='lat' dir='ltr'>etism</span> <span class='ocrx_word' id='word_1_327' title='bbox 1349 1215 1392 1248; x_wconf 90' lang='lat' dir='ltr'>re-</span> 
     </span>
     <span class='ocr_line' id='line_1_58' title="bbox 850 1260 1392 1332; baseline -0.004 -14"><span class='ocrx_word' id='word_1_328' title='bbox 850 1270 910 1318; x_wconf 80' lang='lat' dir='ltr'>fero</span> <span class='ocrx_word' id='word_1_329' title='bbox 922 1269 1034 1318; x_wconf 78' lang='lat' dir='ltr'>verbum</span> <span class='ocrx_word' id='word_1_330' title='bbox 1048 1260 1222 1332; x_wconf 68' lang='grc' dir='ltr'><em>ἰακχάζουσι,</em></span> <span class='ocrx_word' id='word_1_331' title='bbox 1236 1267 1307 1332; x_wconf 89' lang='lat' dir='ltr'>qnod</span> <span class='ocrx_word' id='word_1_332' title='bbox 1320 1267 1392 1316; x_wconf 80' lang='lat' dir='ltr'>inira</span> 
     </span>
     <span class='ocr_line' id='line_1_59' title="bbox 850 1335 1392 1401; baseline -0.006 -16"><span class='ocrx_word' id='word_1_333' title='bbox 850 1337 964 1401; x_wconf 84' lang='lat' dir='ltr'>legitur:</span> <span class='ocrx_word' id='word_1_334' title='bbox 983 1337 1030 1386; x_wconf 83' lang='lat' dir='ltr'>hoc</span> <span class='ocrx_word' id='word_1_335' title='bbox 1041 1353 1141 1386; x_wconf 76' lang='lat' dir='ltr'>carmen</span> <span class='ocrx_word' id='word_1_336' title='bbox 1158 1341 1184 1384; x_wconf 83' lang='lat' dir='ltr'>r&#39;n</span> <span class='ocrx_word' id='word_1_337' title='bbox 1197 1335 1285 1384; x_wconf 80' lang='lat' dir='ltr'>Iacchi</span> <span class='ocrx_word' id='word_1_338' title='bbox 1295 1335 1392 1383; x_wconf 78' lang='lat' dir='ltr'>laudent</span> 
     </span>
     <span class='ocr_line' id='line_1_60' title="bbox 850 1401 1393 1465; baseline -0.002 -12"><span class='ocrx_word' id='word_1_339' title='bbox 850 1412 950 1464; x_wconf 78' lang='lat' dir='ltr'>essunt,</span> <span class='ocrx_word' id='word_1_340' title='bbox 961 1404 1065 1465; x_wconf 78' lang='lat' dir='ltr'>sire‚ut</span> <span class='ocrx_word' id='word_1_341' title='bbox 1074 1403 1208 1452; x_wconf 81' lang='lat' dir='ltr'>l&#39;alclreu.</span> <span class='ocrx_word' id='word_1_342' title='bbox 1217 1401 1319 1452; x_wconf 82' lang='lat' dir='ltr'>r&#39;eddit:</span> <span class='ocrx_word' id='word_1_343' title='bbox 1329 1404 1393 1452; x_wconf 69' lang='lat' dir='ltr'>deoc</span> 
     </span>
     <span class='ocr_line' id='line_1_61' title="bbox 852 1469 1392 1531; baseline -0.004 -11"><span class='ocrx_word' id='word_1_344' title='bbox 852 1471 992 1531; x_wconf 71' lang='lat' dir='ltr'>(clamore)</span> <span class='ocrx_word' id='word_1_345' title='bbox 1013 1478 1115 1521; x_wconf 83' lang='lat' dir='ltr'>utuntur</span> <span class='ocrx_word' id='word_1_346' title='bbox 1132 1473 1173 1520; x_wconf 83' lang='lat' dir='ltr'>die</span> <span class='ocrx_word' id='word_1_347' title='bbox 1188 1471 1256 1530; x_wconf 80' lang='lat' dir='ltr'>sesto</span> <span class='ocrx_word' id='word_1_348' title='bbox 1276 1469 1392 1519; x_wconf 77' lang='lat' dir='ltr'>Iacchum</span> 
     </span>
     <span class='ocr_line' id='line_1_62' title="bbox 849 1535 1392 1603; baseline -0.007 -15"><span class='ocrx_word' id='word_1_349' title='bbox 849 1542 953 1603; x_wconf 81' lang='lat' dir='ltr'>saepius</span> <span class='ocrx_word' id='word_1_350' title='bbox 969 1540 1140 1588; x_wconf 80' lang='lat' dir='ltr'>inclamantes.</span> <span class='ocrx_word' id='word_1_351' title='bbox 1176 1537 1298 1586; x_wconf 83' lang='lat' dir='ltr'>Offendit</span> <span class='ocrx_word' id='word_1_352' title='bbox 1314 1537 1346 1586; x_wconf 77' lang='grc' dir='ltr'>(Ι.</span> <span class='ocrx_word' id='word_1_353' title='bbox 1358 1535 1392 1584; x_wconf 94' lang='lat'>0.</span> 
     </span>
     <span class='ocr_line' id='line_1_63' title="bbox 850 1603 1391 1666; baseline -0.007 -11"><span class='ocrx_word' id='word_1_354' title='bbox 850 1605 1128 1666; x_wconf 73' lang='lat' dir='ltr'>Muellerumfflleine</span> <span class='ocrx_word' id='word_1_355' title='bbox 1137 1603 1269 1654; x_wconf 89' lang='lat' dir='ltr'>deutsche</span> <span class='ocrx_word' id='word_1_356' title='bbox 1278 1603 1391 1654; x_wconf 82' lang='lat' dir='ltr'>Schriit.</span> 
     </span>
     <span class='ocr_line' id='line_1_64' title="bbox 850 1672 1392 1739; baseline -0.009 -16"><span class='ocrx_word' id='word_1_357' title='bbox 850 1675 894 1723; x_wconf 93' lang='grc' dir='ltr'>ΙΙ..</span> <span class='ocrx_word' id='word_1_358' title='bbox 904 1691 930 1739; x_wconf 92' lang='lat' dir='ltr'>p.</span> <span class='ocrx_word' id='word_1_359' title='bbox 948 1673 1009 1735; x_wconf 77' lang='lat'><strong>272)</strong></span> <span class='ocrx_word' id='word_1_360' title='bbox 1033 1674 1061 1722; x_wconf 90' lang='lat' dir='ltr'>in</span> <span class='ocrx_word' id='word_1_361' title='bbox 1077 1673 1130 1722; x_wconf 84' lang='lat' dir='ltr'>hso</span> <span class='ocrx_word' id='word_1_362' title='bbox 1147 1672 1281 1722; x_wconf 86' lang='lat' dir='ltr'>Herodoti</span> <span class='ocrx_word' id='word_1_363' title='bbox 1298 1685 1392 1720; x_wconf 88' lang='lat' dir='ltr'>narra·</span> 
     </span>
     <span class='ocr_line' id='line_1_65' title="bbox 850 1739 1393 1806; baseline -0.006 -17"><span class='ocrx_word' id='word_1_364' title='bbox 850 1743 938 1798; x_wconf 84' lang='lat' dir='ltr'>tione,</span> <span class='ocrx_word' id='word_1_365' title='bbox 957 1740 1026 1806; x_wconf 92' lang='lat' dir='ltr'>quod</span> <span class='ocrx_word' id='word_1_366' title='bbox 1039 1741 1138 1789; x_wconf 77' lang='lat' dir='ltr'>Noster</span> <span class='ocrx_word' id='word_1_367' title='bbox 1149 1741 1189 1788; x_wconf 90' lang='lat' dir='ltr'>sic</span> <span class='ocrx_word' id='word_1_368' title='bbox 1202 1739 1341 1803; x_wconf 84' lang='lat' dir='ltr'>loquatur,</span> <span class='ocrx_word' id='word_1_369' title='bbox 1363 1741 1393 1786; x_wconf 89' lang='lat' dir='ltr'>nt</span> 
     </span>
     <span class='ocr_line' id='line_1_66' title="bbox 851 1806 1393 1873; baseline -0.006 -16"><span class='ocrx_word' id='word_1_370' title='bbox 851 1809 1021 1858; x_wconf 80' lang='lat' dir='ltr'>initiatorum</span> <span class='ocrx_word' id='word_1_371' title='bbox 1038 1823 1148 1873; x_wconf 79' lang='lat' dir='ltr'>pompe,</span> <span class='ocrx_word' id='word_1_372' title='bbox 1174 1821 1243 1871; x_wconf 89' lang='lat' dir='ltr'>quae</span> <span class='ocrx_word' id='word_1_373' title='bbox 1264 1806 1393 1856; x_wconf 84' lang='lat' dir='ltr'>lecchum</span> 
     </span>
     <span class='ocr_line' id='line_1_67' title="bbox 851 1875 1392 1941; baseline -0.007 -15"><span class='ocrx_word' id='word_1_374' title='bbox 851 1876 981 1941; x_wconf 76' lang='lat' dir='ltr'>gestabat</span> <span class='ocrx_word' id='word_1_375' title='bbox 992 1875 1141 1939; x_wconf 88' lang='lat' dir='ltr'>laudesque</span> <span class='ocrx_word' id='word_1_376' title='bbox 1154 1875 1182 1923; x_wconf 92' lang='lat' dir='ltr'>in</span> <span class='ocrx_word' id='word_1_377' title='bbox 1196 1875 1254 1922; x_wconf 91' lang='lat' dir='ltr'>eius</span> <span class='ocrx_word' id='word_1_378' title='bbox 1265 1875 1392 1924; x_wconf 86' lang='lat' dir='ltr'>honorem</span> 
     </span>
     <span class='ocr_line' id='line_1_68' title="bbox 851 1941 1393 2005; baseline -0.007 -13"><span class='ocrx_word' id='word_1_379' title='bbox 851 1943 997 2005; x_wconf 71' lang='lat' dir='ltr'>cantabat,</span> <span class='ocrx_word' id='word_1_380' title='bbox 1015 1943 1146 1992; x_wconf 87' lang='lat' dir='ltr'>Eleusine</span> <span class='ocrx_word' id='word_1_381' title='bbox 1159 1941 1281 1991; x_wconf 79' lang='lat' dir='ltr'>Athenas</span> <span class='ocrx_word' id='word_1_382' title='bbox 1299 1955 1393 1990; x_wconf 82' lang='lat' dir='ltr'>versus</span> 
     </span>
     <span class='ocr_line' id='line_1_69' title="bbox 850 2008 1393 2076; baseline -0.009 -15"><span class='ocrx_word' id='word_1_383' title='bbox 850 2011 1018 2076; x_wconf 83' lang='lat' dir='ltr'>processisse</span> <span class='ocrx_word' id='word_1_384' title='bbox 1035 2011 1176 2071; x_wconf 76' lang='lat' dir='ltr'>videatur,</span> <span class='ocrx_word' id='word_1_385' title='bbox 1201 2025 1261 2058; x_wconf 91' lang='lat' dir='ltr'>cum</span> <span class='ocrx_word' id='word_1_386' title='bbox 1278 2008 1393 2058; x_wconf 84' lang='lat' dir='ltr'>Athenis</span> 
     </span>
     <span class='ocr_line' id='line_1_70' title="bbox 849 2075 1393 2143; baseline -0.006 -15"><span class='ocrx_word' id='word_1_387' title='bbox 849 2079 940 2143; x_wconf 89' lang='lat' dir='ltr'>potius</span> <span class='ocrx_word' id='word_1_388' title='bbox 957 2078 1116 2128; x_wconf 83' lang='lat' dir='ltr'>Eleusinem</span> <span class='ocrx_word' id='word_1_389' title='bbox 1133 2092 1227 2127; x_wconf 83' lang='lat' dir='ltr'>versus</span> <span class='ocrx_word' id='word_1_390' title='bbox 1245 2075 1393 2141; x_wconf 89' lang='lat' dir='ltr'>proceden-</span> 
     </span>
     <span class='ocr_line' id='line_1_71' title="bbox 850 2145 1393 2196; baseline -0.004 -2"><span class='ocrx_word' id='word_1_391' title='bbox 850 2152 892 2196; x_wconf 88' lang='lat' dir='ltr'>tes</span> <span class='ocrx_word' id='word_1_392' title='bbox 915 2147 1041 2196; x_wconf 80' lang='lat' dir='ltr'>initiatos</span> <span class='ocrx_word' id='word_1_393' title='bbox 1065 2145 1195 2196; x_wconf 86' lang='lat' dir='ltr'>Iacchum</span> <span class='ocrx_word' id='word_1_394' title='bbox 1224 2149 1353 2194; x_wconf 87' lang='lat' dir='ltr'>cantasse</span> <span class='ocrx_word' id='word_1_395' title='bbox 1378 2159 1393 2192; x_wconf 89' lang='lat' dir='ltr'>e</span> 
     </span>
     <span class='ocr_line' id='line_1_72' title="bbox 849 2211 1393 2276; baseline -0.007 -13"><span class='ocrx_word' id='word_1_396' title='bbox 849 2215 988 2263; x_wconf 89' lang='lat' dir='ltr'>constanti</span> <span class='ocrx_word' id='word_1_397' title='bbox 1012 2213 1188 2276; x_wconf 83' lang='lat' dir='ltr'>antiquitatis</span> <span class='ocrx_word' id='word_1_398' title='bbox 1210 2211 1286 2260; x_wconf 76' lang='lat' dir='ltr'>sams</span> <span class='ocrx_word' id='word_1_399' title='bbox 1309 2227 1393 2276; x_wconf 85' lang='lat' dir='ltr'>sppa·</span> 
     </span>
     <span class='ocr_line' id='line_1_73' title="bbox 851 2278 1393 2344; baseline -0.004 -15"><span class='ocrx_word' id='word_1_400' title='bbox 851 2285 919 2330; x_wconf 90' lang='lat' dir='ltr'>reat.</span> <span class='ocrx_word' id='word_1_401' title='bbox 954 2281 1049 2344; x_wconf 86' lang='lat' dir='ltr'>Neque</span> <span class='ocrx_word' id='word_1_402' title='bbox 1067 2297 1133 2330; x_wconf 84' lang='lat' dir='ltr'>vero</span> <span class='ocrx_word' id='word_1_403' title='bbox 1151 2280 1185 2328; x_wconf 85' lang='lat' dir='ltr'>sb</span> <span class='ocrx_word' id='word_1_404' title='bbox 1196 2279 1251 2329; x_wconf 79' lang='lat' dir='ltr'>hec</span> <span class='ocrx_word' id='word_1_405' title='bbox 1263 2278 1393 2328; x_wconf 88' lang='lat' dir='ltr'>recedere</span> 
     </span>
     <span class='ocr_line' id='line_1_74' title="bbox 850 2347 1394 2428; baseline -0.002 -32"><span class='ocrx_word' id='word_1_406' title='bbox 850 2349 978 2397; x_wconf 82' lang='lat' dir='ltr'>Nostrum</span> <span class='ocrx_word' id='word_1_407' title='bbox 991 2349 1158 2410; x_wconf 80' lang='lat' dir='ltr'>existimem,</span> <span class='ocrx_word' id='word_1_408' title='bbox 1173 2347 1220 2412; x_wconf 91' lang='lat' dir='ltr'>qui</span> <span class='ocrx_word' id='word_1_409' title='bbox 1231 2361 1310 2428; x_wconf 85' lang='lat' dir='ltr'>quem</span> <span class='ocrx_word' id='word_1_410' title='bbox 1324 2361 1394 2424; x_wconf 59' lang='lat'><strong>⁰2⁰¹:</strong></span> 
     </span>
     <span class='ocr_line' id='line_1_75' title="bbox 851 2412 1393 2479; baseline -0.006 -14"><span class='ocrx_word' id='word_1_411' title='bbox 851 2421 985 2465; x_wconf 78' lang='lat' dir='ltr'>memoret</span> <span class='ocrx_word' id='word_1_412' title='bbox 1001 2412 1150 2478; x_wconf 75' lang='grc' dir='ltr'><em>κονιορτὸν</em></span> <span class='ocrx_word' id='word_1_413' title='bbox 1172 2429 1314 2479; x_wconf 75' lang='grc' dir='ltr'><em>χωρεονια</em></span> <span class='ocrx_word' id='word_1_414' title='bbox 1336 2427 1393 2463; x_wconf 70' lang='lat' dir='ltr'>uun</span> 
     </span>
    </p>
   </div>
   <div class='ocr_carea' id='block_1_6' title="bbox 847 2477 1393 2548">
    <p class='ocr_par' dir='ltr' id='par_1_7' title="bbox 847 2477 1393 2548">
     <span class='ocr_line' id='line_1_76' title="bbox 847 2477 1393 2548; baseline -0.002 -16"><span class='ocrx_word' id='word_1_415' title='bbox 847 2477 1015 2543; x_wconf 79' lang='grc' dir='ltr'><em>Ἐλευσῖνος,</em></span> <span class='ocrx_word' id='word_1_416' title='bbox 1029 2483 1170 2548; x_wconf 86' lang='lat' dir='ltr'>pulverem</span> <span class='ocrx_word' id='word_1_417' title='bbox 1182 2481 1319 2532; x_wconf 86' lang='lat' dir='ltr'>intellexit</span> <span class='ocrx_word' id='word_1_418' title='bbox 1331 2481 1393 2532; x_wconf 90' lang='lat' dir='ltr'>inde</span> 
     </span>
    </p>
   </div>
   <div class='ocr_carea' id='block_1_7' title="bbox 849 2549 1396 4434">
    <p class='ocr_par' dir='ltr' id='par_1_8' title="bbox 849 2549 1395 3034">
     <span class='ocr_line' id='line_1_77' title="bbox 852 2549 1393 2600; baseline -0.006 0"><span class='ocrx_word' id='word_1_419' title='bbox 852 2551 886 2600; x_wconf 89' lang='lat' dir='ltr'>ab</span> <span class='ocrx_word' id='word_1_420' title='bbox 904 2551 1035 2600; x_wconf 84' lang='lat' dir='ltr'>Eleusine</span> <span class='ocrx_word' id='word_1_421' title='bbox 1053 2551 1185 2600; x_wconf 88' lang='lat' dir='ltr'>orientem</span> <span class='ocrx_word' id='word_1_422' title='bbox 1208 2553 1236 2599; x_wconf 89' lang='lat' dir='ltr'>et</span> <span class='ocrx_word' id='word_1_423' title='bbox 1252 2549 1343 2599; x_wconf 82' lang='lat' dir='ltr'>ventis</span> <span class='ocrx_word' id='word_1_424' title='bbox 1360 2565 1393 2597; x_wconf 88' lang='lat' dir='ltr'>ex</span> 
     </span>
     <span class='ocr_line' id='line_1_78' title="bbox 852 2617 1393 2668; baseline -0.006 -1"><span class='ocrx_word' id='word_1_425' title='bbox 852 2619 968 2668; x_wconf 80' lang='lat' dir='ltr'>adverso</span> <span class='ocrx_word' id='word_1_426' title='bbox 996 2618 1125 2667; x_wconf 87' lang='lat' dir='ltr'>flantibus</span> <span class='ocrx_word' id='word_1_427' title='bbox 1154 2618 1264 2666; x_wconf 86' lang='lat' dir='ltr'>obvium</span> <span class='ocrx_word' id='word_1_428' title='bbox 1291 2617 1393 2666; x_wconf 84' lang='lat' dir='ltr'>lactum</span> 
     </span>
     <span class='ocr_line' id='line_1_79' title="bbox 851 2683 1394 2750; baseline -0.004 -16"><span class='ocrx_word' id='word_1_429' title='bbox 851 2686 979 2748; x_wconf 87' lang='lat' dir='ltr'>initiatis,</span> <span class='ocrx_word' id='word_1_430' title='bbox 991 2686 1037 2749; x_wconf 90' lang='lat' dir='ltr'>qui</span> <span class='ocrx_word' id='word_1_431' title='bbox 1047 2701 1143 2750; x_wconf 74' lang='lat' dir='ltr'>campo</span> <span class='ocrx_word' id='word_1_432' title='bbox 1153 2683 1279 2734; x_wconf 88' lang='lat' dir='ltr'>Thriasio</span> <span class='ocrx_word' id='word_1_433' title='bbox 1290 2684 1394 2747; x_wconf 80' lang='lat' dir='ltr'>egressi</span> 
     </span>
     <span class='ocr_line' id='line_1_80' title="bbox 851 2751 1395 2818; baseline -0.007 -15"><span class='ocrx_word' id='word_1_434' title='bbox 851 2755 962 2818; x_wconf 89' lang='lat' dir='ltr'>propius</span> <span class='ocrx_word' id='word_1_435' title='bbox 985 2753 1019 2802; x_wconf 87' lang='lat' dir='ltr'>ad</span> <span class='ocrx_word' id='word_1_436' title='bbox 1040 2752 1201 2802; x_wconf 83' lang='lat' dir='ltr'>Eleusinem</span> <span class='ocrx_word' id='word_1_437' title='bbox 1223 2751 1395 2801; x_wconf 74' lang='lat' dir='ltr'>accedebant</span> 
     </span>
     <span class='ocr_line' id='line_1_81' title="bbox 851 2818 1394 2886; baseline -0.006 -16"><span class='ocrx_word' id='word_1_438' title='bbox 851 2822 975 2886; x_wconf 90' lang='lat' dir='ltr'>beneque</span> <span class='ocrx_word' id='word_1_439' title='bbox 998 2820 1075 2869; x_wconf 90' lang='lat' dir='ltr'>illum</span> <span class='ocrx_word' id='word_1_440' title='bbox 1096 2819 1252 2884; x_wconf 89' lang='lat' dir='ltr'>prospicere</span> <span class='ocrx_word' id='word_1_441' title='bbox 1270 2818 1394 2882; x_wconf 89' lang='lat' dir='ltr'>adeoque</span> 
     </span>
     <span class='ocr_line' id='line_1_82' title="bbox 851 2888 1395 2952; baseline -0.006 -15"><span class='ocrx_word' id='word_1_442' title='bbox 851 2889 905 2952; x_wconf 89' lang='lat' dir='ltr'>ipsi</span> <span class='ocrx_word' id='word_1_443' title='bbox 928 2888 1029 2938; x_wconf 88' lang='lat' dir='ltr'>sentire</span> <span class='ocrx_word' id='word_1_444' title='bbox 1052 2893 1192 2952; x_wconf 87' lang='lat' dir='ltr'>poterant,</span> <span class='ocrx_word' id='word_1_445' title='bbox 1215 2901 1276 2936; x_wconf 91' lang='lat' dir='ltr'>enm</span> <span class='ocrx_word' id='word_1_446' title='bbox 1297 2891 1395 2936; x_wconf 81' lang='lat' dir='ltr'>ventus</span> 
     </span>
     <span class='ocr_line' id='line_1_83' title="bbox 849 2953 1393 3034; baseline -0.004 -30"><span class='ocrx_word' id='word_1_447' title='bbox 849 2955 989 3020; x_wconf 83' lang='lat' dir='ltr'>pulverem</span> <span class='ocrx_word' id='word_1_448' title='bbox 1000 2956 1034 3004; x_wconf 81' lang='lat' dir='ltr'>ud</span> <span class='ocrx_word' id='word_1_449' title='bbox 1044 2956 1163 3034; x_wconf 84' lang='lat' dir='ltr'>ipsorum</span> <span class='ocrx_word' id='word_1_450' title='bbox 1176 2969 1224 3004; x_wconf 83' lang='lat' dir='ltr'>ora</span> <span class='ocrx_word' id='word_1_451' title='bbox 1234 2953 1393 3004; x_wconf 82' lang='lat' dir='ltr'>adveheret.</span> 
     </span>
    </p>

    <p class='ocr_par' dir='ltr' id='par_1_9' title="bbox 850 3013 1396 4100">
     <span class='ocr_line' id='line_1_84' title="bbox 891 3013 1396 3086; baseline -0.004 -14"><span class='ocrx_word' id='word_1_452' title='bbox 891 3017 967 3072; x_wconf 80' lang='grc' dir='ltr'><em>εἶναι</em></span> <span class='ocrx_word' id='word_1_453' title='bbox 993 3015 1022 3072; x_wconf 83' lang='grc' dir='ltr'>δ’</span> <span class='ocrx_word' id='word_1_454' title='bbox 1045 3014 1212 3086; x_wconf 60' lang='lat' dir='ltr'>occipere]</span> <span class='ocrx_word' id='word_1_455' title='bbox 1241 3021 1294 3071; x_wconf 90' lang='lat' dir='ltr'>Pro</span> <span class='ocrx_word' id='word_1_456' title='bbox 1318 3013 1396 3072; x_wconf 75' lang='grc' dir='ltr'><em>εἶναι</em></span> 
     </span>
     <span class='ocr_line' id='line_1_85' title="bbox 851 3087 1393 3140; baseline -0.004 -1"><span class='ocrx_word' id='word_1_457' title='bbox 851 3090 994 3140; x_wconf 89' lang='lat' dir='ltr'>Villoison.</span> <span class='ocrx_word' id='word_1_458' title='bbox 1020 3090 1055 3139; x_wconf 86' lang='lat' dir='ltr'>ad</span> <span class='ocrx_word' id='word_1_459' title='bbox 1076 3090 1114 3139; x_wconf 90' lang='lat' dir='ltr'>St.</span> <span class='ocrx_word' id='word_1_460' title='bbox 1139 3089 1220 3138; x_wconf 87' lang='lat' dir='ltr'>Croix</span> <span class='ocrx_word' id='word_1_461' title='bbox 1241 3087 1393 3138; x_wconf 87' lang='lat' dir='ltr'>Recherch.</span> 
     </span>
     <span class='ocr_line' id='line_1_86' title="bbox 850 3154 1394 3222; baseline -0.006 -15"><span class='ocrx_word' id='word_1_462' title='bbox 850 3173 897 3208; x_wconf 88' lang='lat' dir='ltr'>sur</span> <span class='ocrx_word' id='word_1_463' title='bbox 909 3157 927 3206; x_wconf 93' lang='lat' dir='ltr'>l.</span> <span class='ocrx_word' id='word_1_464' title='bbox 941 3161 1021 3222; x_wconf 82' lang='lat' dir='ltr'>myst.</span> <span class='ocrx_word' id='word_1_465' title='bbox 1035 3158 1061 3206; x_wconf 90' lang='lat' dir='ltr'>d.</span> <span class='ocrx_word' id='word_1_466' title='bbox 1074 3172 1175 3222; x_wconf 87' lang='lat' dir='ltr'>pagan.</span> <span class='ocrx_word' id='word_1_467' title='bbox 1189 3157 1211 3206; x_wconf 92' lang='lat' dir='ltr'>I.</span> <span class='ocrx_word' id='word_1_468' title='bbox 1224 3173 1250 3221; x_wconf 94' lang='lat' dir='ltr'>p.</span> <span class='ocrx_word' id='word_1_469' title='bbox 1264 3154 1313 3206; x_wconf 78' lang='lat'>327</span> <span class='ocrx_word' id='word_1_470' title='bbox 1332 3155 1394 3206; x_wconf 89' lang='lat' dir='ltr'>sub-</span> 
     </span>
     <span class='ocr_line' id='line_1_87' title="bbox 850 3218 1393 3287; baseline -0.006 -13"><span class='ocrx_word' id='word_1_471' title='bbox 850 3225 929 3274; x_wconf 91' lang='lat' dir='ltr'>stitui</span> <span class='ocrx_word' id='word_1_472' title='bbox 945 3225 1003 3274; x_wconf 87' lang='lat' dir='ltr'>vult</span> <span class='ocrx_word' id='word_1_473' title='bbox 1021 3218 1111 3287; x_wconf 78' lang='grc' dir='ltr'><em>ἰέναι,</em></span> <span class='ocrx_word' id='word_1_474' title='bbox 1130 3229 1160 3274; x_wconf 91' lang='lat' dir='ltr'>ut</span> <span class='ocrx_word' id='word_1_475' title='bbox 1178 3224 1240 3273; x_wconf 93' lang='lat' dir='ltr'>inde</span> <span class='ocrx_word' id='word_1_476' title='bbox 1258 3223 1318 3273; x_wconf 87' lang='lat' dir='ltr'>scil.</span> <span class='ocrx_word' id='word_1_477' title='bbox 1337 3223 1393 3272; x_wconf 86' lang='lat' dir='ltr'>exi·</span> 
     </span>
     <span class='ocr_line' id='line_1_88' title="bbox 851 3293 1394 3352; baseline -0.006 -10"><span class='ocrx_word' id='word_1_478' title='bbox 851 3297 906 3342; x_wconf 89' lang='lat' dir='ltr'>stat</span> <span class='ocrx_word' id='word_1_479' title='bbox 923 3293 1075 3342; x_wconf 88' lang='lat' dir='ltr'>sententia:</span> <span class='ocrx_word' id='word_1_480' title='bbox 1095 3307 1197 3352; x_wconf 81' lang='lat' dir='ltr'>„nocem</span> <span class='ocrx_word' id='word_1_481' title='bbox 1214 3293 1327 3341; x_wconf 81' lang='lat' dir='ltr'>emissam</span> <span class='ocrx_word' id='word_1_482' title='bbox 1339 3305 1394 3339; x_wconf 81' lang='lat' dir='ltr'>csse</span> 
     </span>
     <span class='ocr_line' id='line_1_89' title="bbox 850 3359 1393 3423; baseline -0.006 -14"><span class='ocrx_word' id='word_1_483' title='bbox 850 3377 867 3409; x_wconf 90' lang='grc' dir='ltr'>ιι</span> <span class='ocrx_word' id='word_1_484' title='bbox 876 3365 978 3421; x_wconf 75' lang='lat' dir='ltr'>mystico</span> <span class='ocrx_word' id='word_1_485' title='bbox 988 3360 1125 3415; x_wconf 81' lang='lat' dir='ltr'>Buccho“.·</span> <span class='ocrx_word' id='word_1_486' title='bbox 1140 3375 1193 3423; x_wconf 93' lang='lat' dir='ltr'>quo</span> <span class='ocrx_word' id='word_1_487' title='bbox 1204 3373 1272 3408; x_wconf 89' lang='lat' dir='ltr'>ssue</span> <span class='ocrx_word' id='word_1_488' title='bbox 1283 3359 1393 3408; x_wconf 90' lang='lat' dir='ltr'>minime</span> 
     </span>
     <span class='ocr_line' id='line_1_90' title="bbox 851 3426 1394 3492; baseline -0.004 -16"><span class='ocrx_word' id='word_1_489' title='bbox 851 3443 927 3492; x_wconf 90' lang='lat' dir='ltr'>opus.</span> <span class='ocrx_word' id='word_1_490' title='bbox 966 3428 1025 3476; x_wconf 89' lang='lat' dir='ltr'>Nec</span> <span class='ocrx_word' id='word_1_491' title='bbox 1047 3427 1135 3491; x_wconf 87' lang='lat' dir='ltr'>rusgis</span> <span class='ocrx_word' id='word_1_492' title='bbox 1158 3441 1225 3491; x_wconf 87' lang='lat' dir='ltr'>opus</span> <span class='ocrx_word' id='word_1_493' title='bbox 1247 3426 1394 3491; x_wconf 87' lang='lat' dir='ltr'>participio</span> 
     </span>
     <span class='ocr_line' id='line_1_91' title="bbox 868 3487 1395 3559; baseline -0.006 -15"><span class='ocrx_word' id='word_1_494' title='bbox 868 3487 1024 3558; x_wconf 77' lang='grc' dir='ltr'><em>ινομὲνων,</em></span> <span class='ocrx_word' id='word_1_495' title='bbox 1047 3495 1117 3559; x_wconf 87' lang='lat' dir='ltr'>quod</span> <span class='ocrx_word' id='word_1_496' title='bbox 1141 3490 1204 3558; x_wconf 88' lang='lat' dir='ltr'>post</span> <span class='ocrx_word' id='word_1_497' title='bbox 1231 3509 1314 3542; x_wconf 87' lang='lat' dir='ltr'>voces</span> <span class='ocrx_word' id='word_1_498' title='bbox 1339 3491 1395 3542; x_wconf 67' lang='lat' dir='ltr'>snio</span> 
     </span>
     <span class='ocr_line' id='line_1_92' title="bbox 850 3511 1395 3626; baseline -0.007 -13"><span class='ocrx_word' id='word_1_499' title='bbox 850 3511 883 3614; x_wconf 64' lang='lat' dir='ltr'>dv</span> <span class='ocrx_word' id='word_1_500' title='bbox 896 3552 1035 3612; x_wconf 73' lang='grc' dir='ltr'><em>Ἐλευσῖνι</em></span> <span class='ocrx_word' id='word_1_501' title='bbox 1052 3561 1135 3626; x_wconf 84' lang='lat' dir='ltr'>vulgo</span> <span class='ocrx_word' id='word_1_502' title='bbox 1150 3561 1282 3610; x_wconf 86' lang='lat' dir='ltr'>insertum</span> <span class='ocrx_word' id='word_1_503' title='bbox 1299 3565 1395 3610; x_wconf 87' lang='lat' dir='ltr'>tenent</span> 
     </span>
     <span class='ocr_line' id='line_1_93' title="bbox 851 3628 1392 3692; baseline -0.007 -12"><span class='ocrx_word' id='word_1_504' title='bbox 851 3631 1031 3692; x_wconf 61' lang='lat' dir='ltr'>Sohaemus,</span> <span class='ocrx_word' id='word_1_505' title='bbox 1059 3629 1157 3679; x_wconf 82' lang='lat' dir='ltr'>Matth.</span> <span class='ocrx_word' id='word_1_506' title='bbox 1182 3633 1210 3678; x_wconf 91' lang='lat' dir='ltr'>et</span> <span class='ocrx_word' id='word_1_507' title='bbox 1237 3628 1297 3678; x_wconf 89' lang='lat' dir='ltr'>edd.</span> <span class='ocrx_word' id='word_1_508' title='bbox 1321 3643 1392 3677; x_wconf 88' lang='lat' dir='ltr'>recc.</span> 
     </span>
     <span class='ocr_line' id='line_1_94' title="bbox 850 3695 1393 3762; baseline -0.007 -15"><span class='ocrx_word' id='word_1_509' title='bbox 850 3699 984 3762; x_wconf 85' lang='lat' dir='ltr'>Equidem</span> <span class='ocrx_word' id='word_1_510' title='bbox 1008 3713 1068 3747; x_wconf 90' lang='lat' dir='ltr'>cnm</span> <span class='ocrx_word' id='word_1_511' title='bbox 1086 3696 1237 3760; x_wconf 78' lang='lat' dir='ltr'>Schweigh.</span> <span class='ocrx_word' id='word_1_512' title='bbox 1261 3701 1289 3745; x_wconf 89' lang='lat' dir='ltr'>et</span> <span class='ocrx_word' id='word_1_513' title='bbox 1304 3695 1393 3744; x_wconf 81' lang='lat' dir='ltr'>Gsisf.</span> 
     </span>
     <span class='ocr_line' id='line_1_95' title="bbox 850 3763 1393 3824; baseline -0.007 -9"><span class='ocrx_word' id='word_1_514' title='bbox 850 3766 962 3816; x_wconf 86' lang='lat' dir='ltr'>verbum</span> <span class='ocrx_word' id='word_1_515' title='bbox 976 3781 990 3814; x_wconf 91' lang='lat' dir='ltr'>e</span> <span class='ocrx_word' id='word_1_516' title='bbox 1004 3765 1121 3824; x_wconf 88' lang='lat' dir='ltr'>scholio,</span> <span class='ocrx_word' id='word_1_517' title='bbox 1140 3769 1170 3812; x_wconf 89' lang='lat' dir='ltr'>ut</span> <span class='ocrx_word' id='word_1_518' title='bbox 1180 3764 1300 3824; x_wconf 86' lang='lat' dir='ltr'>videtur,</span> <span class='ocrx_word' id='word_1_519' title='bbox 1318 3763 1393 3812; x_wconf 84' lang='lat' dir='ltr'>iuve-</span> 
     </span>
     <span class='ocr_line' id='line_1_96' title="bbox 851 3831 1394 3882; baseline -0.006 0"><span class='ocrx_word' id='word_1_520' title='bbox 851 3839 924 3882; x_wconf 89' lang='lat' dir='ltr'>ctum</span> <span class='ocrx_word' id='word_1_521' title='bbox 934 3839 962 3882; x_wconf 86' lang='lat' dir='ltr'>ct</span> <span class='ocrx_word' id='word_1_522' title='bbox 970 3834 998 3881; x_wconf 90' lang='lat' dir='ltr'>in</span> <span class='ocrx_word' id='word_1_523' title='bbox 1007 3833 1112 3881; x_wconf 87' lang='lat' dir='ltr'>duobus</span> <span class='ocrx_word' id='word_1_524' title='bbox 1122 3831 1199 3881; x_wconf 90' lang='lat' dir='ltr'>codd.</span> <span class='ocrx_word' id='word_1_525' title='bbox 1206 3831 1394 3882; x_wconf 76' lang='lat' dir='ltr'>Perissomis·</span> 
     </span>
     <span class='ocr_line' id='line_1_97' title="bbox 851 3897 1395 3961; baseline -0.004 -14"><span class='ocrx_word' id='word_1_526' title='bbox 851 3914 910 3949; x_wconf 88' lang='lat' dir='ltr'>aum</span> <span class='ocrx_word' id='word_1_527' title='bbox 921 3900 1025 3961; x_wconf 89' lang='lat' dir='ltr'>abieci;</span> <span class='ocrx_word' id='word_1_528' title='bbox 1038 3899 1214 3949; x_wconf 85' lang='lat' dir='ltr'>Florentinus</span> <span class='ocrx_word' id='word_1_529' title='bbox 1226 3897 1298 3946; x_wconf 89' lang='lat' dir='ltr'>liber</span> <span class='ocrx_word' id='word_1_530' title='bbox 1310 3897 1395 3946; x_wconf 87' lang='lat' dir='ltr'>dabat</span> 
     </span>
     <span class='ocr_line' id='line_1_98' title="bbox 850 3961 1393 4031; baseline -0.006 -15"><span class='ocrx_word' id='word_1_531' title='bbox 850 3961 1101 4030; x_wconf 70' lang='grc' dir='ltr'><em>γενομένων-Λᾶ</em></span> <span class='ocrx_word' id='word_1_532' title='bbox 1112 3965 1266 4031; x_wconf 85' lang='lat' dir='ltr'>particulae</span> <span class='ocrx_word' id='word_1_533' title='bbox 1278 3979 1307 4014; x_wconf 80' lang='grc' dir='ltr'>τε</span> <span class='ocrx_word' id='word_1_534' title='bbox 1317 3979 1393 4014; x_wconf 89' lang='lat' dir='ltr'>nsum</span> 
     </span>
     <span class='ocr_line' id='line_1_99' title="bbox 850 4029 1392 4100; baseline -0.006 -18"><span class='ocrx_word' id='word_1_535' title='bbox 850 4037 912 4098; x_wconf 92' lang='lat' dir='ltr'>post</span> <span class='ocrx_word' id='word_1_536' title='bbox 927 4030 1058 4100; x_wconf 68' lang='lat' dir='ltr'>closellos</span> <span class='ocrx_word' id='word_1_537' title='bbox 1072 4035 1108 4083; x_wconf 85' lang='lat' dir='ltr'>cl.</span> <span class='ocrx_word' id='word_1_538' title='bbox 1121 4033 1208 4083; x_wconf 73' lang='lat' dir='ltr'>allata</span> <span class='ocrx_word' id='word_1_539' title='bbox 1218 4033 1254 4082; x_wconf 89' lang='lat' dir='ltr'>ad</span> <span class='ocrx_word' id='word_1_540' title='bbox 1263 4033 1322 4087; x_wconf 81' lang='lat' dir='ltr'>vn.</span> <span class='ocrx_word' id='word_1_541' title='bbox 1336 4029 1392 4080; x_wconf 90' lang='grc'>188.</span> 
     </span>
    </p>

    <p class='ocr_par' dir='ltr' id='par_1_10' title="bbox 851 4090 1394 4434">
     <span class='ocr_line' id='line_1_100' title="bbox 884 4090 1394 4166; baseline -0.004 -17"><span class='ocrx_word' id='word_1_542' title='bbox 884 4090 969 4159; x_wconf 60' lang='lat' dir='ltr'>adsis</span> <span class='ocrx_word' id='word_1_543' title='bbox 979 4094 1012 4150; x_wconf 77' lang='lat' dir='ltr'>sl</span> <span class='ocrx_word' id='word_1_544' title='bbox 1022 4095 1227 4166; x_wconf 77' lang='grc' dir='ltr'>εἰπεῖν]εἰιιει“ν</span> <span class='ocrx_word' id='word_1_545' title='bbox 1236 4115 1298 4150; x_wconf 91' lang='lat' dir='ltr'>cum</span> <span class='ocrx_word' id='word_1_546' title='bbox 1305 4099 1394 4150; x_wconf 82' lang='lat' dir='ltr'>Gaisi.</span> 
     </span>
     <span class='ocr_line' id='line_1_101' title="bbox 851 4167 1394 4218; baseline 0 -2"><span class='ocrx_word' id='word_1_547' title='bbox 851 4171 880 4216; x_wconf 89' lang='lat' dir='ltr'>et</span> <span class='ocrx_word' id='word_1_548' title='bbox 891 4167 990 4217; x_wconf 88' lang='lat' dir='ltr'>Matth.</span> <span class='ocrx_word' id='word_1_549' title='bbox 1004 4167 1067 4218; x_wconf 92' lang='lat' dir='ltr'>dedi</span> <span class='ocrx_word' id='word_1_550' title='bbox 1078 4168 1211 4218; x_wconf 91' lang='lat' dir='ltr'>librorum</span> <span class='ocrx_word' id='word_1_551' title='bbox 1229 4183 1262 4218; x_wconf 86' lang='lat' dir='ltr'>ex</span> <span class='ocrx_word' id='word_1_552' title='bbox 1275 4169 1394 4217; x_wconf 82' lang='lat' dir='ltr'>auctori-</span> 
     </span>
     <span class='ocr_line' id='line_1_102' title="bbox 851 4229 1394 4301; baseline 0 -19"><span class='ocrx_word' id='word_1_553' title='bbox 851 4239 920 4284; x_wconf 87' lang='lat' dir='ltr'>tste.</span> <span class='ocrx_word' id='word_1_554' title='bbox 959 4235 1048 4301; x_wconf 89' lang='lat' dir='ltr'>Vulgo</span> <span class='ocrx_word' id='word_1_555' title='bbox 1070 4229 1164 4296; x_wconf 76' lang='lat' dir='ltr'>eluas,</span> <span class='ocrx_word' id='word_1_556' title='bbox 1189 4235 1269 4299; x_wconf 89' lang='lat' dir='ltr'>idque</span> <span class='ocrx_word' id='word_1_557' title='bbox 1284 4233 1394 4284; x_wconf 84' lang='lat' dir='ltr'>Belrlre-</span> 
     </span>
     <span class='ocr_line' id='line_1_103' title="bbox 851 4303 1394 4365; baseline -0.002 -16"><span class='ocrx_word' id='word_1_558' title='bbox 851 4316 910 4361; x_wconf 85' lang='lat' dir='ltr'>rus,</span> <span class='ocrx_word' id='word_1_559' title='bbox 922 4316 1001 4365; x_wconf 91' lang='lat' dir='ltr'>quem</span> <span class='ocrx_word' id='word_1_560' title='bbox 1014 4308 1129 4352; x_wconf 79' lang='lat' dir='ltr'>recenti.</span> <span class='ocrx_word' id='word_1_561' title='bbox 1144 4303 1203 4352; x_wconf 89' lang='lat' dir='ltr'>edd.</span> <span class='ocrx_word' id='word_1_562' title='bbox 1217 4303 1305 4352; x_wconf 86' lang='lat' dir='ltr'>secuti</span> <span class='ocrx_word' id='word_1_563' title='bbox 1321 4305 1394 4361; x_wconf 86' lang='lat' dir='ltr'>sunt,</span> 
     </span>
     <span class='ocr_line' id='line_1_104' title="bbox 851 4369 1394 4434; baseline 0 -18"><span class='ocrx_word' id='word_1_564' title='bbox 851 4369 973 4417; x_wconf 84' lang='lat' dir='ltr'>retinuit.</span> <span class='ocrx_word' id='word_1_565' title='bbox 1009 4369 1084 4420; x_wconf 90' lang='lat' dir='ltr'>Idem</span> <span class='ocrx_word' id='word_1_566' title='bbox 1101 4370 1158 4419; x_wconf 84' lang='lat' dir='ltr'>feci</span> <span class='ocrx_word' id='word_1_567' title='bbox 1174 4370 1257 4434; x_wconf 87' lang='lat' dir='ltr'>paulo</span> <span class='ocrx_word' id='word_1_568' title='bbox 1277 4369 1394 4418; x_wconf 76' lang='lat' dir='ltr'>inferius</span> 
     </span>
    </p>
   </div>
   <div class='ocr_carea' id='block_1_8' title="bbox 852 4435 1392 4518">
    <p class='ocr_par' dir='ltr' id='par_1_11' title="bbox 852 4435 1392 4518">
     <span class='ocr_line' id='line_1_105' title="bbox 852 4435 1392 4518; baseline 0 -32"><span class='ocrx_word' id='word_1_569' title='bbox 852 4440 880 4486; x_wconf 74' lang='lat' dir='ltr'>et</span> <span class='ocrx_word' id='word_1_570' title='bbox 892 4437 967 4497; x_wconf 85' lang='lat' dir='ltr'>vur,</span> <span class='ocrx_word' id='word_1_571' title='bbox 981 4435 1013 4487; x_wconf 85' lang='lat' dir='ltr'>rs</span> <span class='ocrx_word' id='word_1_572' title='bbox 1026 4435 1069 4518; x_wconf 77' lang='lat' dir='ltr'>nn.</span> <span class='ocrx_word' id='word_1_573' title='bbox 1083 4435 1124 4486; x_wconf 85' lang='lat' dir='ltr'>ns.</span> <span class='ocrx_word' id='word_1_574' title='bbox 1137 4439 1161 4498; x_wconf 73' lang='lat'>§-</span> <span class='ocrx_word' id='word_1_575' title='bbox 1177 4437 1200 4486; x_wconf 90' lang='lat'>1.</span> <span class='ocrx_word' id='word_1_576' title='bbox 1213 4435 1256 4486; x_wconf 81' lang='lat' dir='ltr'>er.</span> <span class='ocrx_word' id='word_1_577' title='bbox 1271 4435 1326 4488; x_wconf 75' lang='grc' dir='ltr'><em>ιιι.</em></span> <span class='ocrx_word' id='word_1_578' title='bbox 1344 4435 1392 4497; x_wconf 82' lang='lat' dir='ltr'>rx.</span> 
     </span>
    </p>
   </div>
   <div class='ocr_carea' id='block_1_9' title="bbox 0 0 1546 4960">
    <p class='ocr_par' dir='ltr' id='par_1_12' title="bbox 0 0 1546 4960">
     <span class='ocr_line' id='line_1_106' title="bbox 0 0 1546 4960; baseline 0 0"><span class='ocrx_word' id='word_1_579' title='bbox 0 0 1546 4960; x_wconf 95' lang='lat' dir='ltr'> </span> 
     </span>
    </p>
   </div>
  </div>
 </body>
</html>
