3058 4952
215 315 276 375 136
650 305 917 366 HERODOTI

169 495 208 555 92
219 483 393 552 ἐσέπιπτον
412 481 442 559 ές
460 474 537 558 τούς
556 475 743 566 Αἰγινήτας.
776 472 941 548 ’Πυθαότα
957 475 1161 568 συνεκύρεον
1178 479 1261 568 νέες,
1280 473 1302 566 ἦ
1317 505 1362 548 τε

216 581 452 671 Θεμιστοκλέος
487 576 656 648 διώκουσα
690 579 764 666 νέα,
801 573 894 668 καὶὴ
917 587 1127 670 Πολυκρίτου
1151 583 1211 649 τοῦ
1234 582 1360 670 Κριοῦ,

215 679 339 773 άνδρδς
364 676 566 768 Αἰγινήτεω,
595 687 653 768 νηί
676 682 863 768 ἐμβαλοῦσα
888 687 1057 771 Σιδωνίῃ,
1092 676 1177 769 ἥπερ
1202 676 1269 750 εἷλε
1292 677 1360 768 τὴν

215 780 519 874 προφυλάσσουσαν
546 783 599 850 έπί
626 779 768 874 Σκιάθω
794 778 855 869 την
883 789 1078 870 Αἰγιναίην,
1114 778 1166 851 ἐπ’
1192 771 1231 870 ἦς
1258 788 1358 852 ἔπλεε

216 887 354 972 Πυθέης
372 879 390 952 ὁ
406 879 580 972 Ἰσχενόου,
598 879 656 951 τόν
673 886 708 951 οἰ
717 885 843 970 Πέρσαι
862 885 1088 952 κατακοπέντα
1105 877 1223 973 άρετῆς
1242 888 1359 954 εἵνεκα

217 985 306 1076 εἰχον
324 989 359 1054 ἐν
376 987 418 1073 τῇ
435 990 493 1072 νηῒ
518 979 787 1071 ἐκπαγλεόμενοι·
814 980 871 1052 τόν
895 980 936 1071 δὴ
959 981 1163 1072 περιάγουσα
1180 979 1247 1073 άμα
1269 999 1357 1052 τοῖσι

215 1089 365 1178 Πέρσησι
388 1083 458 1174 ἥλω
476 1088 559 1172 νηῦς
582 1079 602 1172 ἡ
621 1089 789 1172 Σιδωνίη,
817 1079 900 1153 ὥστε
923 1088 1067 1172 Πυθέην
1089 1081 1176 1154 οὕτω
1201 1087 1357 1172 σωθῆναι

108 1243 115 1260 .
217 1193 249 1269 ές
268 1197 420 1276 Αἰγιναν.
457 1181 501 1266 ὥς
521 1187 558 1256 δὲ
577 1189 681 1276 ἐσεῖδε
700 1183 761 1273 τήν
778 1188 838 1255 νέα
855 1181 916 1274 τὴν
931 1181 1080 1274 Ἀττικηυ
1097 1181 1115 1254 ὁ
1134 1183 1355 1275 Πολύκριτος,

216 1297 318 1378 ἔγνω,
342 1285 378 1358 τό
401 1285 543 1377 σημηίου
567 1283 651 1356 toda
673 1289 731 1373 τῆς
753 1293 985 1376 στρατηγίδος,
1010 1289 1064 1356 καί
1083 1285 1194 1374 βώσας
1216 1283 1274 1357 τόν
1292 1297 1355 1356 Θε-

215 1393 390 1480 μιστοκλέα
414 1385 669 1478 ἐπεκερτόμησε,
706 1390 738 1468 ἐς
761 1390 829 1457 τῶν
865 1391 1070 1476 Αἰγινητέων
1104 1385 1162 1458 τόν
1188 1385 1357 1478 μηδισμὸν

215 1488 396 1574 ὀνειδίζων.
441 1483 544 1558 ταῦτα
567 1491 629 1577 μέν
646 1517 711 1558 νυν
728 1494 787 1576 νηί
809 1485 961 1577 ἐμβαλόν
986 1484 1003 1558 ό
1031 1487 1236 1576 Πολύκριτος
1254 1485 1354 1580 άπέρ-

216 1607 293 1680 ριψε
326 1595 358 1670 ές
385 1592 614 1678 Θεμιστοκλέα.
687 1593 732 1660 Ol
756 1590 793 1659 dl
819 1587 996 1678 βάρβαροι,
1029 1593 1096 1660 τῶν
1128 1595 1165 1660 αἰ
1187 1593 1259 1672 νέες
1292 1607 1409 1659 rte-062

216 1693 418 1781 ριεγένουτο,
453 1689 634 1779 φεύγοντες
660 1687 819 1762 άπίκουτο
847 1694 878 1772 ές
905 1689 1060 1781 Φάληρον
1076 1685 1144 1762 ὑπό
1171 1689 1231 1762 τόν
1256 1687 1356 1776 πεζόν

215 1790 364 1882 στρατόν.
1382 1813 1386 1820 ·

170 1903 210 1965 93
291 1889 345 1963 Ἐν
368 1894 405 1963 δέ
426 1895 469 1984 τῇ
484 1900 651 1985 ναυμαχίη
674 1893 777 1985 ταάτη
801 1891 949 1984 ἥκουσαν
967 1888 1135 1983 Ἑλλήνων
1152 1890 1270 1984 άριστα
1296 1901 1356 1964 Αἰ-

216 2091 251 2142 ed
267 2091 345 2154 VIII,
365 2089 398 2141 76
421 2095 448 2140 et
464 2091 498 2141 de
515 2092 599 2142 verbo
616 2089 759 2154 κεραΐζων
811 2091 1357 2146 ennodixerot.Ubidirlinctionemanio

215 2161 244 2210 in
256 2165 326 2209 nott.
346 2161 381 2209 acl
393 2160 415 2207 V
418 2160 470 2214 ΠΙ,
485 2155 532 2220 86;
553 2158 586 2207 ad
605 2159 691 2210 verba
708 2175 757 2225 φε-
772 2179 778 2190 ·
811 2151 1016 2225 έπεκερτόμησε
1034 2160 1126 2210 delevi
1142 2175 1202 2210 cum
1215 2159 1356 2226 Schweig-

216 2224 331 2294 ρόμενοι
357 2219 509 2278 ἐσέπιπτον
532 2227 606 2276 coni.
630 2233 698 2278 nott.
724 2227 758 2277 ad
809 2228 945 2277 haerrsero
958 2228 985 2276 in
998 2229 1065 2277 Lex.
1079 2228 1180 2277 Herod.
1198 2225 1230 2290 (Ι.
1244 2245 1269 2292 p.
1283 2227 1355 2290 256),

142 2307 145 2314 ’
215 2297 290 2358 VIII,
301 2295 343 2345 87.
371 2295 475 2348 Statuit
487 2299 578 2344 antem
589 2293 619 2344 C.
631 2295 664 2346 Ο.
675 2295 759 2345 Muci·
811 2295 856 2360 qui
877 2295 948 2344 idem
974 2297 1001 2344 in
1019 2296 1121 2344 Latina
1139 2296 1266 2345 versione
1283 2293 1357 2345 haee

215 2363 256 2414 ler
273 2365 412 2428 Aeginett.
436 2379 500 2429 pag.
520 2361 568 2412 124
585 2363 657 2415 haec
675 2364 759 2414 verba
810 2363 879 2412 seito
894 2378 955 2412 cum
968 2363 996 2412 in
1007 2363 1113 2413 modurn
1126 2362 1258 2413 reddidil:
1277 2365 1357 2412 inclo-

214 2448 268 2481 non
293 2431 328 2481 ad
350 2431 414 2481 illas
430 2431 545 2495 triginta
561 2431 759 2497 Aeginelorum
809 2447 880 2480 ιιιιιιιε
896 2431 1054 2481 Themistocli
1069 2437 1093 2480 el
1110 2432 1228 2481 coaot'ciio
1244 2447 1298 2480 eaor
1319 2433 1357 2480 ἰπ-

215 2515 314 2560 naves,
330 2515 399 2562 quoe
412 2514 522 2563 pugnae
536 2498 664 2548 dicuntur
676 2500 759 2547 inter·
809 2505 934 2561 sectator,
958 2501 1009 2560 ilo,
1034 2499 1086 2558 nit,
1109 2499 1251 2564 Aepiaetoe
1268 2499 1356 2548 Media

216 2566 302 2616 luisse
319 2565 399 2626 VIII,
419 2565 460 2613 45.
474 2564 521 2626 lli,
544 2581 668 2629 quaeque
688 2566 759 2614 intra
808 2566 897 2628 lavent
941 2567 983 2616 'I'u
995 2566 1052 2616 vid.
1064 2581 1148 2632 supro
1161 2565 1195 2615 ad
1208 2566 1255 2627 VI,
1268 2565 1302 2615 49
1315 2565 1355 2615 al·

216 2633 314 2680 fretum
329 2648 389 2680 cnm
403 2631 614 2696 Megarensibus
632 2637 659 2680 et
671 2634 759 2680 Lace·
811 2631 879 2681 lala.
914 2634 972 2683 Nec
986 2634 1056 2684 male
1069 2633 1096 2684 h.
1110 2633 1128 2683 l.
1147 2635 1355 2698 Wooseliap.:

215 2698 367 2747 daemoniis
384 2703 534 2758 steterant,
554 2699 652 2747 referri
669 2714 758 2762 posse,
811 2701 861 2762 „In
883 2699 954 2751 hunc
975 2718 1040 2767 ergo
1057 2701 1253 2767 Aeginelarum
1270 2699 1356 2766 ppell-

216 2765 264 2813 sed
281 2765 314 2812 de
332 2765 448 2814 naribos
468 2766 502 2814 ad
517 2765 639 2828 Aeginae
657 2766 759 2830 praesi·
812 2759 883 2830 σμόν
894 2769 953 2832 ipso
967 2770 995 2818 in
1006 2770 1150 2819 conflictus
1160 2769 1267 2819 fervore
1280 2759 1354 2819 όνει-

216 2832 288 2880 dium
299 2832 415 2893 relictis,
426 2847 495 2895 qnae
506 2833 761 2898 interipeamproo-
812 2832 897 2896 δίζει,
919 2852 969 2886 oen
986 2852 1039 2886 non
1055 2838 1114 2886 sino
1132 2837 1231 2900 probro
1248 2836 1355 2888 invehi-

216 2898 281 2948 lium
304 2898 504 2962 praecinuerint
526 2899 624 2947 fretum
646 2899 760 2950 Salami-
812 2907 855 2952 λιιι
868 2908 896 2952 et
908 2904 1004 2954 obiicit
1016 2903 1225 2953 Atheniensium
1237 2905 1354 2969 impera·

215 2967 303 3022 nium,
333 2966 373 3014 ita
402 2970 431 3013 ut
454 2967 542 3014 omnis
565 2965 759 3030 Aeginetorum
812 2971 877 3032 tori,
898 2973 1012 3037 quippe,
1032 2971 1101 3036 quod
1118 2987 1162 3020 res
1180 2971 1353 3034 ostendebat,

217 3033 315 3082 classis
334 3031 439 3097 proelio
458 3033 624 3083 mtert'uerit.
811 3037 1179 3102 fictionimum,Palycritue.“
1191 3037 1355 3088 contuet-

810 3103 851 3153 ler
868 3107 1008 3172 Aeginett.
1026 3123 1051 3172 p.
1073 3106 1119 3156 125
1141 3105 1214 3156 huna
1231 3105 1355 3168 Polycri-

810 3173 1354 3304 ltlitata-⁰¹telleriana

214 3303 650 3437 ttlttt‘tttl‘ttt’ttl,’tit
664 3303 759 3438 llll
810 3307 1353 3442 sstlllalidlltlitlt‘ltt’d

215 3445 282 3488 nott.
315 3441 356 3489 Ad
370 3435 541 3502 συνεκύρεον
554 3441 627 3490 conf.
641 3446 709 3491 nott.
723 3442 758 3491 ad
810 3459 855 3493 rus
868 3444 896 3493 in
909 3444 1004 3494 Lario.
1017 3445 1119 3495 Herod.
1130 3445 1166 3493 II.
1177 3461 1203 3510 p.
1214 3442 1264 3494 3⁴3
1277 3444 1352 3494 reddi

214 3507 293 3568 VIII,
313 3507 353 3557 87.
394 3507 485 3570 Κριοῦ
509 3508 667 3559 melchi.
691 3511 757 3559 ocri·
809 3511 880 3562 vult:
903 3512 1088 3577 subpedestris
1105 3514 1237 3561 coercitae
1254 3511 1352 3576 (quiin

215 3579 290 3638 plum
309 3591 325 3623 a
343 3590 410 3624 voce
430 3569 549 3640 Κριός,
574 3577 607 3625 δε
630 3591 684 3641 qua
703 3577 756 3626 vid.
809 3579 1191 3642 ornmarisetabotlutalelmn.
1226 3579 1350 3630 'laconi

215 3647 282 3690 nott.
302 3642 335 3690 ad
354 3643 406 3704 VI,
425 3642 467 3695 50.
504 3643 627 3706 Pythone
650 3644 758 3695 lacinus
809 3648 891 3698 etiam
904 3647 1136 3710 nott.edv1‚72.

215 3709 315 3756 Noster
331 3709 386 3757 iam
403 3724 485 3773 supra
498 3711 563 3772 VII,
579 3710 624 3759 181
645 3728 759 3761 comme·

216 3779 384 3836 metaverat,
410 3776 456 3825 uhi
481 3777 533 3829 vid.
555 3783 623 3828 nott.
664 3779 705 3828 rid
728 3772 760 3829 τό

215 3837 338 3916 σημήϊον
351 3843 423 3891 conl.
438 3842 519 3904 VIII,
532 3843 565 3893 88
583 3845 657 3895 etde
671 3847 760 3897 forma

216 3906 308 3973 βωσας
325 3913 392 3958 noll.
411 3909 446 3958 ad
464 3909 490 3970 I,
508 3909 544 3960 10.
560 3937 589 3945 -
608 3915 660 3963 I‘ro
675 3911 757 3980 Θεμι-
843 3905 1231 3983 ἦκσυσανἙλλήνωνάριστα
1242 3910 1351 3982 Αἰγινῆ-

216 3974 338 4041 στοκλῆα
351 3975 413 4054 dedi
427 3973 626 4054 Θεμιστμκλέα.
809 3983 869 4050 ται]
889 3985 929 4034 Ad
942 3985 1013 4035 hanc
1026 3985 1222 4048 AegInotorum
1236 3985 1350 4050 gloriam

219 4113 225 4124 ¹
255 4035 502 4124 έπεκερτομησε-
519 4045 677 4115 ονειδίζαυ]
698 4051 715 4099 i.
733 4066 757 4100 c.
810 4051 935 4101 Noenum
959 4054 1098 4118 respicere
1126 4057 1205 4118 putot
1229 4051 1350 4115 Koechly

216 4115 352 4161 melaniam
378 4111 563 4162 Tdcnncloclem
584 4119 702 4166 τυιιυίτιϊε
723 4121 759 4168 in·
811 4119 864 4182 (De
888 4120 977 4169 Nonni
1001 4120 1130 4184 Dionyso.
1154 4119 1214 4170 libr.
1237 4120 1349 4170 XXXIX

214 4184 326 4230 sectatur
338 4185 391 4244 eol,
410 4179 575 4245 exprobrans
591 4184 626 4240 ei,
646 4201 709 4248 quoe
727 4188 758 4236 δε
810 4189 958 4237 Βίειοιιοι.
973 4187 1066 4237 Turici
1083 4187 1156 4250 1855)
1174 4203 1199 4252 p.
1216 4186 1245 4235 17
1263 4187 1291 4236 in
1305 4202 1349 4252 pn·

218 4248 396 4311 Αερίιιελαιιιιο
420 4249 537 4298 mediano
558 4247 599 4298 ille
619 4253 758 4316 superiore
810 4269 865 4320 gna
877 4255 969 4306 navali
980 4255 1084 4305 Bacchi
1094 4271 1155 4306 cum
1165 4254 1240 4306 Indis
1253 4254 1349 4304 descri-

990 3816 1057 3866 em.
1075 3815 1176 3868 XCIII.

44 4306 54 4541 l

48 4546 56 4701 ι
