3068 4964
249 411 312 474 234
590 431 592 435 ·
687 405 951 467 HERODOTI

249 581 408 669 Δωριέος,
426 575 535 666 ἄνδρα
552 584 658 665 οἰκίης
677 575 771 648 ἐόντα
788 581 845 666 τῆς
863 574 973 666 αὐτῆς.
1012 585 1058 649 Oi
1071 579 1134 668 μὲν
1151 576 1193 668 δὴ
1211 576 1276 650 σόν
1293 591 1391 650 Παν-

204 689 351 770 11σανίη
371 677 615 768 ἐξεληλύθεσαν
633 682 694 762 ἔξω
712 676 877 768 Σπάρτης.
916 686 961 750 Oi
983 681 1020 750 dl
1043 677 1191 769 ἄγγελοι,
1217 675 1261 761 ὥς
1283 677 1391 771 ἡμέρη

250 781 418 870 ἐγεγόνεε,
454 777 556 851 οὐδὲν
580 779 704 860 εἰδότες
727 782 803 870 περὶ
826 784 884 868 τῆς
908 780 1040 869 ἐξόδου,
1067 785 1215 870 ἐπῆλθον
1239 785 1292 852 ἐπὶ
1310 781 1390 864 τούς

249 882 407 974 ἐφόρους,
433 886 469 952 ἐν
486 880 554 976 νόῳ
574 879 615 969 δὴ
634 888 764 970 ἔχοντες
780 878 1052 953 ἀπαλλάσσεσθαι
1071 887 1125 953 καὶ
1144 879 1240 953 αὐτοὶ
1259 885 1311 954 ἐπὶ
1330 889 1390 972 της

249 988 379 1056 ἑωυτοῦ
402 987 545 1064 ἕκαστος.
583 981 780 1063 ἐπελθόντες
805 983 1091 1072 discernentes·
1124 979 1229 1074 ’Τρεῖς
1251 985 1329 1074 μὲν,
1362 975 1392 1056 τό

247 1084 523 1176 Λακεδαιμόνιοι,
550 1081 656 1154 αὐτοῦ
671 1087 753 1175 τῇδε
770 1087 942 1175 μένοντες,
965 1081 1142 1156 Ὑακίνθιά
1164 1113 1201 1156 τε
1218 1083 1314 1175 ἄγετε
1331 1090 1390 1156 καὶ

247 1197 389 1278 παίζετε,
407 1184 672 1278 καταπροδόντες
690 1182 768 1268 τοὺς
785 1185 985 1277 συμμάχους.
1002 1183 1172 1276 Ἀθηναῖοι
1185 1189 1234 1276 db,
1254 1183 1298 1269 ὥς
1315 1185 1387 1258 dde-

246 1388 473 1448 itnobscurarit,
491 1391 522 1437 ut
538 1385 676 1436 defecisse
692 1385 792 1436 illevi-
843 1387 979 1438 connubio
1001 1386 1169 1437 confirment.
1210 1386 1251 1436 Ad
1273 1387 1388 1438 verbum
1430 1437 1434 1448 ,

247 1458 371 1519 deretur,
389 1453 514 1506 hocloco
528 1453 705 1518 cogitandum
716 1469 790 1516 esse;
842 1449 1042 1517 προσαιρέεται
1055 1454 1114 1518 (sibi
1124 1455 1240 1516 adscivit)
1258 1455 1294 1507 cf.
1308 1455 1385 1514 VIII,

248 1526 340 1590 agitur
358 1525 430 1573 enim
450 1523 576 1588 proiecto
589 1522 664 1572 dere
678 1521 791 1571 insolite
845 1523 901 1575 130.
928 1521 969 1572 Ad
982 1523 1278 1588 plusquamperfectum
1291 1513 1388 1587 ἐξελη-

248 1598 277 1642 et
289 1591 432 1656 singulari,
446 1605 517 1655 quae
531 1589 593 1639 inde
604 1588 792 1641 Lacedaemo·
842 1584 971 1641 λόθεσαν
988 1590 1042 1640 vid.
1055 1589 1153 1640 Matth.
1167 1589 1214 1640 Gr.
1228 1591 1274 1640 Gr.
1287 1592 1312 1650 §-
1324 1589 1384 1650 505,

246 1661 353 1710 nicrum
376 1659 481 1708 animos
502 1673 536 1706 ec
556 1658 728 1722 potissimum
749 1672 791 1706 re·
841 1659 887 1708 1v.
923 1659 966 1708 De
983 1673 1051 1708 voce
1065 1651 1118 1720 ἔξω
1131 1657 1242 1709 adiecta
1258 1657 1331 1708 coni.
1347 1658 1386 1707 el-

247 1743 308 1792 gem
328 1729 368 1775 ita
386 1725 494 1786 affecit,
517 1729 548 1774 ut
565 1724 631 1774 mali
649 1725 713 1788 quid
730 1740 790 1788 pur·
842 1726 900 1776 lata
913 1725 949 1775 ad
961 1725 1012 1788 111,
1030 1723 1068 1776 16.

247 1795 324 1844 teudi
343 1797 480 1872 putarent.
516 1793 604 1855 Atque
622 1793 711 1858 ipsum
728 1807 789 1842 ver·

247 1863 310 1911 bum
333 1860 484 1925 αμανροῦν
507 1859 630 1924 pleniore
651 1874 735 1908 sensu
756 1859 789 1909 de
1048 1893 1069 1943 c
1133 1894 1173 1944 XI

246 1931 282 1979 iis
300 1929 451 1978 adhibitum
464 1927 603 1988 videmus,
622 1941 692 1991 quae
707 1925 790 1991 plene
1072 1908 1115 1944 Μ’·
1175 1929 1182 1944 ·

247 1999 288 2046 sic
300 1997 476 2056 obsecrantur,
490 1999 521 2044 ut
535 1994 611 2044 cerni
624 2009 732 2060 prorsus
744 2009 791 2043 ne·
875 1993 925 2048 nul
948 1990 1032 2048 edroi
1053 1987 1101 2062 ἐπὶ
1121 1993 1171 2061 τῆς
1193 1985 1300 2046 ἑαυτοῦ
1321 1989 1385 2046 ἕκα-

247 2069 357 2129 queant.
397 2062 476 2128 Apud
498 2061 629 2126 Aeschyli
645 2063 722 2112 Pers.
740 2059 791 2110 228
842 2063 914 2131 στος]
933 2065 987 2115 Pro
1000 2057 1083 2114 edroi
1096 2063 1166 2128 quod
1179 2063 1310 2130 Stegerus
1323 2079 1385 2114 con·

246 2132 345 2182 chorus
361 2132 488 2182 Atossam
507 2129 667 2194 alloquItur,
685 2135 716 2179 ut
732 2131 790 2178 De·
842 2134 903 2184 iicit
920 2120 1005 2195 odra,
1024 2133 1122 2181 merito
1140 2131 1271 2196 reprobat
1287 2147 1387 2182 censor

245 2200 314 2250 rium
327 2205 419 2266 roget:
438 2189 529 2248 ἐσθλοὶ
547 2211 590 2248 σοι
607 2191 730 2262 πέμπειν
748 2191 790 2247 τί·
842 2200 997 2266 Lipsiensis
1017 2198 1088 2251 1833.
1107 2215 1171 2264 pag.
1185 2197 1226 2250 49.
1263 2200 1305 2248 'Pu
1321 2200 1385 2248 vide

245 2282 345 2332 ιινῳτε
376 2260 700 2333 ήςένερθενείςφιίος,
721 2253 791 2328 reip·
841 2267 940 2318 Matth.
955 2268 1001 2318 (ir.
1015 2267 1061 2317 Gr.
1075 2269 1098 2328 ξ.
1112 2265 1170 2316 302.
1183 2271 1238 2316 not.
1266 2268 1319 2316 Pro
1338 2258 1385 2318 ἐπὶ

246 2336 333 2386 παλιν
344 2283 376 2385 dl
385 2331 476 2412 τῶνδε
485 2331 571 2399 γαίας
580 2323 675 2399 edroi
686 2324 705 2383 α’
710 2349 790 2399 puu-
840 2334 891 2402 τῆς
900 2335 992 2401 plures
1002 2334 1079 2385 cedd.
1091 2325 1138 2385 ἐπὶ
1151 2327 1188 2398 τη
1196 2350 1221 2383 ν.
1240 2335 1294 2384 Sed
1305 2350 1385 2399 prae·

246 2403 402 2467 ροῦσθαι
415 2416 512 2467 sacrm.
526 2402 666 2452 Leonides
675 2403 787 2452 Terent.
841 2409 898 2454 stet
915 2395 962 2454 ἐπὶ
974 2401 1040 2469 τῆς,
1059 2403 1077 2452 i.
1092 2417 1115 2452 e.
1129 2404 1239 2466 patriam
1250 2418 1385 2452 comaner-

245 2474 274 2521 in
283 2471 428 2536 Antbolog.
439 2470 531 2521 Pelet.
544 2471 642 2534 1x‚24,
657 2459 788 2533 Ιιόὶστροι
839 2487 891 2522 erre.
905 2499 934 2507 -
954 2473 987 2520 Iu
1000 2487 1075 2534 seqq.
1094 2471 1127 2518 nd
1141 2461 1231 2519 adteri
1243 2467 1312 2534 τῇδε
1329 2470 1385 2520 vid.

245 2533 297 2604 μὲν
310 2530 495 2606 ἠμαύρωσε
507 2535 557 2588 καί
568 2531 593 2588 le
612 2529 732 2588 ἂκύιιλα
745 2551 787 2586 σε·
840 2539 928 2590 allata
946 2538 981 2588 ud
998 2539 1048 2600 IV,
1065 2537 1112 2587 135
1131 2543 1158 2586 et
1175 2539 1249 2588 coni.
1268 2537 1385 2588 eundem

245 2599 332 2672 λήνης
348 2596 440 2668 ἄξονα
462 2597 581 2669 δινήσας
595 2555 724 2669 Ιμπνρος
740 2595 786 2669 rii-
839 2607 938 2656 Metth.
954 2607 999 2657 Gr.
1014 2605 1061 2682 tir.
1074 2604 1174 2684 §.uelim
1188 2603 1213 2655 8.

245 2674 313 2733 λιος.
338 2674 392 2724 Sed
407 2673 460 2722 boe
473 2673 614 2722 mittamus
626 2672 706 2734 lieet;
719 2671 787 2721 illud
867 2666 1022 2725 ’Τακίνθια
1039 2689 1069 2723 τε
1086 2687 1168 2740 urere
1190 2669 1241 2722 παὶ
1258 2671 1383 2739 παίζετε]

243 2757 309 2792 vero
317 2742 375 2790 iure
383 2741 519 2800 miramur,
527 2739 792 2805 quiSchwelghaeu·
839 2741 917 2804 Quod
928 2740 1058 2791 articulus
1069 2748 1133 2790 ente
1147 2738 1295 2791 Ταπίνθια
1305 2742 1383 2791 omit·

245 2808 577 2860 seroiumentemveuire
588 2808 715 2872 potuerit,
726 2806 788 2857 Cle·
838 2809 918 2870 titur,
938 2808 965 2857 id
984 2809 1148 2859 creberrimo
1165 2823 1228 2869 usu,
1248 2823 1300 2874 que
1318 2817 1383 2858 ante

246 2877 396 2926 ombrotum
409 2874 461 2924 hoe
473 2873 540 2924 solis
552 2874 665 2925 deiectu
676 2875 787 2928 minime
838 2877 992 2926 huiusmodi
1008 2877 1120 2926 nomina
1138 2876 1268 2926 festorum
1282 2877 1384 2926 articu-

245 2943 331 2992 iuisse
344 2941 529 3008 perterritum,
543 2941 592 2991 sed
605 2942 698 2992 lausto
711 2942 787 2995 illum
838 2943 881 2994 lus
893 2943 1057 3010 negligitur,
1074 2944 1134 2993 lieri
1151 2944 1282 2994 observet
1294 2943 1384 2994 Sinte-

244 3011 335 3075 potius
348 3025 396 3074 pro
410 3009 498 3058 omine
512 3011 654 3075 accepisse
669 3011 787 3075 indeque
839 3013 881 3061 nis
895 3011 930 3060 ad
943 3011 1014 3062 Plut.
1024 3011 1200 3062 Themistocl.
1211 3011 1304 3061 Praei.
1319 3027 1383 3077 pag.

245 3079 338 3138 etiam,
353 3093 382 3127 re
393 3075 635 3141 sollicetperscta‚
648 3093 708 3127 cum
719 3079 788 3129 nihil
839 3079 926 3128 xxll.
963 3079 1009 3129 Sic
1022 3093 1105 3144 supro
1123 3095 1229 3144 quoque
1243 3079 1315 3144 apud
1327 3080 1383 3129 He·

246 3161 262 3196 a
279 3145 371 3195 Persis
389 3145 442 3209 ipsi
460 3144 577 3210 emplius
598 3150 675 3196 esset
691 3146 787 3196 timen-
839 3145 1319 3208 rosor.VJ1,26.·206.V111,72fin.
1340 3149 1383 3197 De

245 3214 319 3275 dum,
345 3227 499 3277 regressum
523 3227 584 3262 esse
609 3228 669 3262 cum
691 3216 786 3279 copiis.
839 3213 906 3279 ipsis
924 3215 1086 3278 Hyacinttiis
1105 3215 1162 3264 dixi
1185 3215 1220 3263 ad
1239 3215 1304 3276 VII,
1321 3213 1381 3264 206.

243 3282 313 3331 Nem
325 3281 378 3331 hoc
390 3281 462 3330 inter
474 3295 567 3331 omnes
579 3285 699 3342 constet,
713 3283 788 3332 dele·
840 3284 918 3343 Quae
931 3282 1027 3332 eudem
1040 3297 1123 3346 supra
1135 3283 1183 3344 IX,
1194 3282 1209 3330 7
1223 3297 1383 3332 commemo

245 3350 350 3400 ctiones
361 3348 433 3414 npud
445 3353 554 3399 veteres
566 3363 618 3398 uon
629 3365 676 3414 pro
689 3349 788 3400 faustis
840 3355 942 3400 rantur.
966 3350 1095 3400 Incidunt
1112 3355 1204 3399 eutem
1221 3350 1250 3398 in
1263 3349 1383 3400 medium

244 3417 382 3468 ominibus
392 3432 452 3468 esse
462 3416 583 3475 habites,
596 3415 645 3466 sed
654 3417 786 3467 malorum
838 3417 896 3468 iere
919 3433 1041 3468 mensem
1062 3418 1181 3475 Iunium,
1207 3433 1223 3466 a
1241 3433 1294 3482 quo
1317 3417 1382 3466 inde

244 3486 442 3536 imminentium
463 3485 585 3535 nuncios.
625 3485 684 3534 Rex
705 3501 786 3535 socru
837 3501 922 3550 usquc
947 3486 981 3534 ad
1004 3485 1031 3534 id
1053 3489 1172 3550 tempus,
1197 3501 1249 3549 quo
1267 3485 1295 3534 in
1317 3484 1383 3534 Pla-

244 3555 358 3612 fecerat,
369 3569 418 3619 pro
429 3569 502 3603 more
513 3553 710 3619 exploraturus,
723 3569 785 3602 num
838 3557 979 3603 taeensem
997 3553 1142 3617 planitiem
1156 3557 1219 3618 post
1231 3552 1383 3602 descende·

243 3622 297 3686 ipsi
321 3622 487 3672 conduceret
511 3621 605 3686 copiae
630 3637 663 3670 ex
683 3620 786 3670 Isthmo
838 3626 900 3670 runt
917 3637 977 3671 cum
989 3621 1083 3670 Persis
1101 3620 1274 3686 congressuri
1291 3619 1382 3670 medio

244 3689 344 3738 ducere
357 3690 487 3740 adversus
499 3691 599 3738 Perses
617 3689 646 3736 in
658 3703 785 3752 pugnem.
838 3691 895 3739 lere
908 3705 1001 3738 mense
1013 3689 1137 3753 Auguste
1150 3688 1197 3752 (cf.
1208 3693 1277 3738 nott.
1290 3687 1324 3737 ad
1332 3688 1380 3748 IX,

150 3754 153 3760 '
244 3756 297 3805 Sed
311 3757 384 3805 mels
396 3757 448 3821 ipsi
460 3756 587 3821 portendi
597 3754 655 3806 sole
668 3755 728 3805 scil.
740 3757 785 3806 de·
840 3755 911 3821 llll),
925 3756 995 3806 satIs
1008 3757 1108 3806 iustum
1120 3756 1238 3821 spetlum
1251 3755 1381 3820 relisqui-

244 3823 354 3872 finiente
367 3839 427 3872 cnm
440 3823 632 3884 intellexisset,
646 3823 726 3873 nefas
738 3824 786 3874 hu·
837 3829 881 3874 tur
893 3824 1035 3888 temporis,
1055 3839 1107 3888 quo
1125 3823 1160 3873 ad
1178 3823 1381 3890 expeditionem

243 3889 303 3940 buit
320 3891 415 3953 egredi
431 3892 580 3955 copiasque
598 3890 660 3940 iude
679 3891 786 3942 domum
837 3891 988 3957 perandum
998 3892 1104 3955 iterque
1114 3891 1273 3941 faciundum
1283 3892 1324 3940 uti
1333 3907 1382 3956 po·

244 3956 374 4006 reducere
399 3957 508 4020 maluit,
534 3958 695 4023 perterritus
719 3975 785 4010 sone
836 3963 938 4009 terunt.
955 3983 988 3996 -·
1008 3959 1126 4008 Verbum
1149 3957 1263 4020 παίζειν
1278 3965 1309 4008 ut
1325 3975 1381 4008 om·

244 4025 295 4074 boc
309 4025 410 4086 omine,
430 4040 495 4089 quo.
514 4025 584 4074 male
602 4041 713 4077 cessura
726 4043 786 4078 esse
838 4027 902 4076 nino
915 4028 1011 4086 ludere,
1024 4043 1068 4076 res
1080 4029 1192 4077 ludicros
1204 4042 1281 4090 opere
1294 4027 1380 4090 signi-

245 4107 314 4157 quae
327 4092 477 4154 moliretur,
490 4093 640 4143 indicatum
651 4101 720 4146 erat.
740 4096 786 4146 Sic
837 4095 917 4149 fleat,
934 4094 974 4142 ita
986 4094 1150 4158 singillatim
1163 4093 1269 4143 indicat
1281 4095 1381 4144 choreis

244 4174 327 4226 supra
339 4161 367 4220 1,
380 4161 413 4209 'll
426 4161 517 4223 Lydes
535 4177 569 4211 ac
581 4161 676 4214 Medos
690 4164 724 4214 nd
738 4179 785 4228 pu·
837 4178 864 4212 se
881 4161 1021 4222 oblectare,
1046 4165 1158 4212 saltare:
1182 4176 1252 4225 quae
1271 4162 1380 4226 quidem

244 4228 381 4294 gnamlum
406 4243 566 4294 congressos
589 4229 693 4282 dirimit
720 4230 787 4281 solis
837 4227 1006 4293 signiticntio
1030 4229 1064 4278 nb
1087 4228 1217 4280 hocloco
1234 4244 1287 4278 nou
1305 4244 1379 4294 pror·

244 4295 383 4360 deiectus,
416 4297 485 4346 sdeo
511 4301 542 4346 ut
566 4312 664 4362 pacem
690 4301 787 4348 ineant
837 4295 1117 4347 susaliensvidetur.
1149 4295 1381 4362 Conf.Aristopb.

245 4379 359 4429 eamque
388 4364 500 4416 foedere
525 4369 553 4416 et
575 4371 668 4418 mutuo
691 4380 786 4430 regum
837 4364 1032 4430 Thesmophor.
1050 4364 1193 4416 sessore.
1212 4364 1306 4430 ibique
1323 4365 1380 4414 Ku-
