3068 4964
191 395 251 456 198
624 387 893 448 HERODOTI

189 591 264 656 ρεω.
293 569 453 650 Θηβαίων
472 563 509 632 δὲ
526 559 641 632 οὐδενὶ
660 567 764 645 &aare
782 559 1007 649 μαντεύεσθαι
1025 557 1145 632 αιάόθι
1164 559 1219 632 διὰ
1236 559 1329 631 τόδε·

190 667 345 736 ἐκέλευσέ
352 659 488 754 σφεαςὸ
502 660 719 754 Ἀμφιάρεως,
739 660 795 732 dari
811 671 1021 752 χρηστηρίων
1031 662 1239 754 ποιεύμενος,
1255 658 1330 734 ind

188 796 269 856 τερα
286 765 464 854 βούλονται
489 768 625 836 ἑλέσθαι
649 763 792 852 τούτων,
821 767 936 857 ἑωυτῷ
958 760 1053 853 ἢᾶτε
1071 764 1168 854 μάντι
1186 769 1330 854 χρᾶσθαι

189 864 286 958 ἢᾶτε
304 867 482 958 συμμάχι,
507 871 568 937 τοῦ
586 870 700 956 ἑτέρον
717 862 954 956 ἀπεχομένους·
979 871 1014 935 oi
1030 868 1065 935 δὲ
1084 865 1256 957 σύμμαχόν
1271 897 1331 956 μιν

191 977 318 1042 εἴλοντο
342 969 436 1040 εἶναι.
475 966 531 1038 διὰ
554 971 651 1038 τοῦτο
674 969 737 1056 μὲν
759 963 822 1036 οὐκ
839 971 943 1050 ἔξεστι
962 975 1122 1056 Θηβαίων
1138 965 1252 1039 οὐδενὶ
1270 965 1329 1036 αὖ·

123 1083 184 1145 135
192 1071 268 1142 τόθι
281 1073 612 1161 ἐγκατακοιμηθῆναι.
637 1068 721 1139 Τόδε
734 1070 771 1138 δὲ
788 1067 911 1158 θωυμά
927 1099 982 1160 μοι
1000 1072 1156 1158 μέγιστον
1173 1074 1330 1158 γενέσθαι

189 1177 318 1262 λέγεται
341 1168 408 1242 ὑπὸ
432 1179 599 1261 Θηβαίων.
637 1175 752 1242 ἐλθεῖν
774 1168 878 1260 ἆραι

190 1273 439 1366 στρωφώμενον
455 1269 621 1344 πάντατὰ
638 1271 834 1362 χρηστήρια,
858 1275 913 1342 καὶ
939 1277 970 1354 ἐς
992 1277 1054 1342 τοῦ
1075 1271 1197 1344 llru'ov
1216 1269 1329 1343 Ἀπόλ-

190 1385 296 1458 λωνος
314 1374 351 1446 τὸ
368 1377 512 1466 τέμενος.
543 1378 640 1445 τοῦτο
660 1375 695 1444 δὲ
713 1371 750 1444 cd
768 1371 842 1466 ίρόν
860 1377 1009 1444 καλέεται
1027 1376 1089 1465 μὲν
1106 1379 1243 1464 Πτῶον,
1261 1381 1329 1444 ἔστι

192 1575 353 1625 accusativo
370 1574 487 1634 hahere,
507 1589 586 1640 quem
602 1575 702 1624 Noster
713 1575 735 1636 Ι,

190 1642 225 1692 λθ
242 1643 373 1692 formavit
393 1633 568 1706 Ἀμφιάρεων
590 1659 677 1708 aeque
695 1647 736 1692 at-

191 1725 244 1776 qne
257 1709 321 1759 aiiis
338 1710 367 1760 in
383 1711 538 1760 nominibus
555 1710 638 1760 simili
657 1711 736 1760 modo

190 1777 330 1836 formatis,
350 1777 383 1828 de
402 1777 499 1842 quibus
512 1779 566 1828 vid.
580 1778 696 1828 Bredov.
710 1795 735 1842 p.

190 1845 254 1907 249,
269 1845 314 1910 qni
328 1845 399 1894 idem
412 1861 475 1928 pap.
490 1843 577 1922 ¹⁰⁹}st
592 1844 639 1895 138
652 1846 736 1894 etiam

190 1915 225 1963 de
249 1914 419 1964 nominativo
447 1916 618 1978 Αμφιαρεως
642 1927 736 1963 cousu-

190 1981 353 2031 lenduseat.

223 2041 430 2113 μαντεύεσθαι]
444 2049 462 2098 i.
474 2065 498 2098 e.
509 2051 636 2098 urarulrun
647 2063 736 2098 consu-

189 2119 256 2176 lere,
281 2121 312 2166 ut
336 2117 363 2178 1,
384 2115 426 2166 46.
453 2117 531 2176 VIII,
553 2115 594 2166 36.
620 2117 672 2178 ΙΙΙ,
693 2115 735 2166 33.

190 2183 735 2249 Wesselingiusconferrivulthopard.

190 2251 322 2300 Emendat.
342 2252 422 2313 VIII,
444 2251 465 2300 l.
486 2277 520 2288 -
544 2251 623 2312 Quod
645 2253 736 2316 sequi-

188 2323 233 2367 tur
267 2311 316 2368 διὰ
351 2317 528 2388 χρηστηρίαν
556 2311 735 2385 ποιεόμενος,

190 2385 436 2450 Schweighaeuser
457 2387 559 2438 reddit:
582 2390 651 2438 edito
674 2404 734 2438 ora-

189 2455 259 2509 culo:
287 2455 397 2518 propius
420 2457 455 2506 ad
477 2457 539 2522 ipsa
560 2457 661 2507 verba:
685 2472 736 2520 prr

189 2523 317 2569 orandun
340 2537 394 2570 erun
417 2525 447 2572 iis
470 2539 556 2588 opens.
596 2525 638 2572 Tu
660 2524 734 2573 conf.

191 2587 243 2646 VI,
268 2587 293 2634 d.
337 2588 379 2636 lie
406 2589 557 2642 indicativo
581 2587 735 2656 βούλονται

191 2653 264 2702 conl.
282 2653 308 2712 I,
329 2651 385 2702 163.
403 2655 439 2710 V.
457 2655 474 2704 d
492 2665 520 2707 ct
538 2659 573 2708 sd
590 2659 676 2709 verba
695 2655 735 2708 εἴ·

192 2720 274 2768 tono
294 2712 370 2768 εἶναι
390 2721 462 2771 coni.
476 2725 572 2776 Matth.
587 2727 634 2776 Gr.
648 2725 695 2776 Gr.
709 2727 734 2786 ξ.

191 2785 242 2833 420
254 2801 278 2834 c.
293 2791 321 2834 et
333 2785 386 2836 vid.
401 2787 488 2837 allata
501 2792 535 2840 ad
547 2793 579 2850 V,
592 2794 634 2842 λθ.
670 2795 734 2844 Mox

191 2851 355 2900 Bredovium
368 2859 480 2904 secutus
492 2873 554 2920 pag.
568 2859 616 2908 381
635 2861 735 2926 scripsi

192 2915 329 2982 periodus
343 2935 391 2982 pro
404 2920 478 2984 vulg.
493 2918 652 2985 χρέεσθαι.

226 2979 326 3035 οὐδενὶ
361 2979 674 3058 -λχκατακοιμηθῆναι]
689 2997 735 3045 Sic

192 3053 245 3102 duo
255 3051 333 3102 codd.
341 3069 390 3116 pro
397 3055 657 3119 κατακοιμηθῆναι,
666 3063 736 3122 quod

192 3119 305 3169 verbum
321 3120 459 3168 iuvenitur
471 3121 497 3178 I,
511 3119 552 3170 31.
567 3123 618 3182 IV,
631 3125 655 3172 7.
691 3128 735 3176 Al.

193 3192 281 3236 terum
299 3185 365 3235 iliud
378 3186 508 3236 sollemne
526 3187 559 3236 de
577 3189 625 3248 iis,
649 3192 736 3253 quiin

192 3253 354 3318 Amphiarai
372 3253 441 3302 aeds
459 3254 597 3303 oraculum
611 3257 735 3307 sciscita-

193 3321 248 3372 turi
271 3320 391 3386 pellibus
421 3321 616 3372 incumbebant
641 3327 737 3374 stratis

193 3391 736 3520 brutuitliililiminii·
759 3429 761 3434 ’

152 3579 156 3586 ,
193 3523 234 3582 ΙΙ,
256 3521 299 3584 13,
319 3523 347 3584 (Ι,
373 3523 420 3572 ubi
441 3521 530 3572 editor
551 3522 622 3572 hene
644 3525 738 3575 attulit

193 3589 285 3638 Nostri
302 3590 403 3648 locum,
423 3589 533 3640 Diodor.
547 3591 573 3648 Ι,
593 3589 627 3639 53
644 3591 736 3654 ibique

193 3655 310 3706 Wessei.
324 3655 386 3706 coli.
398 3657 495 3706 David.
509 3655 544 3706 ad
555 3657 680 3706 Ciceron.
694 3659 735 3709 De

193 3720 248 3770 diu.
263 3723 289 3784 Ι,
302 3723 343 3772 ts.

357 3885 423 3937 Cur.
442 3887 574 3940 CXXXV.

787 1592 804 1625 α
820 1575 944 1624 Thebanis
955 1580 1080 1624 ammaim
1095 1573 1178 1638 (quod
1192 1575 1246 1623 iam
1259 1573 1329 1623 reia-

787 1649 863 1692 turus
876 1643 958 1702 sumi,
978 1644 1036 1692 niti
1046 1645 1153 1693 mamare
1166 1644 1252 1691 ικίτιικι
1263 1645 1329 1692 ucri-

787 1713 825 1760 dr'l
842 1727 863 1759 s.
877 1711 1015 1760 accidisse
1028 1711 1145 1760 videtur.
1157 1735 1190 1745 -
1206 1711 1239 1759 Ια
1253 1725 1329 1774 seqq.

788 1779 824 1828 ad
837 1779 952 1827 formam
965 1770 1246 1842 κεριστρωφόμενοτ,
1260 1793 1330 1842 quae

787 1846 919 1896 mutanda
928 1861 980 1894 nou
992 1851 1043 1906 sat,
1054 1845 1109 1894 vid.
1117 1845 1232 1895 Bredov.
1239 1863 1265 1910 p.
1271 1843 1330 1896 390.

822 1905 851 1972 ἒς
866 1912 918 1964 τοῦ
936 1909 1038 1962 Πτώου
1053 1903 1220 1970 Ἀπόλλωνος
1239 1905 1271 1962 τὸ
1287 1907 1330 1962 τὲ-

786 1977 884 2048 μεκος]
910 1982 989 2042 Quod
1006 1983 1130 2046 sequitur
1147 1979 1230 2030 τοῦτο
1249 1973 1281 2030 δὲ
1298 1973 1330 2030 τὸ

788 2044 864 2112 ι’ρόκ,
882 2065 916 2098 ex
935 2066 967 2099 eo
984 2051 1054 2098 satis
1070 2049 1249 2114 perspicitur,
1267 2049 1293 2099 h.
1311 2047 1330 2098 1.

787 2119 827 2168 sic
845 2119 915 2168 satis
932 2119 1081 2167 convenire
1103 2109 1268 2180 adripitur
1289 2121 1344 2185 at-¹

787 2201 840 2250 que
852 2179 884 2234 τὸ
898 2179 974 2248 ἴρόκ,
988 2201 1049 2234 curu
1063 2185 1097 2234 ad
1110 2201 1192 2234 unum
1204 2185 1330 2248 idemque

787 2253 918 2318 templum
935 2257 1049 2316 utraque
1066 2269 1118 2302 vox
1131 2253 1281 2316 pertineat:
1301 2257 1331 2301 tu

788 2321 843 2370 vid.
856 2336 926 2386 quae
943 2321 977 2370 da
995 2320 1037 2370 his
1052 2321 1208 2370 nominibus
1221 2321 1274 2369 iam
1287 2335 1329 2369 su·

787 2405 837 2454 pra
850 2389 1041 2438 adnotavimus
1054 2389 1089 2438 ad
1101 2389 1157 2448 ΙΙΙ,
1173 2387 1229 2437 lit.
1244 2389 1274 2446 V,
1286 2386 1328 2436 67.

786 2459 845 2518 VII,
860 2455 908 2506 197
921 2456 984 2506 coll.
998 2456 1044 2516 VI,
1057 2456 1098 2506 75.
1128 2457 1227 2506 Tradit
1239 2459 1330 2505 sutem

786 2525 941 2574 Pausanias
960 2525 1012 2584 IX,
1030 2524 1072 2575 23.
1090 2525 1115 2585 5.
1133 2523 1149 2574 3
1170 2524 1205 2574 ad
1227 2530 1330 2573 muniere

787 2593 876 2642 Piorun
888 2593 969 2642 situm
983 2606 1043 2641 esse
1056 2593 1244 2656 Acraephnimn
1257 2591 1331 2656 oppi-

786 2661 856 2720 dum,
871 2659 942 2708 unde
956 2659 1111 2724 quindecim
1124 2660 1273 2710 stadiorum
1286 2659 1330 2706 iti-

786 2743 852 2777 uere
868 2732 1001 2777 remotum
1019 2729 1053 2777 sd
1066 2729 1189 2777 dextram
1207 2727 1329 2776 invenia-

785 2801 831 2845 tur
843 2797 970 2859 Apollinis
983 2797 1044 2844 Pici
1060 2795 1204 2859 templum,
1222 2811 1238 2843 a
1251 2795 1328 2852 Ptoo,

785 2865 877 2929 prisco
890 2863 981 2922 hored,
995 2863 1170 2912 Athamantis
1182 2867 1211 2912 et
1222 2862 1329 2911 Themi-

786 2931 845 2980 stds
859 2929 928 2987 tilio,
947 2931 993 2994 qui
1012 2935 1040 2979 et
1056 2931 1142 2979 monti
1159 2930 1267 2980 dederit
1282 2945 1329 2978 no-

786 3015 862 3058 men,
877 2999 918 3047 ita
931 2999 1163 3062 cognominatum.
1187 2997 1255 3048 sud.
1268 2997 1329 3046 Plu-

786 3065 876 3116 tarch.
889 3065 985 3130 Pelop.
1001 3063 1032 3114 lb
1049 3069 1077 3116 et
1094 3065 1136 3114 De
1155 3066 1256 3114 deiect.
1270 3081 1329 3114 ore-

788 3133 851 3183 cull.
866 3131 1013 3198 eap.8.11.
1027 3149 1091 3197 pag.
1105 3133 1191 3182 tias.
1210 3131 1328 3196 Etymol.

786 3217 849 3264 pag.
868 3199 931 3258 413,
950 3198 992 3248 28.
1010 3199 1249 3262 Pansan.1V,32.
1267 3201 1291 3260 §-
1303 3199 1329 3248 5.

787 3267 877 3317 Strab.
896 3269 935 3316 IX
957 3284 982 3332 p.
1000 3266 1050 3318 413
1067 3283 1088 3317 a.
1107 3267 1157 3318 633
1167 3269 1199 3318 B.
1219 3273 1329 3332 atquae

788 3333 845 3382 alia
858 3334 950 3383 attulit
961 3334 1079 3385 Siebelie
1092 3336 1126 3385 ad
1136 3335 1251 3400 priorem
1261 3337 1329 3386 Pau·

788 3401 884 3450 suniae
902 3401 989 3452 locum
1004 3419 1028 3466 p.
1043 3402 1090 3465 74,
1109 3403 1142 3452 de
1160 3403 1270 3453 diversa
1286 3417 1328 3452 ur·

788 3464 832 3512 bis
845 3469 1031 3532 appellatione
1044 3471 1196 3534 disputans.
1212 3485 1281 3535 quae
1295 3469 1329 3518 ab

790 3531 854 3580 aliis
876 3533 977 3586 dicitnr
997 3527 1161 3603 Ἀκραίφιον
1179 3545 1207 3589 et
1229 3528 1329 3601 Ἀκραι-

789 3597 870 3662 φλαι,
899 3603 934 3652 ab
959 3605 1097 3656 Herodoto
1123 3596 1285 3670 Ἀκραιφίη,
1313 3619 1331 3653 a

787 3667 928 3718 Pausania
945 3661 1132 3734 Ἀκραίφνιον.
1173 3673 1237 3724 Alia
1254 3671 1331 3723 dabit

787 3734 889 3784 Kruse:
914 3736 1012 3785 Hellas
1030 3739 1071 3796 ΙΙ,
1090 3739 1110 3790 l.
1126 3757 1190 3806 pag.
1205 3741 1256 3790 572
1273 3755 1329 3804 seq.

787 3799 851 3862 635,
870 3804 916 3866 qui
929 3818 981 3868 quo
993 3808 1115 3869 tempore
1127 3809 1251 3873 scripsit,
1265 3823 1330 3856 uou-

787 3867 849 3917 dum
862 3869 915 3919 hae
926 3870 1053 3932 regiones
1063 3873 1181 3924 virorum
1191 3876 1330 3926 doctorum

787 3937 873 3999 operit
901 3941 983 4000 atque
1011 3937 1146 3989 industrii.
1174 3943 1331 3992 accuratius

788 4003 958 4068 perquisitso
981 4009 1074 4068 eraut,
1099 4007 1127 4055 id
1145 4009 1216 4071 quod
1235 4013 1331 4072 postea

230 3981 306 4039 Τόδε
319 3981 352 4039 dl
365 3983 429 4038 θιόυ
451 3981 470 4039 oi
482 4005 532 4052 μοι
547 3985 680 4059 μέγιστον
692 4013 737 4062 χε-

194 4051 298 4134 sigitur
311 4005 555 4124 λέγεταιΓθώυμα
567 4065 676 4142 reposqi
689 4081 737 4130 pro
789 4069 893 4119 iactum
910 4085 970 4120 esse
983 4070 1119 4122 laetamur
1132 4089 1149 4123 a
1165 4075 1272 4125 Leukio
1284 4091 1329 4140 po-

194 4123 289 4188 θωμα.
330 4124 484 4174 Pronomeu
501 4143 549 4192 μοι
569 4129 604 4179 nd
621 4131 736 4196 θωυμα,
789 4137 922 4186 tissimum
935 4137 1061 4198 (Travels
1076 4141 1104 4190 in
1116 4141 1212 4194 North.
1226 4142 1331 4192 Graece

194 4206 248 4241 nou
266 4191 300 4241 ad
313 4185 423 4258 λέγεται
436 4199 563 4258 spectare
580 4203 660 4262 putat
671 4201 738 4250 Lar·
788 4204 823 4252 11.
837 4219 901 4268 pag.
914 4201 1060 4266 suo-307)
1078 4213 1107 4257 et
1120 4209 1154 4258 ab
1167 4209 1329 4259 Ullrichsio:

194 4259 291 4340 charnu
304 4263 413 4310 vertens
426 4260 443 4309 d
454 4277 510 4312 mon
523 4265 585 4312 auis.
621 4265 736 4316 senten·
788 4271 890 4320 Reisen
908 4272 936 4320 in
949 4271 1151 4324 Griechenland
1164 4277 1186 4326 1.
1206 4291 1268 4341 pag.
1281 4273 1331 4326 236

194 4331 234 4378 tra
245 4326 380 4378 Herodoti
393 4327 462 4379 haee
476 4336 530 4380 est:
544 4331 581 4382 Id
590 4348 657 4392 vero,
671 4337 738 4400 ηιιοιὶ
789 4353 864 4402 seqq.
884 4337 947 4389 coll.
961 4340 1052 4391 Rosa:
1077 4343 1284 4408 Wunderuugg.
1302 4344 1331 4392 iu
