3066 4964
261 399 322 459 314
697 389 958 452 HERODO'I'I

260 569 315 636 nal
333 563 427 656 ῥώμῃ
445 560 507 634 οὐκ
525 566 657 643 ἕσσονες
675 552 762 651 ἦσαν
779 567 814 632 οἱ
828 565 971 654 Πέρσαι·
996 559 1134 633 ἄνοπλοι
1158 563 1196 632 dt
1214 561 1323 644 ἐόντες
1341 565 1402 633 καὶ

259 664 341 758 πρὸς
358 662 616 755 ἀνεπιστήμονες
633 655 737 753 ἦσαν,
762 666 817 734 καὶ
839 661 902 734 οὐκ
918 660 1025 754 ὁμοῖοι
1042 681 1127 734 τοῖσι
1146 667 1325 736 ἐναντίοισι
1343 687 1398 736 σο

258 777 350 860 φίην.
380 771 652 859 προεξαΐσσοντες
671 767 708 836 dt
719 761 787 836 κατ’
808 769 867 836 ἕνα
885 769 940 836 καὶ
959 769 1051 856 δέκα,
1070 769 1125 836 καί
1142 769 1283 847 πλεῦνές
1293 793 1330 836 τε
1342 770 1401 836 καλ

260 869 433 951 ἐλάσσονες
457 867 735 959 συστρεφόμενοι,
764 871 938 938 ἐσέπιπτον
962 871 994 949 ἐς
1018 864 1095 949 τούς
1112 866 1324 959 Σπαρτιήτας
1342 871 1401 938 καὶ

213 983 252 1044 63
263 979 505 1062 διεφθείροντο.
547 973 596 1060 Τῇ
614 971 651 1040 δὲ
670 968 826 1059 ἐτύγχανε
844 965 943 1050 αὐτὸς
963 967 1027 1040 ἐάν
1045 968 1253 1059 Μαρδόνιος,
1271 965 1326 1039 ἀπ’
1343 975 1400 1040 ἳπ-

259 1101 324 1146 που
342 1101 378 1144 τε
395 1071 578 1163 μαχόμενος
595 1074 733 1159 λευκοῦ,
758 1078 841 1161 ἔχων
858 1099 893 1141 τε
911 1075 988 1162 περὶ
1007 1069 1133 1142 ἑωυτὸν
1149 1069 1292 1160 λογάδας
1309 1081 1400 1160 Περ

258 1180 345 1246 σέων
362 1172 439 1256 τούς
457 1170 612 1264 ἀρίστους
630 1179 772 1262 χιλίους,
796 1171 901 1262 ταύτῃ
921 1175 958 1243 dt
976 1176 1031 1243 καὶ
1049 1171 1190 1262 μάλιστα
1206 1169 1284 1253 τούς
1302 1175 1400 1243 ivan

257 1287 349 1360 τίους
368 1281 511 1348 ἐπίεσαν.
547 1271 627 1345 ὅσον
644 1276 705 1364 μέν
722 1303 787 1344 νυν
804 1272 925 1364 χρόνον
942 1273 1138 1364 Μαρδόνιος
1155 1277 1290 1365 περιῆν,
1308 1279 1345 1343 ol
1361 1276 1401 1344 dt

257 1377 410 1470 ἀντεῖχον
427 1380 482 1448 καὶ
500 1373 702 1467 ἀμυνόμενοι
720 1379 922 1465 κατέβαλλον
943 1372 1086 1458 πολλοὺς
1107 1378 1175 1446 τοῖν
1192 1381 1400 1466 Λακεδαιμο-

258 1595 334 1644 seqq.
346 1577 419 1628 coni.
425 1575 729 1627 Pseudo-Plutarchss.
737 1591 801 1642 pag.
854 1579 933 1626 erent
950 1574 992 1624 illi
1008 1574 1174 1626 dexteritate
1187 1573 1329 1640 gladiique
1341 1579 1399 1624 tra·

258 1645 351 1696 814λ.
379 1649 409 1695 et
431 1643 464 1694 de
488 1660 556 1694 voce
579 1641 654 1710 λῆμα
675 1648 744 1694 nott.
767 1643 802 1693 ad
853 1643 948 1694 ctandi
964 1643 1077 1709 peritis,
1103 1643 1231 1692 resistere
1251 1657 1399 1708 eorumque

258 1715 296 1776 V,
315 1713 357 1762 72.
854 1711 926 1760 ictus
945 1712 1052 1761 evitare
1070 1710 1144 1760 haud
1166 1714 1320 1775 potnerunt.
1356 1711 1400 1760 Ad

292 1769 413 1830 niventes
427 1773 460 1829 δὲ
473 1769 576 1844 ἐόντες]
595 1768 716 1830 ἄνοπλοι
729 1778 801 1828 male
853 1779 926 1828 hanc
945 1779 1017 1829 enim
1036 1778 1230 1828 dexteritatem
1246 1793 1342 1828 vocem
1354 1792 1400 1828 σο-

259 1847 376 1898 rcddunt
388 1851 496 1897 irrermer
509 1851 557 1895 eut
568 1849 712 1904 malarmes,
732 1845 802 1911 quod
854 1844 942 1912 φίην,
961 1847 994 1897 dc
1013 1861 1067 1911 que
1086 1845 1159 1896 cons.
1174 1849 1241 1900 nott.
1255 1845 1289 1895 ad
1303 1846 1340 1909 V,
1357 1843 1399 1906 18,

261 1915 342 1968 Gallo
366 1915 511 1980 interpreti
533 1913 602 1964 Miot
626 1913 743 1978 placuit,
773 1918 803 1963 ut
854 1915 944 1964 refero
967 1929 1027 1964 curn
1049 1913 1325 1978 Schweighaeusero,
1351 1915 1400 1977 qui

259 1983 320 2034 scil.
334 1999 410 2034 arma
423 1982 570 2032 habuerint
580 1981 615 2032 ed
625 1996 701 2030 usum
714 1981 802 2032 minus
854 1999 914 2032 mox
924 1982 994 2032 bene
1005 1971 1401 2042 tueturlvavrtoror‚aScuae-

259 2051 409 2102 commoda.
448 2051 491 2100 De
515 2063 567 2114 quo
591 2053 683 2099 temen
707 2065 804 2100 vereor
854 2050 1058 2099 leroeduob‘us
1071 2048 1148 2099 codd.
1163 2053 1295 2098 mutatum
1308 2049 1337 2097 in
1348 2038 1400 2098 άν-

258 2125 289 2170 ut
306 2117 459 2170 Herodotus
477 2117 622 2182 cogitarit3
645 2121 709 2168 eunt
730 2117 802 2167 enim
853 2116 953 2180 τίοιοι,
973 2116 1044 2182 quod
1061 2117 1150 2181 ipsum
1164 2115 1217 2165 hoc
1229 2131 1326 2176 sensu,
1345 2131 1400 2180 qno

258 2176 378 2238 ἄνοπλοι
396 2188 484 2236 leniter
501 2186 594 2234 armati
614 2201 635 2235 s.
652 2186 741 2249 clipeis
758 2201 802 2234 πα-
853 2187 951 2248 toalea,
965 2186 1128 2235 adversarios
1140 2183 1282 2248 desIguat,
1296 2199 1348 2234 nee
1362 2185 1399 2234 ab

258 2257 328 2312 dnti‚·
346 2254 417 2304 unde
430 2253 477 2314 IX,
488 2250 521 2302 63
534 2251 580 2302 fin.
594 2251 742 2318 γυμνῆτες,
756 2253 802 2316 qui
854 2253 994 2302 Herodoto
1011 2267 1063 2302 nec
1080 2251 1114 2300 ab
1128 2251 1183 2300 ullo
1196 2251 1250 2301 alio
1263 2253 1317 2300 scri
1338 2256 1399 2302 tore

257 2339 377 2390 pugnam
396 2321 543 2371 instituunt
559 2313 629 2384 πρὸς
645 2313 711 2379 τοὺς
723 2314 802 2370 ὁπλί-
853 2321 919 2386 poni
936 2325 1036 2386 putem.
1053 2346 1083 2354 -
1107 2319 1138 2368 In
1155 2334 1230 2384 seqq.
1248 2267 1400 2383 προεξαΐσ-

258 2407 316 2449 τας.
347 2391 388 2440 Το
406 2389 461 2440 vid.
476 2403 547 2454 ques
565 2404 648 2468 supra
661 2387 803 2438 attulimus
855 2402 952 2446 σοντες
969 2388 1098 2437 dicuntur
1114 2389 1400 2452 entereltqnnmaciem

259 2460 354 2521 edIX,
369 2456 409 2508 30.
445 2457 487 2506 Ad
499 2453 548 2506 καί
560 2471 631 2518 προς
644 2456 738 2516 vid.I,
754 2453 803 2505 165
852 2453 1314 2521 proruentes,aabltoproenrrenles.
1344 2455 1399 2504 Eo·

257 2528 350 2592 ibique
369 2528 437 2576 nott.
455 2526 491 2586 V,
510 2523 551 2576 20.
569 2525 636 2587 VII,
653 2523 736 2574 154-
748 2521 802 2573 184.
855 2523 915 2574 dem
935 2523 1017 2574 verbo
1032 2523 1118 2572 utitur
1135 2521 1308 2586 Thucydides
1320 2523 1399 2584 VIII,

258 2597 291 2656 V,
304 2593 350 2656 (λίς
369 2585 439 2656 πρὸς
451 2585 485 2642 dl
499 2593 577 2654 VIII,
591 2593 632 2643 51.
649 2593 675 2653 1,
689 2591 720 2642 ll
739 2591 802 2654 (ibi-
854 2591 902 2652 ¹25,
921 2594 964 2656 qul
979 2591 1063 2640 etiam
1075 2589 1145 2638 dixit
1157 2583 1320 2652 προεξιέναι
1334 2589 1398 2650 (ΙΙΙ,

259 2658 518 2728 quenon.).11‚1‘2.
538 2661 636 2710 Grote:
649 2661 762 2722 History
774 2659 805 2708 ol
857 2658 878 2707 1.
897 2659 965 2720 VII,
979 2658 1023 2719 74)
1042 2663 1070 2708 et
1087 2649 1258 2720 προεξάγειν
1275 2657 1352 2719 (VII,
1372 2657 1399 2706 6.

260 2731 365 2779 Greece
379 2728 411 2777 V.
425 2743 490 2792 pag.
503 2725 553 2776 239
565 2727 700 2776 Herodoti
717 2725 803 2776 verba
854 2727 895 2777 37.
909 2724 962 2786 70).
991 2724 1146 2775 Herodotus
1163 2725 1242 2774 initio
1258 2723 1338 2773 huius
1351 2741 1400 2774 oa-

258 2797 329 2844 haec
348 2793 467 2844 afferens
486 2808 547 2844 cum
559 2795 694 2844 Herodoti
706 2809 801 2842 narra·
853 2795 919 2858 pitIs
938 2793 1007 2843 dixit
1023 2783 1300 2856 προεξαναστάντες,
1319 2791 1398 2842 item-

259 2863 334 2912 tione
352 2861 472 2912 conferri
493 2861 552 2910 vult
568 2862 644 2912 Livii
666 2861 802 2911 narratio·
854 2877 906 2926 que
920 2863 992 2923 VIII,
1004 2860 1038 2910 59
1051 2853 1332 2925 προεξανιστάμενοι.
1356 2859 1399 2909 Ad

259 2945 321 2978 nem
335 2928 450 2988 XXXII,
466 2927 496 2976 17
515 2928 548 2977 de
561 2927 742 2978 Romanorum
754 2941 802 2992 pn·
854 2944 971 2993 sequena
992 2921 1215 2994 συστρεφόμενοι
1239 2927 1275 2977 ei.
1295 2927 1346 2990 VI,
1365 2925 1397 2977 61

260 3011 315 3061 gne
332 2997 361 3044 in
378 2994 560 3046 Macedonum
580 2995 745 3060 phalangem
768 2995 803 3043 ir·
853 2996 947 3061 ibique
960 3001 1029 3046 nott.

259 3063 395 3114 ruentium
413 3061 536 3126 adeoque
555 3062 639 3112 etiem
661 3061 737 3112 illam
754 3077 802 3128 pu·

259 3145 446 3197 quemquern
456 3129 802 3181 Helvetiannottsueum
1032 3163 1089 3214 cst
1118 3165 1209 3214 ,ΜΠ

259 3198 413 3250 AustrIaeIs
432 3211 516 3262 prope
529 3196 691 3262 Sempacum
710 3213 802 3263 gesse·
1092 3201 1098 3213 ‘
1211 3201 1218 3214 ⁶

259 3273 333 3329 runt,
359 3265 405 3314 ubi
429 3265 536 3331 Insigne
563 3264 671 3316 lacinus
695 3266 803 3315 exstitit
887 3255 941 3316 α’π’
959 3263 1061 3332 ίππου]
1081 3265 1122 3316 hd
1138 3265 1304 3316 locutionem
1323 3267 1399 3316 eous.

258 3332 593 3386 Amoldiawinketried:
606 3333 754 3398 ignorabat
762 3334 803 3382 ni·
854 3335 879 3394 Ι,
899 3333 932 3382 tu
954 3335 1046 3398 ibique
1064 3339 1131 3384 nott.
1168 3335 1239 3384 Mille
1260 3335 1400 3383 Persem

258 3404 354 3454 mirum
372 3401 415 3453 vir
432 3401 539 3462 doetus,
559 3415 645 3465 nuper
658 3401 802 3450 admodum
851 3404 940 3452 selecti
950 3401 1023 3451 haud
1035 3403 1092 3452 seio
1106 3417 1142 3450 an
1154 3401 1236 3452 tidem
1249 3402 1318 3460 sint,
1333 3415 1399 3466 quo·

259 3471 411 3532 exstitisse,
431 3469 476 3534 qui
489 3484 558 3533 ques
572 3467 605 3518 de
618 3468 671 3518 hoc
682 3469 801 3519 Arnoldo
852 3485 910 3519 rum
923 3469 1024 3520 mentio
1037 3469 1102 3532 VII,
1116 3469 1157 3518 40.
1181 3469 1244 3520 Mox
1257 3485 1272 3518 e
1285 3468 1400 3519 Floren-

259 3557 276 3589 a
289 3537 462 3590 Winkelried
479 3536 635 3600 traduntur,
654 3552 689 3586 ea
707 3537 742 3586 nd
759 3537 800 3586 fa·
853 3539 910 3587 tino
928 3537 1043 3601 aliisque
1062 3535 1172 3602 reposui
1189 3531 1277 3601 ταύτῃ
1294 3529 1333 3586 di
1349 3553 1398 3602 pro

259 3607 337 3658 bulas
360 3611 457 3672 postea
479 3604 655 3669 excogitatas
677 3605 801 3667 referret,
854 3597 944 3670 ταύτῃ
957 3597 1009 3668 δὴ,
1028 3605 1099 3669 quod
1117 3619 1178 3654 eum
1191 3604 1343 3654 Schnefero
1357 3609 1399 3654 te·

260 3675 351 3725 critici
363 3675 417 3726 viri
429 3673 531 3724 lamam
542 3673 605 3723 inde
616 3673 802 3738 quaesiturus!
854 3677 901 3722 net
914 3671 1010 3722 Mattlr.
1042 3671 1096 3721 Sed
1112 3671 1166 3722 sid.
1180 3673 1233 3732 IX,
1246 3670 1280 3720 uu
1292 3671 1352 3722 tin:
1372 3666 1400 3722 εί

259 3743 360 3791 Nostra
379 3742 451 3790 enim
471 3746 565 3790 aetnte
587 3756 619 3790 eo
641 3744 802 3805 perventum
855 3731 885 3790 δ’
901 3729 958 3801 άρα
975 3729 1079 3797 αὐτοὺς
1092 3765 1124 3774 -
1136 3729 1218 3804 ὑμεῖς
1236 3729 1265 3788 δ’
1282 3730 1355 3804 ἡμῖν
1372 3755 1397 3790 ν.

261 3813 316 3866 eet,
335 3811 365 3856 ut
382 3807 535 3858 istiusmodi
550 3807 747 3858 tentaminibus
760 3823 801 3856 ar·
854 3823 876 3858 τ.
891 3807 915 3856 λ.
928 3807 976 3868 IX,
990 3805 1023 3855 18
1036 3806 1080 3856 lin.
1094 3805 1135 3856 85.
1150 3807 1224 3868 VIII,
1238 3807 1271 3855 22
1285 3813 1314 3856 et
1326 3821 1397 3870 quae

259 3875 296 3923 tis
309 3874 423 3924 criticae
436 3875 536 3924 lamam
550 3875 732 3940 aucupentur!
761 3873 802 3924 Ad
854 3874 913 3924 alie
935 3874 1028 3924 attulit
1044 3874 1156 3924 Werler
1177 3875 1204 3924 in
1222 3873 1295 3924 Actt.
1319 3873 1397 3939 phili.

260 3941 431 3991 Herodotum
443 3947 477 3990 nt
494 3941 616 4004 redeam,
642 3943 709 3992 mihi
731 3943 802 3992 haee
853 3943 979 3992 Monacc.
994 3943 1016 3992 Ι.
1035 3941 1213 4008 prpetuo,
1231 3941 1279 3990 ubi
1296 3942 1331 3992 de
1349 3941 1396 3992 du·

260 4023 314 4058 non
327 4023 437 4073 prorsus
449 4009 595 4060 convenire
608 4009 743 4060 videntur.
770 4010 802 4060 In
854 4009 960 4076 plicata
982 4009 1118 4075 particule
1141 4002 1173 4060 δὲ
1197 4011 1225 4059 in
1243 4008 1334 4059 altera
1350 4026 1397 4074 pe-

261 4075 314 4124 hec
333 4077 405 4124 enlm
424 4091 515 4140 pugna
527 4076 686 4128 Plataeensi
699 4078 802 4127 Persae
855 4077 924 4127 riodi
941 4083 1019 4142 perte
1038 4077 1158 4127 disserit.
1189 4077 1243 4138 Qui
1260 4077 1333 4127 idern
1347 4075 1365 4126 l.
1379 4077 1398 4127 l.

261 4142 361 4206 clipeis
378 4157 439 4192 cum
457 4141 582 4193 destituti
600 4151 692 4194 essent
709 4161 760 4194 nec
775 4145 803 4194 in
853 4159 917 4211 pag.
930 4143 963 4195 91
981 4145 1064 4195 etiam
1083 4145 1201 4206 excitet,
1225 4159 1296 4208 quae
1308 4146 1398 4194 conti-

261 4209 367 4266 loricis,
387 4209 484 4273 qulbus
502 4210 535 4259 oh
547 4211 678 4261 Herodot.
692 4213 756 4272 VII,
769 4211 801 4260 ul
853 4227 908 4262 nuo
919 4213 991 4277 apud
1001 4211 1167 4263 Herodotum
1178 4211 1320 4276 leguntur:
1329 4199 1399 4262 ὅσον

262 4293 308 4326 eos
321 4277 429 4326 iudutos
447 4277 569 4340 credam,
588 4277 699 4330 multum
717 4279 801 4330 hube-
854 4274 916 4344 μέν
933 4295 986 4329 νυν
999 4275 1148 4343 χρόνον-
1160 4273 1190 4329 ολ
1202 4271 1240 4328 dl
1252 4269 1397 4344 α’ντεῐχον.

261 4349 323 4395 rent
347 4343 455 4408 auxilii,
480 4345 724 4407 Lacedaemoniis,
749 4361 803 4411 qua
854 4347 896 4396 'l'n
918 4346 972 4397 vid.
992 4347 1070 4398 modo
1092 4347 1127 4397 ad
1142 4347 1193 4410 IX,
1212 4345 1246 4398 60
1264 4348 1397 4404 excitata.
