2984 4962
319 454 377 512 DE
398 453 502 514 VITA
522 455 580 514 ΕΤ
599 455 790 515 SORIP'PIS
809 453 1046 514 HERODOTI.
1192 464 1253 524 447

118 625 163 676 23.
178 625 222 676 56.
240 625 298 678 131.
315 623 366 695 111,
380 627 424 678 60.
449 625 707 692 Ν,30.145.167.
733 627 765 696 V,
780 630 824 680 55.
841 627 873 692 V,
891 629 935 680 92.
952 631 977 690 S.
998 631 1023 678 2.
1050 627 1112 692 Vii,
1132 632 1189 682 iil.
1207 627 1255 694 111,

119 709 274 779 loa-113,
299 709 346 761 ubi
369 709 424 761 vid.
442 718 511 762 nott.
542 713 650 765 Homeri
669 711 819 780 exemplum
840 711 868 763 in
885 711 926 763 bis
944 711 1114 764 Herodotum
1132 721 1255 766 secutum

118 809 182 844 esse
204 795 334 846 observat
348 794 500 862 Dionysius
516 796 772 849 Halicarnassensis
789 795 830 848 De
845 795 972 863 Thucyd.
991 797 1048 848 iud.
1064 815 1091 866 p.
1109 801 1158 852 129
1178 799 1254 865 Syib.

117 876 181 947 (tl.
198 895 225 946 p.
248 883 296 932 771
322 879 371 946 R.)
394 880 436 931 his
458 881 566 932 verbis:
593 875 727 942 συνειδώς
751 874 803 949 γὰρ
819 875 976 950 Ἡρόδοτος,
1002 871 1045 936 ὅτι
1065 881 1141 936 πᾶσα
1169 883 1256 952 μήτοι

116 957 217 1029 ἔχουσα
238 958 365 1033 διήγησις
390 955 427 1017 do
453 960 503 1032 pio
528 959 700 1028 dannatione
724 961 802 1026 τινὰς
826 961 968 1037 λαμβάνῃ,
995 961 1045 1027 τὰς
1076 961 1168 1036 ψυχὰς
1199 969 1255 1022 τῶν

116 1039 300 1116 ἀκροωμένων
321 1043 408 1119 ἡδέως
429 1050 601 1122 διατίθησιν,
626 1045 675 1105 ἐὰν
694 1047 724 1104 δὲ
742 1046 788 1104 tut
809 1053 865 1104 τοῖν
881 1045 974 1142 αὐτῶν
994 1049 1061 1122 μένῃ
1077 1041 1255 1124 πραγμάτων,

690 1143 700 1156 ἱ

117 1121 171 1184 κᾶν
185 1127 220 1186 τὰ
235 1129 352 1203 μάλιστα
367 1129 595 1206 ἐπιτυγχάνηται,
616 1141 696 1190 tonat
710 1155 761 1205 την
775 1155 865 1206 ακοην
880 1157 917 1209 τῳ
936 1155 1019 1208 sopp,
1035 1140 1163 1207 ποικίλην
1177 1132 1254 1211 ipon-

116 1211 192 1287 λήθη
214 1221 329 1288 ποιῆσαι
352 1219 404 1289 τὴν
424 1217 543 1291 γραφήν,
560 1215 707 1291 Ὁμήρου
729 1215 883 1291 ζηλωτής
908 1215 1112 1290 γενόμενος·
1134 1221 1182 1276 καὶ
1203 1217 1255 1292 γὰρ

116 1298 148 1356 τὸ
170 1305 276 1376 βιβλίον
297 1295 333 1376 ἢν
350 1299 436 1360 αὐτοῦ
457 1301 591 1378 λάβοιμεν,
613 1305 688 1376 μέχρι
708 1308 756 1375 τῆς
777 1301 890 1376 ἐσχάτης
911 1307 1046 1378 συλλαβῆς
1061 1300 1193 1376 ἀγάμεθα
1207 1305 1255 1361 καὶ

116 1381 162 1442 det
182 1383 214 1443 τὸ
235 1393 330 1444 πλεῖον
353 1385 538 1460 ἐπιζητοῦμεν.
572 1393 669 1464 Neque
693 1393 742 1444 bae
762 1392 951 1459 digressiones
973 1391 1159 1444 huiuscemodi
1179 1401 1254 1461 sunt,

119 1487 150 1529 ut
165 1479 249 1548 ipsam
266 1479 448 1532 narrationem
465 1477 629 1547 perturbent
644 1479 760 1547 eiusque
775 1476 880 1528 facilem
896 1493 1006 1529 cursum
1027 1477 1188 1546 impediant,
1208 1485 1256 1530 aut

119 1569 158 1630 ut,
182 1565 255 1633 quod
282 1564 436 1634 primarium
465 1563 517 1615 sibi
544 1563 639 1615 babuit
658 1561 817 1614 Herodotus
839 1561 968 1631 quodque
995 1561 1120 1630 inprimis
1145 1563 1255 1615 demon-

118 1649 259 1702 strandum
282 1649 335 1701 sibi
356 1653 553 1719 proposuerat,
580 1647 607 1699 id
626 1648 715 1700 minus
737 1647 867 1714 cognosci
885 1647 983 1716 possit.
1018 1647 1078 1698 Hoc
1093 1655 1182 1700 autem
1199 1648 1255 1718 pri-

117 1733 237 1800 marium,
262 1753 317 1805 qao
344 1733 433 1786 omnia
458 1733 569 1802 singuia
595 1733 786 1798 continentur,
813 1731 887 1784 unde
912 1731 1000 1784 omnia
1025 1747 1164 1802 suspensa
1179 1739 1254 1798 sant,

117 1819 190 1870 unde
205 1819 290 1872 iucem
307 1837 381 1873 suam
396 1837 427 1871 ac
445 1819 525 1888 quasi
544 1818 596 1870 vim
612 1818 765 1887 accipiunt,
784 1816 901 1886 positum
913 1815 942 1882 1)
958 1816 1094 1870 cernimus
1112 1818 1140 1870 in
1158 1818 1255 1870 barba·

117 1904 173 1970 ris,
195 1905 270 1957 orbis
289 1913 424 1958 terrarum
445 1903 575 1970 dominis,
595 1903 763 1955 Graecorum
779 1903 806 1954 vi
820 1903 984 1972 prostratis,
1000 1902 1051 1954 deo
1068 1901 1157 1956 ultore
1172 1911 1254 1973 atque

116 1989 224 2042 vindice
256 1991 378 2045 Graecos
412 1989 560 2042 adiuvante
588 2005 806 2059 prosperumque
839 2003 998 2040 successura
1023 1995 1148 2056 parante.
1182 1988 1255 2040 Hinc

116 2075 208 2144 operis
224 2075 304 2142 finis,
329 2076 376 2128 ubi
397 2075 431 2128 de
452 2074 579 2126 barbaris
597 2071 717 2125 vindicta
733 2080 841 2141 sumpta
856 2071 930 2142 iique
946 2071 1025 2140 gravi
1044 2071 1140 2126 damno
1158 2071 1254 2126 afflicti

116 2169 191 2212 sunt.
234 2161 274 2211 Ita
304 2167 333 2213 et
362 2161 485 2212 Graecos
512 2157 648 2211 libertatis
678 2157 897 2210 studiosissimos
920 2158 1059 2210 celebrare
1082 2165 1110 2210 et
1135 2157 1255 2210 divinam

115 2244 260 2297 vindictam
286 2263 309 2296 s.
337 2245 422 2296 divini
450 2243 568 2296 numinis
593 2241 646 2294 viru
669 2247 879 2294 commonstrare
895 2242 987 2312 potuit
1011 2249 1123 2308 auctor,
1150 2242 1255 2312 patriae

116 2345 205 2381 amore
220 2347 308 2398 aeque
325 2347 357 2382 ac
371 2329 416 2398 pid
433 2329 459 2382 in
474 2328 540 2380 deos
556 2327 711 2380 reverentii
728 2333 885 2378 commotus.
917 2327 997 2390 Quae
1009 2326 1070 2396 ipsa
1082 2344 1142 2378 cnm
1153 2343 1254 2378 omnnem

116 2413 232 2466 animum
249 2420 407 2482 penetraret
424 2412 714 2480 religiosissirnurnque
730 2411 857 2464 redderet
873 2411 1042 2480 scriptorem,
1060 2411 1133 2462 cavit
1144 2427 1255 2480 quoque

116 2497 231 2550 eundem
247 2498 280 2549 ab
299 2498 369 2551 omni
391 2497 529 2550 mendacio
544 2497 678 2566 iidemque
693 2495 757 2548 inde
769 2493 925 2548 conciliarit
941 2511 1066 2548 summam
1082 2495 1143 2548 eins
1159 2513 1253 2548 narra-

116 2581 252 2650 tionibus,
275 2584 302 2635 in
325 2583 427 2652 quibus
454 2581 545 2634 ubivis
561 2581 712 2652 reperimus
733 2581 819 2634 virum
836 2581 907 2632 omni
924 2581 1041 2650 partium
1057 2580 1149 2633 studio
1166 2597 1253 2633 exem-

116 2673 191 2736 ptum
208 2687 258 2720 nec
273 2668 343 2738 ipsis
362 2668 477 2720 Graecis
493 2667 707 2736 patrocinantem
725 2673 821 2718 contra
836 2664 879 2734 id,
902 2665 975 2735 qnod
999 2682 1092 2718 verum
1108 2671 1135 2718 et
1152 2665 1253 2720 iustum

115 2752 167 2803 sibi
183 2752 373 2806 videdebatur.
408 2753 469 2804 Vid.
488 2751 562 2804 iocos
579 2767 664 2820 supra
679 2749 843 2818 aliatos**).

198 2839 258 2891 Hoc
272 2857 338 2892 vero
353 2855 412 2890 cum
429 2855 512 2890 unum
527 2837 565 2890 sit
579 2836 744 2906 primarium,
760 2833 871 2904 singnis
887 2852 1013 2908 quaeque
1029 2835 1210 2906 compiectens
1227 2843 1254 2888 et

114 2921 148 2974 ad
172 2941 202 2975 se
223 2941 372 2990 revocans,
395 2923 580 2990 Herodotum,
609 2939 697 2975 rerum
721 2922 891 2991 scriptorem,
910 2921 995 2974 siticit
1010 2929 1040 2974 nt
1054 2921 1145 2992 positis
1168 2921 1253 2990 epicis

114 3007 211 3060 similia
225 3009 396 3065 sectantibus
412 3007 598 3062 adscribamus
613 3009 729 3077 eiusque
753 3005 875 3058 historiis
896 3006 1013 3076 speciem
1035 3005 1105 3076 epici
1127 3006 1253 3058 carminis

114 3093 274 3160 tribuamus,
306 3094 408 3163 quippe
430 3111 500 3163 quaa
526 3094 590 3146 licet
610 3093 693 3145 multa
722 3110 754 3145 ac
780 3092 855 3144 varia
873 3092 1047 3157 contineant,
1064 3097 1154 3144 tamen
1171 3107 1253 3144 unum

114 3177 249 3246 quoddam
264 3194 364 3248 corpus
382 3180 561 3230 constituant.
588 3178 696 3230 Etenim
712 3177 880 3244 Herodotus,
905 3177 952 3246 qui
975 3175 1066 3228 varias
1084 3177 1253 3228 Graecorum

115 3269 143 3313 et
157 3261 335 3314 barbarorum
352 3280 396 3314 res
412 3269 573 3332 persecutus
590 3269 633 3314 est
647 3263 674 3314 in
693 3279 776 3331 opere
795 3279 861 3328 sno,
883 3254 916 3314 ori
938 3259 1066 3314 διέσπασε
1085 3255 1137 3330 τὴν
1156 3255 1254 3330 διήγη-

114 3363 167 3418 σιν,
189 3339 258 3400 ἄλλα
279 3343 431 3418 συμβέβηκε
455 3349 492 3419 τῷ
509 3343 558 3416 μὲν
577 3347 642 3415 μίαν
657 3340 796 3400 ὑπόθεσιν
812 3341 935 3418 λαβόντι,
951 3339 1038 3400 πολλὰ
1056 3346 1170 3413 ποιῆσαι
1185 3343 1252 3413 μέρη

181 3578 206 3643 *)
225 3579 288 3631 Vid.
303 3579 429 3630 Crouzer.
448 3579 466 3630 1.
485 3579 502 3629 Ι.
522 3597 547 3645 p.
564 3579 608 3629 141
628 3578 664 3645 (p.
682 3578 731 3628 110
749 3580 790 3630 ed.
809 3577 893 3642 aaa),
912 3579 960 3628 abi
977 3577 1104 3641 Dionysii
1121 3575 1251 3627 iudicium

115 3649 167 3712 (De
180 3648 333 3712 Thucydid.
348 3648 401 3698 iud.
415 3663 440 3713 p.
458 3647 505 3697 140
517 3649 576 3698 aive
589 3649 634 3697 VI.
648 3663 674 3713 p.
688 3647 751 3710 8²0)
770 3647 897 3712 disquirit
909 3646 1076 3696 Herodotum
1090 3649 1172 3709 atque
1186 3645 1251 3694 Hai-

113 3717 234 3767 lanioum
247 3717 392 3766 statuentis
403 3717 587 3766 narrationem
598 3715 745 3766 secundum
758 3715 820 3764 loon
829 3714 1004 3764 distribuisse
1016 3719 1044 3763 et
1054 3713 1250 3764 conformasse.

114 3787 150 3836 Et
162 3785 235 3836 conf.
249 3799 355 3850 quoque
368 3784 514 3834 Maiorotto
527 3785 555 3833 iu
568 3784 717 3849 scriptione
730 3798 813 3849 suprs
825 3783 848 3843 ξ.
864 3781 895 3832 10
907 3781 1021 3832 laudata
1032 3797 1058 3846 p.
1072 3779 1124 3831 599
1136 3795 1211 3846 seqq.

180 3851 219 3916 ²⁸2)
239 3853 317 3902 Haec
331 3853 376 3917 qui
390 3857 512 3918 reputet,
525 3852 668 3901 mirabitur
679 3851 820 3917 proiecto,
834 3849 966 3916 quomodo
979 3850 1037 3900 viro
1051 3849 1209 3900 acutissimo
1222 3849 1251 3898 in

114 3927 232 3970 mentem
250 3921 344 3970 venire
362 3921 496 3985 potuerit,
520 3919 686 3969 Herodotum
705 3919 870 3968 contendere
891 3933 951 3968 curn
969 3917 1130 3968 recentioris
1148 3917 1251 3966 aetatis

114 3987 976 4107 ⁸·0ttt‘353123152t0.ittunttttttt“attriti
978 3985 1251 4116 tarditati:

114 4073 226 4240 {bppqrt
242 4124 272 4174 la
289 4123 375 4240 rptme
390 4123 453 4240 ,iqde
472 4124 506 4240 dle,
524 4123 673 4238 i’histoiro.l
695 4121 1039 4239 H⁰fssd⁰te¹dssqi⁸itvf⁸i’
1057 4120 1190 4238 rtecpeilie
1208 4120 1250 4170 les

114 4207 694 4326 stiffi:att.t¹}‚t..¹¹²...⁹.itii¹u.ff
709 4207 754 4308 tt
767 4206 897 4308 itini.
914 4203 1251 4323 3..t¹‘.t5.⁸.¹.'.tu¹.t⁰u

113 4327 175 4394 plus
187 4327 278 4388 adras3
297 4329 438 4378 maistans
452 4327 521 4378 deux
535 4331 582 4377 ont
594 4326 619 4376 le
632 4327 718 4376 meme
732 4327 792 4386 but,
811 4327 954 4392 d'exposer
971 4331 1108 4376 comment
1123 4325 1250 4374 vivaient

114 4395 154 4444 les
166 4394 302 4457 hommes,
320 4394 381 4460 quel
395 4401 491 4462 aspect
503 4395 596 4446 offrait
608 4394 636 4444 la
648 4391 784 4445 socidtd.“
812 4395 953 4457 (Daunour
973 4393 1059 4444 Conrs
1072 4391 1195 4442 d’dtudes
1208 4393 1249 4442 hi·

113 4463 249 4527 atoriqucs
261 4463 293 4511 T.
306 4463 367 4513 VII.
382 4479 408 4527 p.
420 4462 491 4526 533.)
