3074 4960
231 454 291 519 148
664 395 929 514 ΗΕΙΙΟΙΙΟΤΙ

230 618 251 710 ἢ
275 619 378 696 αὐτὸν
401 627 508 703 καλοῖς
536 626 729 711 τελευτῆσαι
752 621 811 693 τόν
833 631 926 712 βίον,
961 617 1047 714 ὑπὲρ
1069 621 1223 712 μεγάλων
1246 631 1366 716 αἰωρη-

229 727 349 794 θέντα·
386 727 486 794 πλέον
508 726 620 812 μέντοι
642 727 744 815 ἔφερέ
762 729 798 794 οἱ
828 719 988 813 ἡγνωμη
1015 723 1282 814 κατεργάσασθαι
1305 723 1366 814 τὴν

226 819 380 894 Ἐλλάδα·
404 823 616 914 λογισάμενος
640 815 688 894 civ
710 829 815 894 ταυτα
842 827 1027 916 προσέφερε
1050 823 1108 895 τὸν
1131 824 1231 918 Ιλόγον
1253 824 1365 897 τόνδε·

230 929 403 1014 Δέσποτα,
437 924 518 1014 μήτε
552 928 671 1013 λυπέο,
707 924 788 1016 μήτε
823 923 1000 1016 συμφορὴν
1033 933 1198 1016 μηδεμίαν
1221 925 1367 1017 μεγάλην

230 1031 328 1096 ποιεῦ
343 1029 442 1096 τοῦδε
459 1029 521 1096 τοῦ
535 1025 708 1114 γεγονότος
727 1032 853 1097 εἵνεκεν
870 1025 1066 1117 πρήγματος.
1108 1023 1149 1097 οὖ
1171 1025 1234 1118 γὰρ
1257 1026 1366 1110 ξύλων

229 1123 321 1215 ἄγων
343 1121 361 1197 ὁ
384 1124 421 1197 τὰ
439 1131 506 1197 πᾶν
524 1131 638 1216 φέρων
662 1129 729 1198 tevi
747 1122 843 1216 ἡμῖν,
873 1124 947 1196 ἀλλ’
966 1124 1101 1217 ἀνδρῶν
1117 1155 1153 1198 τε
1171 1131 1226 1198 καί
1243 1134 1364 1199 ἵππων.

230 1231 282 1298 σοὶ
303 1229 340 1298 δέ
357 1225 434 1298 οὔτε
452 1257 500 1308 τις
518 1226 646 1298 τούτων
662 1232 730 1300 τοῖν
747 1226 783 1298 τὸ
801 1233 869 1298 πᾶν
885 1250 945 1317 σφι
964 1225 1029 1316 ἤδη
1048 1227 1234 1299 δοκεόντων
1252 1257 1365 1319 κατερ-

229 1328 353 1418 γάσθαι
371 1325 497 1418 ἀποβὰς
514 1325 579 1399 aiut
596 1333 664 1399 των
681 1333 770 1400 νεων
786 1327 976 1422 πειρήσεται
994 1326 1219 1419 ἀντιωθῆναι,
1238 1327 1310 1400 οὔτ’
1330 1333 1366 1400 έκ

133 1431 136 1436 ’
229 1434 286 1518 τῆς
303 1427 444 1520 ἠπείρου
461 1434 576 1518 τῆσδε·
595 1435 630 1500 οἵ
644 1435 687 1501 τε
698 1426 777 1520 ἡμῖν
794 1427 1025 1521 ἠντιώθησαν,
1045 1437 1166 1502 ἔδοσαν
1184 1437 1287 1512 δίκας.
1324 1439 1368 1502 m

229 1535 291 1620 μέν
313 1560 378 1602 νυν
402 1535 525 1620 δοκέει,
544 1527 663 1602 αὐτίκα
680 1529 873 1623 πειρώμεθα
889 1536 947 1620 τῆς
965 1531 1239 1620 Πελοποννήσου·
1277 1540 1308 1602 εί
1329 1533 1367 1601 δὲ

230 1634 285 1702 καὶ
311 1635 417 1702 δοκέει
437 1637 599 1722 ἐπισχεῖν,
623 1636 757 1724 παρέχει
775 1624 900 1703 ποιέειν
917 1636 1028 1703 ταῦτα.
1064 1631 1109 1723 μὴ
1128 1633 1166 1702 δέ
1185 1631 1367 1723 δυσθύμει·

229 1819 489 1888 νετοεοῖναγνωσας
499 1823 617 1892 βασιλέα
626 1823 772 1894 στρατεύε·
825 1827 865 1879 10.
879 1845 943 1910 pag.
955 1829 1052 1891 3240„
1066 1830 1114 1880 uhi
1127 1829 1255 1895 leguntur
1266 1831 1367 1881 verbe:

230 1896 301 1946 σθαι
315 1887 362 1946 int
373 1889 426 1961 τὴν
438 1887 561 1946 Ἑλλάδα
580 1897 652 1947 conf.
665 1897 773 1947 Marde·
824 1911 992 1976 νενικηκαμε
1009 1895 1179 1954 θαλασσίοις
1197 1891 1292 1975 ξύλοις
1304 1911 1366 2015 γερ-

229 1965 269 2013 nii
292 1964 410 2014 Xerxem
439 1963 474 2012 ed
496 1963 598 2013 bellum
628 1965 773 2014 incitantis
824 1963 924 2022 ναίους
945 1960 1119 2027 ανθρώπους
1137 1991 1168 2000 -
1185 1979 1216 2014 το
1238 1963 1298 2014 mciv
1315 1981 1336 2029 φ
1354 1991 1365 2002 -

229 2032 379 2081 cretionem
392 2045 475 2094 cupre
487 2031 547 2092 VII,
560 2029 585 2080 9.
824 2045 894 2094 ρειν.
927 2031 1205 2096 Schweighaeuserue
1223 2033 1252 2081 in
1270 2033 1364 2082 Lexic.

262 2091 335 2162 ὑπὲρ
347 2091 477 2162 μεγάλων
490 2091 687 2164 αἰωρηθέντα]
713 2099 732 2147 i.
747 2113 772 2148 e.
822 2098 954 2148 Herodot.
978 2098 1015 2147 11.
1041 2114 1067 2162 p.
1093 2097 1141 2148 354
1166 2099 1311 2149 formulam
1334 2092 1366 2148 τδ

227 2181 374 2230 suspensum
383 2167 415 2214 de
425 2168 528 2229 ποριεῖν,
537 2166 610 2214 meni
620 2165 654 2215 de
665 2167 771 2230 maguis
822 2163 882 2215 πεῖν
899 2159 1000 2229 φέρειν
1016 2162 1077 2214 τινί
1091 2167 1299 2231 interpretatur:
1318 2181 1367 2216 em-

229 2233 309 2282 rebue
322 2233 359 2282 eit
368 2231 589 2297 periclitandum,
600 2247 648 2298 epe
658 2233 772 2286 ineerta.
824 2235 867 2282 nia
884 2235 960 2282 alicui
975 2233 1107 2296 conferre,
1125 2236 1257 2283 morcinum
1273 2240 1298 2283 et
1307 2236 1366 2296 sere

229 2299 506 2364 Schweighaeuserur
518 2298 624 2362 (Lexie.
638 2300 771 2350 Herodot.
823 2307 901 2350 totum
912 2307 1056 2350 momentum
1067 2301 1187 2363 conferre
1192 2319 1202 2357 ;
1219 2301 1263 2350 hie
1275 2307 1366 2350 eutem

228 2369 250 2418 1.
264 2383 328 2433 pag.
346 2367 384 2430 17)
404 2367 505 2416 reddit:
528 2382 673 2430 moymarum
689 2383 773 2417 rerum
823 2367 915 2417 verbis
927 2367 1028 2432 respici
1040 2367 1099 2417 vult
1117 2367 1151 2416 ed
1170 2383 1218 2430 ee,
1237 2383 1306 2434 quae
1324 2384 1367 2417 cu·

227 2451 273 2499 εμε
297 2439 402 2490 etatum,-
432 2449 484 2498 quo
513 2434 609 2484 codem
634 2440 771 2500 spectent,
823 2451 873 2500 pre
889 2434 1102 2484 Themistoclem
1113 2435 1213 2484 Noster
1229 2436 1366 2484 dicentem

229 2518 299 2567 quae
315 2501 657 2565 Weesetinyiueedhd.
670 2502 773 2552 edecri·
824 2501 945 2551 feceret:
964 2493 997 2574 'd
1013 2500 1073 2552 πᾶν
1089 2494 1144 2566 γαρ
1161 2492 1232 2568 ἡμῖν
1248 2501 1299 2552 τοῦ
1316 2517 1365 2553 πο-

228 2571 296 2634 peit:
320 2569 458 2631 „Nimium
475 2583 536 2618 ecee
553 2575 636 2633 etque
653 2569 773 2618 insolen·
823 2563 910 2634 λε’μον
923 2562 1042 2634 φέρουσι
1053 2563 1086 2620 αἱ
1095 2563 1157 2627 νέες
1167 2571 1252 2632 (VIII,
1263 2568 1304 2631 62,
1318 2569 1366 2618 ubi
1427 2619 1434 2632 ,

228 2642 271 2685 ter
283 2635 419 2686 extulerat
428 2635 593 2694 Mardonius,
631 2629 774 2700 ναιόμενον·
823 2637 878 2686 vid.
901 2636 990 2699 nott).
1026 2638 1124 2701 Itaque
1148 2637 1203 2686 1οοί
1227 2637 1366 2688 sententie

228 2699 277 2752 καλ
290 2696 431 2766 μετέωρον
448 2691 582 2767 ᾐωρηκώς
613 2695 712 2760 αυτὸν,
731 2704 771 2752 uti
824 2705 879 2754 erit
899 2702 982 2753 haec:
1007 2720 1087 2770 neque
1110 2707 1173 2754 enim
1196 2707 1222 2754 Ιιι
1245 2707 1366 2769 liquorum

228 2769 309 2818 Philo
332 2769 390 2818 Iud.
415 2770 457 2818 De
483 2770 597 2819 insomn.
618 2785 644 2834 p.
664 2769 729 2818 ΙΙΙΟ
739 2771 771 2820 Ε.
825 2771 853 2832 (ἱ.
862 2786 885 2820 e.
895 2771 1017 2835 nerium)
1030 2774 1167 2821 certmrrine
1179 2774 1309 2822 maximum
1322 2787 1365 2822 no·

228 2837 293 2885 Tali
304 2837 416 2952 ἰυρευίο
428 2835 552 2885 homines
562 2825 713 2900 ἄνθρωποι
726 2851 770 2887 κε·
823 2837 861 2887 δίε
872 2845 1016 2888 momentum
1034 2839 1080 2902 (ad
1092 2839 1158 2888 belii
1171 2839 1285 2902 exitum)
1296 2841 1365 2903 pori-

229 2905 294 2961 ναίς
317 2919 335 2952 α
349 2897 506 2967 ωρονμενοι
528 2895 627 2965 δόξαις
649 2905 677 2953 in
701 2905 772 2954 eius·
821 2907 1366 2973 tumert,cedincertamineeirorrtmeqro·

229 2971 289 3020 dem
306 2969 378 3019 libro
401 2971 444 3019 De
461 2970 588 3035 temul.p
628 2971 702 3021 ,245
713 2971 770 3021 Ο.“
822 2987 932 3037 rumque.
969 2974 1045 3034 Quae
1072 2978 1236 3039 sequuntur,
1266 2969 1310 3024 σολ
1332 2967 1365 3022 δέ

228 3029 300 3100 ὑπὲρ
324 3029 455 3101 μεγάλων
483 3031 592 3102 αίωρη
628 3034 679 3096 etc
702 3039 772 3088 dixit
823 3028 1363 3101 οὔτετιςιοιὶτωντοὶντδπεῖναι.λ.,

229 3120 334 3170 quoque
358 3105 508 3167 Dionysius
532 3105 641 3170 Antiqq.
666 3107 770 3156 Romm.
823 3106 961 3157 indicent:
986 3110 1136 3170 neminem,
1162 3123 1251 3174 neque
1269 3125 1302 3159 cx
1320 3109 1364 3170 iis,

228 3173 265 3234 V,
280 3172 321 3221 27.
346 3173 465 3222 Verbum
478 3165 650 3236 αἰωρεῖσθαι
663 3173 770 3238 proprie
823 3174 869 3238 qui
881 3176 973 3239 pugni
983 3175 1135 3226 Salaminii
1143 3191 1273 3242 prospere
1286 3177 1365 3242 geme

229 3240 419 3304 navigantium
441 3245 496 3302 eet,
522 3241 568 3304 qui
589 3242 617 3289 in
636 3241 691 3290 aito
712 3256 771 3290 ver·
823 3243 914 3291 omnic
927 3242 980 3291 eibi
993 3244 1146 3294 coniecisse
1159 3244 1301 3304 videntur,
1316 3257 1364 3293 ne·

228 3313 323 3357 eantur
335 3309 403 3357 meri
421 3311 503 3372 etque
515 3307 649 3357 fluctuent
661 3307 770 3369 incerti,
823 3323 874 3373 que
892 3325 1054 3374 quemquam
1072 3327 1105 3360 ex
1122 3311 1174 3361 hec
1191 3317 1266 3361 terra
1279 3311 1365 3360 conti·

227 3375 280 3424 huc
298 3375 363 3424 illuc
381 3375 494 3437 ieeteti;
512 3375 583 3424 unde
601 3391 662 3425 mox
675 3375 710 3424 ed
725 3389 771 3425 eos
821 3377 912 3438 nenti,
938 3377 966 3426 id
987 3381 1153 3428 tentaturum
1176 3393 1236 3428 esee
1259 3384 1289 3428 ut
1306 3379 1364 3444 regi

228 3443 400 3504 translatum,
414 3443 460 3506 qui
474 3443 572 3492 enimin
585 3443 719 3493 fluctuant
730 3443 770 3491 in·
822 3444 939 3493 obsistat
956 3460 1057 3509 eosque
1075 3447 1163 3510 ipsos,
1188 3446 1234 3510 qui
1255 3447 1365 3496 restite·

229 3513 298 3560 certi
315 3511 495 3576 suspensique
512 3511 565 3560 huc
582 3511 770 3560 illucincten-
820 3511 889 3571 rint,
914 3512 970 3561 iam
993 3527 1097 3576 poenes
1117 3513 1233 3562 dedisse.
1268 3515 1301 3562 In
1320 3511 1365 3562 hie

228 3582 280 3626 tur.
317 3577 395 3628 Geni.
413 3583 480 3627 nott.
496 3579 530 3627 ed
542 3577 682 3628 Plutarch.
696 3577 766 3627 Alci·
821 3579 914 3628 verbis
940 3595 989 3644 pro
1017 3579 1091 3644 vulg.
1121 3572 1363 3644 κατεργάσασθαι,

228 3643 301 3692 bied.
314 3643 440 3708 pag-219
452 3661 508 3709 seq.
523 3645 558 3694 οδ
570 3645 664 3709 Pyrrh.
674 3663 700 3710 p.
711 3643 770 3708 226,
822 3646 893 3711 quod
921 3663 982 3696 cum
1005 3646 1155 3697 Schaerero
1182 3649 1272 3697 tenuit
1292 3648 1364 3696 Met·

229 3710 263 3758 cd
276 3709 445 3786 ijhiIopoem.
460 3727 523 3775 pag.
537 3711 578 3760 58.
821 3714 910 3776 thiae,
930 3730 944 3764 e
957 3713 1118 3763 Florentino
1136 3713 1252 3780 aliisque
1270 3715 1364 3778 recepi

262 3789 297 3824 ον
310 3770 363 3838 γὰρ
373 3772 467 3849 ξύλων
479 3769 556 3840 α’γών
573 3769 588 3827 ὁ
601 3771 633 3828 td
646 3777 706 3829 ποῖν
718 3773 768 3844 φὲ-
821 3773 1028 3845 κατεργάσθαι,
1042 3781 1113 3846 quod
1125 3781 1197 3831 idem
1210 3781 1311 3832 iecisse
1324 3781 1363 3830 vi-

230 3857 286 3904 ρων
297 3834 355 3891 ἐστὶ
365 3839 442 3907 ημῖν]
457 3843 598 3894 Vocabulo
609 3838 700 3908 ξύλων
709 3861 769 3896 see·
821 3849 871 3898 deo
884 3849 1049 3912 Bekkerum,
1064 3848 1188 3898 Dindorf.
1203 3853 1230 3898 et
1239 3847 1363 3898 Dietech.

229 3908 298 3974 phas
311 3905 365 3972 [vei
375 3910 463 3974 potius
473 3925 548 3960 αοιιεκ
558 3912 638 3977 idque
649 3929 697 3979 per
708 3929 770 3964 eorr-
862 3908 1030 3980 πειρώμεθα
1053 3914 1104 3982 τῆς
1127 3911 1362 3981 Πελοποννήσου]

230 3973 372 4040 temptum]
393 3975 533 4040 designari
550 3985 667 4030 annotat
679 3981 769 4031 Blom-
821 3983 839 4032 i.
853 3997 877 4031 e.
896 3985 1076 4047 adgrediamur
1093 3985 1306 4047 Peloponnemtm:
1329 3981 1364 4032 de

229 4041 302 4091 field.
318 4043 352 4092 ad
364 4043 516 4105 Thucydid.
530 4045 577 4109 tv,
593 4047 636 4108 ΙΙ,
652 4048 769 4099 efferens
821 4054 960 4099 structura
971 4051 1050 4100 verbi
1059 4049 1216 4115 πειρᾶσθαι
1229 4051 1283 4102 vid.
1294 4054 1363 4100 nott.

229 4111 307 4158 Xeno
328 4110 401 4160 hont.
415 4110 487 4159 Hist.
501 4112 526 4171 Ι,
542 4111 568 4175 Ι,
582 4115 615 4162 21
627 4115 770 4180 ipsumque
822 4115 857 4165 ed
875 4117 929 4176 111,
951 4116 998 4166 118
1018 4124 1046 4167 et
1062 4119 1113 4179 lv,
1132 4117 1173 4168 80.
1192 4117 1243 4178 IX,
1264 4115 1303 4166 18.
1320 4115 1362 4166 411.

228 4125 388 4240 Virgiiium‚
411 4178 456 4240 qui
473 4179 560 4228 treber
577 4195 683 4246 quoque
701 4183 771 4232 dixit
820 4183 925 4232 Eadem
938 4182 1040 4234 locutio
1052 4185 1195 4250 reditcep.
1209 4183 1254 4234 101
1267 4189 1295 4234 ct
1307 4182 1362 4234 113.

228 4259 314 4294 naves
341 4243 409 4293 Λευ.
435 4243 470 4305 V,
503 4244 558 4296 191.
604 4249 769 4314 wesseling.
821 4250 940 4298 Verbum
953 4247 1070 4317 παρέχει
1081 4253 1224 4318 attigimus
1236 4265 1318 4316 cupre
1328 4251 1364 4301 ed

229 4315 371 4376 comparet
400 4311 542 4376 epistolam
570 4313 707 4365 Mardonii
735 4317 769 4366 ed
821 4317 944 4378 V111,8.
984 4319 1140 4374 Dindorfiue
1161 4319 1286 4370 exhibuit
1303 4333 1363 4368 πει-

229 4378 350 4434 Graecos
360 4379 432 4446 apud
442 4379 698 4434 Pluterch,Aristid.
707 4400 768 4450 cap.
821 4378 966 4450 ρεοίμεθα,
987 4387 1058 4450 quod
1076 4388 1146 4437 idem
1166 4387 1261 4453 reponi
1278 4385 1365 4438 voluit
