<?xml version="1.0" encoding="UTF-8"?>
<!DOCTYPE html PUBLIC "-//W3C//DTD XHTML 1.0 Transitional//EN"
    "http://www.w3.org/TR/xhtml1/DTD/xhtml1-transitional.dtd">
<html xmlns="http://www.w3.org/1999/xhtml" xml:lang="en" lang="en">
 <head>
  <title>
</title>
<meta http-equiv="Content-Type" content="text/html;charset=utf-8" />
  <meta name='ocr-system' content='tesseract 3.04.00' />
  <meta name='ocr-capabilities' content='ocr_page ocr_carea ocr_par ocr_line ocrx_word'/>
</head>
<body>
  <div class='ocr_page' id='page_1' title='image "./herodotihalicar02bhgoog/herodotihalicar02bhgoog_0499.png"; bbox 0 0 2980 4978; ppageno 0'>
   <div class='ocr_carea' id='block_1_1' title="bbox 242 423 967 492">
    <p class='ocr_par' dir='ltr' id='par_1_1' title="bbox 242 423 967 492">
     <span class='ocr_line' id='line_1_1' title="bbox 242 423 967 492; baseline -0.011 0"><span class='ocrx_word' id='word_1_1' title='bbox 242 429 304 492; x_wconf 81' lang='lat'>480</span> <span class='ocrx_word' id='word_1_2' title='bbox 654 423 967 486; x_wconf 79' lang='lat' dir='ltr'>COMMEN&#39;PA&#39;I&#39;IO</span> 
     </span>
    </p>
   </div>
   <div class='ocr_carea' id='block_1_2' title="bbox 242 587 1461 750">
    <p class='ocr_par' dir='ltr' id='par_1_2' title="bbox 242 587 1461 750">
     <span class='ocr_line' id='line_1_2' title="bbox 242 587 1461 678; baseline -0.002 -30"><span class='ocrx_word' id='word_1_3' title='bbox 242 595 338 648; x_wconf 82' lang='lat' dir='ltr'><strong>Adhuc</strong></span> <span class='ocrx_word' id='word_1_4' title='bbox 358 594 448 646; x_wconf 79' lang='lat' dir='ltr'>fertur</span> <span class='ocrx_word' id='word_1_5' title='bbox 464 593 536 648; x_wconf 88' lang='lat' dir='ltr'>inter</span> <span class='ocrx_word' id='word_1_6' title='bbox 550 596 686 650; x_wconf 70' lang='lat' dir='ltr'><strong><em>Plutarchi</em></strong></span> <span class='ocrx_word' id='word_1_7' title='bbox 706 595 809 665; x_wconf 84' lang='lat' dir='ltr'>scripta</span> <span class='ocrx_word' id='word_1_8' title='bbox 829 593 937 648; x_wconf 90' lang='lat' dir='ltr'>libellus</span> <span class='ocrx_word' id='word_1_9' title='bbox 957 593 1019 664; x_wconf 77' lang='lat' dir='ltr'>aspi</span> <span class='ocrx_word' id='word_1_10' title='bbox 1041 595 1090 664; x_wconf 76' lang='grc' dir='ltr'>τῆς</span> <span class='ocrx_word' id='word_1_11' title='bbox 1105 587 1256 662; x_wconf 76' lang='grc' dir='ltr'>Ἡροδότου</span> <span class='ocrx_word' id='word_1_12' title='bbox 1273 611 1381 661; x_wconf 74' lang='lat' dir='ltr'>ausoq-</span> <span class='ocrx_word' id='word_1_13' title='bbox 1460 656 1461 678; x_wconf 14' lang='grc' dir='ltr'><em>Χ</em></span> 
     </span>
     <span class='ocr_line' id='line_1_3' title="bbox 242 679 1381 750; baseline -0.003 -18"><span class='ocrx_word' id='word_1_14' title='bbox 242 683 322 742; x_wconf 81' lang='grc' dir='ltr'><em>θείας</em></span> <span class='ocrx_word' id='word_1_15' title='bbox 337 679 371 732; x_wconf 90' lang='grc' dir='ltr'>Τ.</span> <span class='ocrx_word' id='word_1_16' title='bbox 390 679 425 731; x_wconf 90' lang='grc' dir='ltr'>ΙΙ.</span> <span class='ocrx_word' id='word_1_17' title='bbox 441 698 468 748; x_wconf 90' lang='lat' dir='ltr'>p.</span> <span class='ocrx_word' id='word_1_18' title='bbox 484 681 535 734; x_wconf 79' lang='lat'>854</span> <span class='ocrx_word' id='word_1_19' title='bbox 551 699 626 750; x_wconf 84' lang='lat' dir='ltr'>seq.;</span> <span class='ocrx_word' id='word_1_20' title='bbox 655 699 678 734; x_wconf 89' lang='lat' dir='ltr'>s.</span> <span class='ocrx_word' id='word_1_21' title='bbox 701 680 762 732; x_wconf 88' lang='lat' dir='ltr'>Vol.</span> <span class='ocrx_word' id='word_1_22' title='bbox 780 680 826 735; x_wconf 82' lang='lat' dir='ltr'>tv,</span> <span class='ocrx_word' id='word_1_23' title='bbox 848 697 875 749; x_wconf 89' lang='lat' dir='ltr'>p.</span> <span class='ocrx_word' id='word_1_24' title='bbox 894 683 944 735; x_wconf 81' lang='lat'>431</span> <span class='ocrx_word' id='word_1_25' title='bbox 966 697 1044 750; x_wconf 90' lang='lat' dir='ltr'>seqq.</span> <span class='ocrx_word' id='word_1_26' title='bbox 1064 679 1107 732; x_wconf 89' lang='lat' dir='ltr'>ed.</span> <span class='ocrx_word' id='word_1_27' title='bbox 1129 679 1328 747; x_wconf 81' lang='lat' dir='ltr'>Wytteubsch.</span> <span class='ocrx_word' id='word_1_28' title='bbox 1352 687 1381 730; x_wconf 88' lang='lat' dir='ltr'>et</span> 
     </span>
    </p>
   </div>
   <div class='ocr_carea' id='block_1_3' title="bbox 219 763 1388 3642">
    <p class='ocr_par' dir='ltr' id='par_1_3' title="bbox 219 763 1388 3642">
     <span class='ocr_line' id='line_1_4' title="bbox 243 763 1380 836; baseline 0.001 -22"><span class='ocrx_word' id='word_1_29' title='bbox 243 765 303 818; x_wconf 92' lang='lat' dir='ltr'>Vol.</span> <span class='ocrx_word' id='word_1_30' title='bbox 321 763 383 817; x_wconf 83' lang='grc' dir='ltr'>ΧΠ.</span> <span class='ocrx_word' id='word_1_31' title='bbox 402 782 429 834; x_wconf 92' lang='lat' dir='ltr'>p.</span> <span class='ocrx_word' id='word_1_32' title='bbox 445 767 495 818; x_wconf 80' lang='lat'>285</span> <span class='ocrx_word' id='word_1_33' title='bbox 511 765 553 820; x_wconf 89' lang='lat' dir='ltr'>ed.</span> <span class='ocrx_word' id='word_1_34' title='bbox 569 765 701 820; x_wconf 82' lang='lat' dir='ltr'>Hutten.=</span> <span class='ocrx_word' id='word_1_35' title='bbox 728 765 757 818; x_wconf 90' lang='lat' dir='ltr'>iu</span> <span class='ocrx_word' id='word_1_36' title='bbox 780 781 835 836; x_wconf 92' lang='lat' dir='ltr'>quo</span> <span class='ocrx_word' id='word_1_37' title='bbox 854 765 944 818; x_wconf 89' lang='lat' dir='ltr'>libello</span> <span class='ocrx_word' id='word_1_38' title='bbox 959 765 987 817; x_wconf 92' lang='lat' dir='ltr'>id</span> <span class='ocrx_word' id='word_1_39' title='bbox 1004 765 1174 835; x_wconf 84' lang='lat' dir='ltr'>potissimum</span> <span class='ocrx_word' id='word_1_40' title='bbox 1193 763 1251 832; x_wconf 82' lang='lat' dir='ltr'>egit</span> <span class='ocrx_word' id='word_1_41' title='bbox 1268 773 1380 828; x_wconf 68' lang='lat' dir='ltr'>auem,</span> 
     </span>
     <span class='ocr_line' id='line_1_5' title="bbox 243 849 1380 920; baseline -0.004 -18"><span class='ocrx_word' id='word_1_42' title='bbox 243 857 274 902; x_wconf 87' lang='lat' dir='ltr'>ut</span> <span class='ocrx_word' id='word_1_43' title='bbox 288 851 423 915; x_wconf 91' lang='lat' dir='ltr'>Boeotos,</span> <span class='ocrx_word' id='word_1_44' title='bbox 444 850 591 920; x_wconf 90' lang='lat' dir='ltr'>populares</span> <span class='ocrx_word' id='word_1_45' title='bbox 606 867 687 916; x_wconf 87' lang='lat' dir='ltr'>suos,</span> <span class='ocrx_word' id='word_1_46' title='bbox 708 867 766 902; x_wconf 90' lang='lat' dir='ltr'>cum</span> <span class='ocrx_word' id='word_1_47' title='bbox 787 851 821 902; x_wconf 86' lang='lat' dir='ltr'>ab</span> <span class='ocrx_word' id='word_1_48' title='bbox 836 849 898 903; x_wconf 88' lang='lat' dir='ltr'>aliis</span> <span class='ocrx_word' id='word_1_49' title='bbox 913 849 1071 902; x_wconf 73' lang='lat' dir='ltr'>criminibus</span> <span class='ocrx_word' id='word_1_50' title='bbox 1088 855 1234 919; x_wconf 80' lang='lat' dir='ltr'>purgarat,</span> <span class='ocrx_word' id='word_1_51' title='bbox 1257 865 1380 918; x_wconf 83' lang='lat' dir='ltr'>quorum</span> 
     </span>
     <span class='ocr_line' id='line_1_6' title="bbox 242 933 1381 1003; baseline 0 -17"><span class='ocrx_word' id='word_1_52' title='bbox 242 937 276 986; x_wconf 87' lang='lat' dir='ltr'>ab</span> <span class='ocrx_word' id='word_1_53' title='bbox 296 933 437 988; x_wconf 78' lang='lat' dir='ltr'><strong>Herodoto</strong></span> <span class='ocrx_word' id='word_1_54' title='bbox 458 935 669 1003; x_wconf 88' lang='lat' dir='ltr'>incusareutur,</span> <span class='ocrx_word' id='word_1_55' title='bbox 689 943 745 988; x_wconf 86' lang='lat' dir='ltr'>tum</span> <span class='ocrx_word' id='word_1_56' title='bbox 766 953 832 988; x_wconf 84' lang='lat' dir='ltr'>vero</span> <span class='ocrx_word' id='word_1_57' title='bbox 853 935 965 988; x_wconf 86' lang='lat' dir='ltr'>maxime</span> <span class='ocrx_word' id='word_1_58' title='bbox 985 952 1002 988; x_wconf 89' lang='lat' dir='ltr'>a</span> <span class='ocrx_word' id='word_1_59' title='bbox 1021 934 1132 987; x_wconf 86' lang='lat' dir='ltr'>crimine</span> <span class='ocrx_word' id='word_1_60' title='bbox 1153 934 1295 986; x_wconf 84' lang='lat' dir='ltr'>societatis</span> <span class='ocrx_word' id='word_1_61' title='bbox 1317 951 1381 986; x_wconf 87' lang='lat' dir='ltr'>cum</span> 
     </span>
     <span class='ocr_line' id='line_1_7' title="bbox 242 1017 1380 1092; baseline 0 -22"><span class='ocrx_word' id='word_1_62' title='bbox 242 1019 336 1072; x_wconf 87' lang='lat' dir='ltr'>Persis</span> <span class='ocrx_word' id='word_1_63' title='bbox 358 1017 419 1072; x_wconf 89' lang='lat' dir='ltr'>olim</span> <span class='ocrx_word' id='word_1_64' title='bbox 439 1019 524 1072; x_wconf 89' lang='lat' dir='ltr'>initae</span> <span class='ocrx_word' id='word_1_65' title='bbox 544 1027 639 1072; x_wconf 90' lang='lat' dir='ltr'>contra</span> <span class='ocrx_word' id='word_1_66' title='bbox 660 1019 782 1092; x_wconf 85' lang='lat' dir='ltr'>reliquos</span> <span class='ocrx_word' id='word_1_67' title='bbox 797 1021 936 1074; x_wconf 85' lang='lat' dir='ltr'>Graecos:</span> <span class='ocrx_word' id='word_1_68' title='bbox 964 1037 1054 1090; x_wconf 89' lang='lat' dir='ltr'>neque</span> <span class='ocrx_word' id='word_1_69' title='bbox 1075 1037 1141 1072; x_wconf 83' lang='lat' dir='ltr'>vero</span> <span class='ocrx_word' id='word_1_70' title='bbox 1163 1019 1204 1071; x_wconf 88' lang='lat' dir='ltr'>his</span> <span class='ocrx_word' id='word_1_71' title='bbox 1226 1025 1380 1072; x_wconf 89' lang='lat' dir='ltr'>contentus</span> 
     </span>
     <span class='ocr_line' id='line_1_8' title="bbox 241 1103 1381 1176; baseline -0.001 -20"><span class='ocrx_word' id='word_1_72' title='bbox 241 1110 338 1156; x_wconf 89' lang='lat' dir='ltr'>auctor</span> <span class='ocrx_word' id='word_1_73' title='bbox 352 1103 528 1174; x_wconf 67' lang='lat' dir='ltr'>scriptionis,</span> <span class='ocrx_word' id='word_1_74' title='bbox 554 1122 609 1176; x_wconf 93' lang='lat' dir='ltr'>quo</span> <span class='ocrx_word' id='word_1_75' title='bbox 629 1106 725 1158; x_wconf 87' lang='lat' dir='ltr'>melius</span> <span class='ocrx_word' id='word_1_76' title='bbox 744 1106 914 1174; x_wconf 89' lang='lat' dir='ltr'>propositum</span> <span class='ocrx_word' id='word_1_77' title='bbox 935 1123 1014 1158; x_wconf 89' lang='lat' dir='ltr'>suum</span> <span class='ocrx_word' id='word_1_78' title='bbox 1031 1111 1245 1174; x_wconf 74' lang='lat' dir='ltr'>assequeretur,</span> <span class='ocrx_word' id='word_1_79' title='bbox 1267 1104 1296 1156; x_wconf 92' lang='lat' dir='ltr'>in</span> <span class='ocrx_word' id='word_1_80' title='bbox 1315 1103 1381 1156; x_wconf 85' lang='lat' dir='ltr'>uni·</span> 
     </span>
     <span class='ocr_line' id='line_1_9' title="bbox 244 1188 1381 1260; baseline -0.003 -18"><span class='ocrx_word' id='word_1_81' title='bbox 244 1206 352 1242; x_wconf 78' lang='lat' dir='ltr'>versum</span> <span class='ocrx_word' id='word_1_82' title='bbox 370 1190 547 1260; x_wconf 70' lang='lat' dir='ltr'>persequitur</span> <span class='ocrx_word' id='word_1_83' title='bbox 564 1191 698 1244; x_wconf 82' lang='lat' dir='ltr'>Herodoti</span> <span class='ocrx_word' id='word_1_84' title='bbox 714 1189 843 1242; x_wconf 74' lang='lat' dir='ltr'>historiae</span> <span class='ocrx_word' id='word_1_85' title='bbox 865 1191 1094 1259; x_wconf 84' lang='lat' dir='ltr'>vehementerque</span> <span class='ocrx_word' id='word_1_86' title='bbox 1115 1189 1143 1242; x_wconf 91' lang='lat' dir='ltr'>io</span> <span class='ocrx_word' id='word_1_87' title='bbox 1163 1195 1266 1259; x_wconf 87' lang='lat' dir='ltr'>patrem</span> <span class='ocrx_word' id='word_1_88' title='bbox 1288 1188 1381 1240; x_wconf 88' lang='lat' dir='ltr'>histo-</span> 
     </span>
     <span class='ocr_line' id='line_1_10' title="bbox 219 1271 1381 1346; baseline -0.002 -19"><span class='ocrx_word' id='word_1_89' title='bbox 219 1271 223 1279; x_wconf 89' lang='grc'>’</span> <span class='ocrx_word' id='word_1_90' title='bbox 242 1276 299 1328; x_wconf 88' lang='lat' dir='ltr'>riae</span> <span class='ocrx_word' id='word_1_91' title='bbox 313 1275 467 1343; x_wconf 86' lang='lat' dir='ltr'>invehitur,</span> <span class='ocrx_word' id='word_1_92' title='bbox 493 1276 564 1328; x_wconf 89' lang='lat' dir='ltr'>hunc</span> <span class='ocrx_word' id='word_1_93' title='bbox 580 1276 739 1346; x_wconf 86' lang='lat' dir='ltr'>scriptorem</span> <span class='ocrx_word' id='word_1_94' title='bbox 756 1275 885 1328; x_wconf 80' lang='lat' dir='ltr'>malevolo</span> <span class='ocrx_word' id='word_1_95' title='bbox 904 1275 991 1328; x_wconf 90' lang='lat' dir='ltr'>animo</span> <span class='ocrx_word' id='word_1_96' title='bbox 1007 1275 1117 1327; x_wconf 89' lang='lat' dir='ltr'>ductum</span> <span class='ocrx_word' id='word_1_97' title='bbox 1132 1293 1177 1326; x_wconf 92' lang='lat' dir='ltr'>res</span> <span class='ocrx_word' id='word_1_98' title='bbox 1192 1274 1272 1326; x_wconf 88' lang='lat' dir='ltr'>aliter</span> <span class='ocrx_word' id='word_1_99' title='bbox 1289 1281 1381 1343; x_wconf 84' lang='lat' dir='ltr'>atque</span> 
     </span>
     <span class='ocr_line' id='line_1_11' title="bbox 243 1357 1381 1430; baseline -0.002 -18"><span class='ocrx_word' id='word_1_100' title='bbox 243 1361 393 1413; x_wconf 86' lang='lat' dir='ltr'>acciderint</span> <span class='ocrx_word' id='word_1_101' title='bbox 415 1360 562 1414; x_wconf 82' lang='lat' dir='ltr'>tradidisse</span> <span class='ocrx_word' id='word_1_102' title='bbox 584 1360 717 1429; x_wconf 88' lang='lat' dir='ltr'>clamans,</span> <span class='ocrx_word' id='word_1_103' title='bbox 745 1360 829 1413; x_wconf 87' lang='lat' dir='ltr'>multa</span> <span class='ocrx_word' id='word_1_104' title='bbox 849 1359 979 1430; x_wconf 82' lang='lat' dir='ltr'>finxisse,</span> <span class='ocrx_word' id='word_1_105' title='bbox 1000 1359 1053 1412; x_wconf 86' lang='lat' dir='ltr'>alia</span> <span class='ocrx_word' id='word_1_106' title='bbox 1073 1360 1210 1425; x_wconf 81' lang='lat' dir='ltr'>tacuisse,</span> <span class='ocrx_word' id='word_1_107' title='bbox 1237 1357 1299 1410; x_wconf 84' lang='lat' dir='ltr'>aliis</span> <span class='ocrx_word' id='word_1_108' title='bbox 1319 1357 1381 1410; x_wconf 85' lang='lat' dir='ltr'>lau-</span> 
     </span>
     <span class='ocr_line' id='line_1_12' title="bbox 243 1443 1382 1514; baseline -0.001 -18"><span class='ocrx_word' id='word_1_109' title='bbox 243 1445 301 1498; x_wconf 87' lang='lat' dir='ltr'>dem</span> <span class='ocrx_word' id='word_1_110' title='bbox 326 1444 474 1512; x_wconf 87' lang='lat' dir='ltr'>tribuisse,</span> <span class='ocrx_word' id='word_1_111' title='bbox 504 1445 618 1498; x_wconf 88' lang='lat' dir='ltr'>alioruni</span> <span class='ocrx_word' id='word_1_112' title='bbox 637 1446 749 1514; x_wconf 86' lang='lat' dir='ltr'>glorium</span> <span class='ocrx_word' id='word_1_113' title='bbox 771 1445 915 1498; x_wconf 81' lang='lat' dir='ltr'>insidiosis</span> <span class='ocrx_word' id='word_1_114' title='bbox 940 1444 1173 1498; x_wconf 74' lang='lat' dir='ltr'>criminationibus</span> <span class='ocrx_word' id='word_1_115' title='bbox 1198 1443 1382 1504; x_wconf 76' lang='lat' dir='ltr'>obscurasse,</span> 
     </span>
     <span class='ocr_line' id='line_1_13' title="bbox 242 1529 1382 1595; baseline -0.003 -13"><span class='ocrx_word' id='word_1_116' title='bbox 242 1531 302 1583; x_wconf 85' lang='lat' dir='ltr'>veri</span> <span class='ocrx_word' id='word_1_117' title='bbox 317 1529 423 1582; x_wconf 89' lang='lat' dir='ltr'>minime</span> <span class='ocrx_word' id='word_1_118' title='bbox 441 1530 588 1586; x_wconf 88' lang='lat' dir='ltr'>curiosum.</span> <span class='ocrx_word' id='word_1_119' title='bbox 624 1532 704 1594; x_wconf 82' lang='lat' dir='ltr'>Quae</span> <span class='ocrx_word' id='word_1_120' title='bbox 724 1530 813 1584; x_wconf 89' lang='lat' dir='ltr'>omnis</span> <span class='ocrx_word' id='word_1_121' title='bbox 834 1529 936 1582; x_wconf 91' lang='lat' dir='ltr'>nullius</span> <span class='ocrx_word' id='word_1_122' title='bbox 958 1531 1015 1584; x_wconf 87' lang='lat' dir='ltr'>iere</span> <span class='ocrx_word' id='word_1_123' title='bbox 1036 1529 1158 1582; x_wconf 87' lang='lat' dir='ltr'>momenti</span> <span class='ocrx_word' id='word_1_124' title='bbox 1174 1545 1251 1595; x_wconf 88' lang='lat' dir='ltr'>esse,</span> <span class='ocrx_word' id='word_1_125' title='bbox 1276 1529 1304 1580; x_wconf 90' lang='lat' dir='ltr'>in</span> <span class='ocrx_word' id='word_1_126' title='bbox 1329 1545 1382 1580; x_wconf 88' lang='lat' dir='ltr'>an-</span> 
     </span>
     <span class='ocr_line' id='line_1_14' title="bbox 242 1613 1383 1686; baseline 0 -20"><span class='ocrx_word' id='word_1_127' title='bbox 242 1615 382 1667; x_wconf 79' lang='lat' dir='ltr'>notatione</span> <span class='ocrx_word' id='word_1_128' title='bbox 396 1615 430 1666; x_wconf 88' lang='lat' dir='ltr'>ad</span> <span class='ocrx_word' id='word_1_129' title='bbox 445 1613 584 1684; x_wconf 90' lang='lat' dir='ltr'>singulos,</span> <span class='ocrx_word' id='word_1_130' title='bbox 600 1632 670 1686; x_wconf 93' lang='lat' dir='ltr'>quos</span> <span class='ocrx_word' id='word_1_131' title='bbox 685 1617 738 1668; x_wconf 86' lang='lat' dir='ltr'>iste</span> <span class='ocrx_word' id='word_1_132' title='bbox 753 1622 849 1668; x_wconf 88' lang='lat' dir='ltr'>auctor</span> <span class='ocrx_word' id='word_1_133' title='bbox 860 1614 963 1683; x_wconf 89' lang='lat' dir='ltr'>tangit,</span> <span class='ocrx_word' id='word_1_134' title='bbox 982 1615 1057 1668; x_wconf 90' lang='lat' dir='ltr'>locos</span> <span class='ocrx_word' id='word_1_135' title='bbox 1072 1613 1261 1683; x_wconf 73' lang='lat' dir='ltr'>probavimus,</span> <span class='ocrx_word' id='word_1_136' title='bbox 1284 1630 1383 1683; x_wconf 89' lang='lat' dir='ltr'>neque</span> 
     </span>
     <span class='ocr_line' id='line_1_15' title="bbox 243 1697 1384 1768; baseline 0 -18"><span class='ocrx_word' id='word_1_137' title='bbox 243 1699 366 1751; x_wconf 86' lang='lat' dir='ltr'>hocloco</span> <span class='ocrx_word' id='word_1_138' title='bbox 384 1699 449 1752; x_wconf 89' lang='lat' dir='ltr'>haec</span> <span class='ocrx_word' id='word_1_139' title='bbox 462 1700 612 1768; x_wconf 87' lang='lat' dir='ltr'>repetenda</span> <span class='ocrx_word' id='word_1_140' title='bbox 628 1701 799 1754; x_wconf 80' lang='lat' dir='ltr'>censuimuss</span> <span class='ocrx_word' id='word_1_141' title='bbox 821 1700 889 1753; x_wconf 92' lang='lat' dir='ltr'>adeo</span> <span class='ocrx_word' id='word_1_142' title='bbox 908 1700 978 1752; x_wconf 88' lang='lat' dir='ltr'>enisu</span> <span class='ocrx_word' id='word_1_143' title='bbox 994 1699 1138 1768; x_wconf 86' lang='lat' dir='ltr'>languida,</span> <span class='ocrx_word' id='word_1_144' title='bbox 1153 1698 1258 1766; x_wconf 83' lang='lat' dir='ltr'>sutilia,</span> <span class='ocrx_word' id='word_1_145' title='bbox 1280 1697 1384 1768; x_wconf 85' lang='lat' dir='ltr'>inepta</span> 
     </span>
     <span class='ocr_line' id='line_1_16' title="bbox 242 1783 1385 1854; baseline 0.001 -19"><span class='ocrx_word' id='word_1_146' title='bbox 242 1783 373 1852; x_wconf 86' lang='lat' dir='ltr'>pleraque</span> <span class='ocrx_word' id='word_1_147' title='bbox 391 1791 471 1850; x_wconf 90' lang='lat' dir='ltr'>sunt,</span> <span class='ocrx_word' id='word_1_148' title='bbox 494 1801 564 1854; x_wconf 85' lang='lat' dir='ltr'>quse</span> <span class='ocrx_word' id='word_1_149' title='bbox 580 1792 675 1838; x_wconf 88' lang='lat' dir='ltr'>contra</span> <span class='ocrx_word' id='word_1_150' title='bbox 691 1785 860 1838; x_wconf 89' lang='lat' dir='ltr'>Herodotum</span> <span class='ocrx_word' id='word_1_151' title='bbox 875 1785 991 1854; x_wconf 91' lang='lat' dir='ltr'>eiusque</span> <span class='ocrx_word' id='word_1_152' title='bbox 1008 1784 1087 1838; x_wconf 84' lang='lat' dir='ltr'>iidem</span> <span class='ocrx_word' id='word_1_153' title='bbox 1106 1785 1302 1853; x_wconf 78' lang='lat' dir='ltr'>proferuntur,</span> <span class='ocrx_word' id='word_1_154' title='bbox 1329 1801 1385 1836; x_wconf 81' lang='lat' dir='ltr'>nee</span> 
     </span>
     <span class='ocr_line' id='line_1_17' title="bbox 243 1867 1384 1940; baseline 0.002 -20"><span class='ocrx_word' id='word_1_155' title='bbox 243 1867 297 1920; x_wconf 93' lang='lat' dir='ltr'>ullo</span> <span class='ocrx_word' id='word_1_156' title='bbox 318 1869 395 1920; x_wconf 90' lang='lat' dir='ltr'>modo</span> <span class='ocrx_word' id='word_1_157' title='bbox 416 1869 499 1937; x_wconf 89' lang='lat' dir='ltr'>digna</span> <span class='ocrx_word' id='word_1_158' title='bbox 524 1869 570 1921; x_wconf 88' lang='lat' dir='ltr'>illa</span> <span class='ocrx_word' id='word_1_159' title='bbox 592 1870 700 1940; x_wconf 86' lang='lat' dir='ltr'>quidem</span> <span class='ocrx_word' id='word_1_160' title='bbox 723 1869 884 1940; x_wconf 91' lang='lat' dir='ltr'>philosopho</span> <span class='ocrx_word' id='word_1_161' title='bbox 905 1869 1108 1936; x_wconf 86' lang='lat' dir='ltr'>Chaeronensi,</span> <span class='ocrx_word' id='word_1_162' title='bbox 1135 1869 1183 1938; x_wconf 92' lang='lat' dir='ltr'>qui</span> <span class='ocrx_word' id='word_1_163' title='bbox 1212 1885 1266 1920; x_wconf 91' lang='lat' dir='ltr'>non</span> <span class='ocrx_word' id='word_1_164' title='bbox 1287 1867 1384 1922; x_wconf 87' lang='lat' dir='ltr'>solum</span> 
     </span>
     <span class='ocr_line' id='line_1_18' title="bbox 242 1953 1385 2025; baseline 0.003 -21"><span class='ocrx_word' id='word_1_165' title='bbox 242 1969 368 2006; x_wconf 85' lang='lat' dir='ltr'>summam</span> <span class='ocrx_word' id='word_1_166' title='bbox 383 1953 548 2020; x_wconf 87' lang='lat' dir='ltr'>doctrinam,</span> <span class='ocrx_word' id='word_1_167' title='bbox 570 1971 662 2008; x_wconf 86' lang='lat' dir='ltr'>verum</span> <span class='ocrx_word' id='word_1_168' title='bbox 678 1955 757 2007; x_wconf 90' lang='lat' dir='ltr'>etiam</span> <span class='ocrx_word' id='word_1_169' title='bbox 771 1955 907 2008; x_wconf 82' lang='lat' dir='ltr'>maximam</span> <span class='ocrx_word' id='word_1_170' title='bbox 921 1955 1047 2025; x_wconf 86' lang='lat' dir='ltr'>pietatem</span> <span class='ocrx_word' id='word_1_171' title='bbox 1061 1954 1228 2023; x_wconf 83' lang='lat' dir='ltr'>deorumque</span> <span class='ocrx_word' id='word_1_172' title='bbox 1243 1969 1385 2006; x_wconf 83' lang='lat' dir='ltr'>reseren-</span> 
     </span>
     <span class='ocr_line' id='line_1_19' title="bbox 242 2037 1385 2110; baseline 0.002 -20"><span class='ocrx_word' id='word_1_173' title='bbox 242 2039 305 2090; x_wconf 88' lang='lat' dir='ltr'>tism</span> <span class='ocrx_word' id='word_1_174' title='bbox 326 2039 353 2090; x_wconf 91' lang='lat' dir='ltr'>iu</span> <span class='ocrx_word' id='word_1_175' title='bbox 375 2039 499 2091; x_wconf 87' lang='lat' dir='ltr'>omnibus</span> <span class='ocrx_word' id='word_1_176' title='bbox 513 2055 579 2109; x_wconf 87' lang='lat' dir='ltr'>prae</span> <span class='ocrx_word' id='word_1_177' title='bbox 594 2058 625 2094; x_wconf 91' lang='lat' dir='ltr'>se</span> <span class='ocrx_word' id='word_1_178' title='bbox 641 2041 696 2092; x_wconf 87' lang='lat' dir='ltr'>fert</span> <span class='ocrx_word' id='word_1_179' title='bbox 711 2057 797 2110; x_wconf 86' lang='lat' dir='ltr'>eaque</span> <span class='ocrx_word' id='word_1_180' title='bbox 813 2059 843 2094; x_wconf 92' lang='lat' dir='ltr'>re</span> <span class='ocrx_word' id='word_1_181' title='bbox 859 2040 902 2094; x_wconf 82' lang='lat' dir='ltr'>rel</span> <span class='ocrx_word' id='word_1_182' title='bbox 916 2039 1031 2110; x_wconf 89' lang='lat' dir='ltr'>propius</span> <span class='ocrx_word' id='word_1_183' title='bbox 1045 2039 1151 2092; x_wconf 85' lang='lat' dir='ltr'>accedit</span> <span class='ocrx_word' id='word_1_184' title='bbox 1165 2039 1199 2090; x_wconf 89' lang='lat' dir='ltr'>ad</span> <span class='ocrx_word' id='word_1_185' title='bbox 1213 2038 1306 2106; x_wconf 85' lang='lat' dir='ltr'>ipsum</span> <span class='ocrx_word' id='word_1_186' title='bbox 1322 2037 1385 2092; x_wconf 90' lang='lat' dir='ltr'>He-</span> 
     </span>
     <span class='ocr_line' id='line_1_20' title="bbox 242 2123 1385 2194; baseline 0 -18"><span class='ocrx_word' id='word_1_187' title='bbox 242 2124 382 2192; x_wconf 89' lang='lat' dir='ltr'>rodotum,</span> <span class='ocrx_word' id='word_1_188' title='bbox 403 2123 541 2176; x_wconf 88' lang='lat' dir='ltr'>sentiendi</span> <span class='ocrx_word' id='word_1_189' title='bbox 562 2132 590 2177; x_wconf 92' lang='lat' dir='ltr'>et</span> <span class='ocrx_word' id='word_1_190' title='bbox 609 2125 747 2194; x_wconf 87' lang='lat' dir='ltr'>cogitandi</span> <span class='ocrx_word' id='word_1_191' title='bbox 768 2125 900 2178; x_wconf 88' lang='lat' dir='ltr'>rationem</span> <span class='ocrx_word' id='word_1_192' title='bbox 918 2125 960 2178; x_wconf 84' lang='lat' dir='ltr'>vel</span> <span class='ocrx_word' id='word_1_193' title='bbox 981 2126 1008 2176; x_wconf 91' lang='lat' dir='ltr'>in</span> <span class='ocrx_word' id='word_1_194' title='bbox 1025 2125 1136 2178; x_wconf 80' lang='lat' dir='ltr'>maxima</span> <span class='ocrx_word' id='word_1_195' title='bbox 1151 2131 1301 2192; x_wconf 86' lang='lat' dir='ltr'>temporum</span> <span class='ocrx_word' id='word_1_196' title='bbox 1321 2123 1385 2176; x_wconf 90' lang='lat' dir='ltr'>dis·</span> 
     </span>
     <span class='ocr_line' id='line_1_21' title="bbox 242 2208 1386 2280; baseline 0 -20"><span class='ocrx_word' id='word_1_197' title='bbox 242 2209 383 2280; x_wconf 79' lang='lat' dir='ltr'>crepantia</span> <span class='ocrx_word' id='word_1_198' title='bbox 404 2208 429 2260; x_wconf 90' lang='lat' dir='ltr'>si</span> <span class='ocrx_word' id='word_1_199' title='bbox 450 2209 596 2278; x_wconf 87' lang='lat' dir='ltr'>respicias:</span> <span class='ocrx_word' id='word_1_200' title='bbox 624 2212 658 2262; x_wconf 88' lang='lat' dir='ltr'>ab</span> <span class='ocrx_word' id='word_1_201' title='bbox 675 2211 725 2262; x_wconf 92' lang='lat' dir='ltr'>hoc</span> <span class='ocrx_word' id='word_1_202' title='bbox 739 2210 825 2279; x_wconf 88' lang='lat' dir='ltr'>igitur</span> <span class='ocrx_word' id='word_1_203' title='bbox 839 2211 911 2263; x_wconf 91' lang='lat' dir='ltr'>hunc</span> <span class='ocrx_word' id='word_1_204' title='bbox 930 2209 1049 2262; x_wconf 88' lang='lat' dir='ltr'>libellum</span> <span class='ocrx_word' id='word_1_205' title='bbox 1064 2209 1247 2278; x_wconf 83' lang='lat' dir='ltr'>conscriptum</span> <span class='ocrx_word' id='word_1_206' title='bbox 1264 2225 1333 2261; x_wconf 86' lang='lat' dir='ltr'>esse</span> <span class='ocrx_word' id='word_1_207' title='bbox 1352 2219 1386 2262; x_wconf 90' lang='lat' dir='ltr'>ut</span> 
     </span>
     <span class='ocr_line' id='line_1_22' title="bbox 242 2293 1386 2366; baseline 0.001 -20"><span class='ocrx_word' id='word_1_208' title='bbox 242 2293 364 2362; x_wconf 88' lang='lat' dir='ltr'>credam,</span> <span class='ocrx_word' id='word_1_209' title='bbox 389 2311 405 2346; x_wconf 86' lang='lat' dir='ltr'>a</span> <span class='ocrx_word' id='word_1_210' title='bbox 419 2311 461 2347; x_wconf 89' lang='lat' dir='ltr'>me</span> <span class='ocrx_word' id='word_1_211' title='bbox 475 2295 620 2365; x_wconf 88' lang='lat' dir='ltr'>impetrare</span> <span class='ocrx_word' id='word_1_212' title='bbox 634 2313 758 2366; x_wconf 83' lang='lat' dir='ltr'>nequeo,</span> <span class='ocrx_word' id='word_1_213' title='bbox 776 2295 875 2364; x_wconf 87' lang='lat' dir='ltr'>idque,</span> <span class='ocrx_word' id='word_1_214' title='bbox 897 2301 927 2348; x_wconf 89' lang='lat' dir='ltr'>ut</span> <span class='ocrx_word' id='word_1_215' title='bbox 941 2303 1043 2348; x_wconf 84' lang='lat' dir='ltr'>taceam</span> <span class='ocrx_word' id='word_1_216' title='bbox 1058 2295 1091 2348; x_wconf 92' lang='lat' dir='ltr'>de</span> <span class='ocrx_word' id='word_1_217' title='bbox 1107 2294 1157 2362; x_wconf 89' lang='lat' dir='ltr'>iis,</span> <span class='ocrx_word' id='word_1_218' title='bbox 1175 2309 1245 2362; x_wconf 88' lang='lat' dir='ltr'>quae</span> <span class='ocrx_word' id='word_1_219' title='bbox 1264 2293 1299 2346; x_wconf 91' lang='lat' dir='ltr'>ad</span> <span class='ocrx_word' id='word_1_220' title='bbox 1321 2295 1386 2347; x_wconf 85' lang='lat' dir='ltr'>sirr-</span> 
     </span>
     <span class='ocr_line' id='line_1_23' title="bbox 242 2378 1385 2450; baseline 0 -18"><span class='ocrx_word' id='word_1_221' title='bbox 242 2379 322 2448; x_wconf 88' lang='lat' dir='ltr'>gulos</span> <span class='ocrx_word' id='word_1_222' title='bbox 338 2379 471 2432; x_wconf 85' lang='lat' dir='ltr'>Herodoti</span> <span class='ocrx_word' id='word_1_223' title='bbox 490 2380 565 2433; x_wconf 90' lang='lat' dir='ltr'>locos</span> <span class='ocrx_word' id='word_1_224' title='bbox 585 2381 612 2434; x_wconf 88' lang='lat' dir='ltr'>in</span> <span class='ocrx_word' id='word_1_225' title='bbox 634 2382 683 2434; x_wconf 85' lang='lat' dir='ltr'>hac</span> <span class='ocrx_word' id='word_1_226' title='bbox 699 2380 818 2433; x_wconf 89' lang='lat' dir='ltr'>editione</span> <span class='ocrx_word' id='word_1_227' title='bbox 837 2385 967 2432; x_wconf 85' lang='lat' dir='ltr'>annotata</span> <span class='ocrx_word' id='word_1_228' title='bbox 985 2379 1115 2448; x_wconf 88' lang='lat' dir='ltr'>leguntur</span> <span class='ocrx_word' id='word_1_229' title='bbox 1134 2380 1184 2450; x_wconf 87' lang='lat' dir='ltr'>(ci.</span> <span class='ocrx_word' id='word_1_230' title='bbox 1202 2378 1385 2447; x_wconf 85' lang='lat' dir='ltr'>potissimum</span> 
     </span>
     <span class='ocr_line' id='line_1_24' title="bbox 243 2463 1385 2536; baseline 0 -20"><span class='ocrx_word' id='word_1_231' title='bbox 243 2471 311 2522; x_wconf 83' lang='lat' dir='ltr'>nott.</span> <span class='ocrx_word' id='word_1_232' title='bbox 326 2463 360 2517; x_wconf 88' lang='lat' dir='ltr'>ad</span> <span class='ocrx_word' id='word_1_233' title='bbox 376 2463 441 2516; x_wconf 90' lang='lat' dir='ltr'>Vlll</span> <span class='ocrx_word' id='word_1_234' title='bbox 450 2507 457 2536; x_wconf 95' lang='lat'>,</span> <span class='ocrx_word' id='word_1_235' title='bbox 473 2467 535 2534; x_wconf 80' lang='lat'>94),</span> <span class='ocrx_word' id='word_1_236' title='bbox 557 2465 608 2520; x_wconf 86' lang='lat' dir='ltr'>iarn</span> <span class='ocrx_word' id='word_1_237' title='bbox 622 2466 675 2520; x_wconf 86' lang='lat' dir='ltr'>alio</span> <span class='ocrx_word' id='word_1_238' title='bbox 692 2465 751 2518; x_wconf 92' lang='lat' dir='ltr'>loco</span> <span class='ocrx_word' id='word_1_239' title='bbox 759 2465 789 2533; x_wconf 83' lang='lat'>*)</span> <span class='ocrx_word' id='word_1_240' title='bbox 812 2465 895 2518; x_wconf 88' lang='lat' dir='ltr'>libere</span> <span class='ocrx_word' id='word_1_241' title='bbox 910 2465 1055 2535; x_wconf 77' lang='lat' dir='ltr'>professus</span> <span class='ocrx_word' id='word_1_242' title='bbox 1072 2480 1132 2516; x_wconf 92' lang='lat' dir='ltr'>sum</span> <span class='ocrx_word' id='word_1_243' title='bbox 1147 2463 1321 2531; x_wconf 79' lang='lat' dir='ltr'>argumentis</span> <span class='ocrx_word' id='word_1_244' title='bbox 1342 2465 1385 2516; x_wconf 87' lang='lat' dir='ltr'>al-</span> 
     </span>
     <span class='ocr_line' id='line_1_25' title="bbox 242 2547 1385 2619; baseline 0.003 -19"><span class='ocrx_word' id='word_1_245' title='bbox 242 2548 319 2617; x_wconf 90' lang='lat' dir='ltr'>latis,</span> <span class='ocrx_word' id='word_1_246' title='bbox 334 2549 381 2602; x_wconf 91' lang='lat' dir='ltr'>ubi</span> <span class='ocrx_word' id='word_1_247' title='bbox 396 2549 516 2603; x_wconf 88' lang='lat' dir='ltr'>disserui</span> <span class='ocrx_word' id='word_1_248' title='bbox 531 2551 565 2602; x_wconf 89' lang='lat' dir='ltr'>de</span> <span class='ocrx_word' id='word_1_249' title='bbox 580 2552 649 2604; x_wconf 87' lang='lat' dir='ltr'>libro</span> <span class='ocrx_word' id='word_1_250' title='bbox 666 2547 892 2618; x_wconf 77' lang='lat' dir='ltr'>Lahmeyeri*‘),</span> <span class='ocrx_word' id='word_1_251' title='bbox 916 2549 963 2619; x_wconf 91' lang='lat' dir='ltr'>qui</span> <span class='ocrx_word' id='word_1_252' title='bbox 980 2549 1022 2602; x_wconf 84' lang='lat' dir='ltr'>vir</span> <span class='ocrx_word' id='word_1_253' title='bbox 1036 2549 1134 2601; x_wconf 86' lang='lat' dir='ltr'>ductus</span> <span class='ocrx_word' id='word_1_254' title='bbox 1151 2547 1184 2600; x_wconf 92' lang='lat' dir='ltr'>de</span> <span class='ocrx_word' id='word_1_255' title='bbox 1201 2547 1385 2616; x_wconf 85' lang='lat' dir='ltr'>singulorum</span> 
     </span>
     <span class='ocr_line' id='line_1_26' title="bbox 242 2633 1386 2689; baseline 0.003 -5"><span class='ocrx_word' id='word_1_256' title='bbox 242 2634 382 2687; x_wconf 88' lang='lat' dir='ltr'>criminum</span> <span class='ocrx_word' id='word_1_257' title='bbox 396 2651 412 2686; x_wconf 90' lang='lat' dir='ltr'>a</span> <span class='ocrx_word' id='word_1_258' title='bbox 426 2633 573 2688; x_wconf 88' lang='lat' dir='ltr'>Plutarcho</span> <span class='ocrx_word' id='word_1_259' title='bbox 594 2636 737 2689; x_wconf 85' lang='lat' dir='ltr'>allatorum</span> <span class='ocrx_word' id='word_1_260' title='bbox 757 2636 783 2687; x_wconf 84' lang='lat' dir='ltr'>vi</span> <span class='ocrx_word' id='word_1_261' title='bbox 804 2643 832 2686; x_wconf 89' lang='lat' dir='ltr'>et</span> <span class='ocrx_word' id='word_1_262' title='bbox 848 2634 1011 2686; x_wconf 86' lang='lat' dir='ltr'>auctoritate</span> <span class='ocrx_word' id='word_1_263' title='bbox 1027 2634 1148 2687; x_wconf 85' lang='lat' dir='ltr'>examine</span> <span class='ocrx_word' id='word_1_264' title='bbox 1168 2633 1386 2687; x_wconf 83' lang='lat' dir='ltr'>accuratissimo</span> 
     </span>
     <span class='ocr_line' id='line_1_27' title="bbox 242 2717 1388 2789; baseline 0.003 -20"><span class='ocrx_word' id='word_1_265' title='bbox 242 2717 369 2772; x_wconf 86' lang='lat' dir='ltr'>instituto</span> <span class='ocrx_word' id='word_1_266' title='bbox 379 2717 436 2788; x_wconf 68' lang='lat' dir='ltr'>m)</span> <span class='ocrx_word' id='word_1_267' title='bbox 464 2719 562 2789; x_wconf 92' lang='lat' dir='ltr'>optime</span> <span class='ocrx_word' id='word_1_268' title='bbox 590 2719 686 2788; x_wconf 80' lang='lat' dir='ltr'>evicit,</span> <span class='ocrx_word' id='word_1_269' title='bbox 713 2718 940 2786; x_wconf 83' lang='lat' dir='ltr'>malevolentiam,</span> <span class='ocrx_word' id='word_1_270' title='bbox 969 2719 1048 2770; x_wconf 91' lang='lat' dir='ltr'>cuius</span> <span class='ocrx_word' id='word_1_271' title='bbox 1068 2718 1237 2771; x_wconf 84' lang='lat' dir='ltr'>Herodotum</span> <span class='ocrx_word' id='word_1_272' title='bbox 1265 2717 1388 2772; x_wconf 86' lang='lat' dir='ltr'>incusat</span> 
     </span>
     <span class='ocr_line' id='line_1_28' title="bbox 243 2802 1385 2874; baseline 0.004 -21"><span class='ocrx_word' id='word_1_273' title='bbox 243 2802 325 2856; x_wconf 92' lang='lat' dir='ltr'>libelli</span> <span class='ocrx_word' id='word_1_274' title='bbox 340 2811 450 2868; x_wconf 83' lang='lat' dir='ltr'>auctor,</span> <span class='ocrx_word' id='word_1_275' title='bbox 472 2813 703 2860; x_wconf 89' lang='lat' dir='ltr'>commonstratarn</span> <span class='ocrx_word' id='word_1_276' title='bbox 724 2807 758 2858; x_wconf 88' lang='lat' dir='ltr'>ab</span> <span class='ocrx_word' id='word_1_277' title='bbox 778 2823 810 2857; x_wconf 89' lang='lat' dir='ltr'>eo</span> <span class='ocrx_word' id='word_1_278' title='bbox 831 2803 938 2856; x_wconf 87' lang='lat' dir='ltr'>idoneis</span> <span class='ocrx_word' id='word_1_279' title='bbox 958 2805 1127 2872; x_wconf 84' lang='lat' dir='ltr'>argumentis</span> <span class='ocrx_word' id='word_1_280' title='bbox 1150 2819 1284 2874; x_wconf 89' lang='lat' dir='ltr'>nusquam</span> <span class='ocrx_word' id='word_1_281' title='bbox 1302 2821 1385 2872; x_wconf 87' lang='lat' dir='ltr'>esse,</span> 
     </span>
     <span class='ocr_line' id='line_1_29' title="bbox 242 2887 1385 2960; baseline 0.003 -21"><span class='ocrx_word' id='word_1_282' title='bbox 242 2903 327 2956; x_wconf 88' lang='lat' dir='ltr'>quare</span> <span class='ocrx_word' id='word_1_283' title='bbox 345 2887 418 2957; x_wconf 92' lang='lat' dir='ltr'>qood</span> <span class='ocrx_word' id='word_1_284' title='bbox 433 2888 466 2940; x_wconf 91' lang='lat' dir='ltr'>ad</span> <span class='ocrx_word' id='word_1_285' title='bbox 481 2889 570 2959; x_wconf 89' lang='lat' dir='ltr'>ipsum</span> <span class='ocrx_word' id='word_1_286' title='bbox 585 2889 728 2960; x_wconf 88' lang='lat' dir='ltr'>scriptoris</span> <span class='ocrx_word' id='word_1_287' title='bbox 743 2888 885 2942; x_wconf 87' lang='lat' dir='ltr'>consilium</span> <span class='ocrx_word' id='word_1_288' title='bbox 903 2895 1024 2958; x_wconf 88' lang='lat' dir='ltr'>spectat,</span> <span class='ocrx_word' id='word_1_289' title='bbox 1040 2887 1126 2941; x_wconf 88' lang='lat' dir='ltr'>totius</span> <span class='ocrx_word' id='word_1_290' title='bbox 1141 2887 1237 2957; x_wconf 91' lang='lat' dir='ltr'>scripti</span> <span class='ocrx_word' id='word_1_291' title='bbox 1253 2893 1385 2942; x_wconf 88' lang='lat' dir='ltr'>auctori-</span> 
     </span>
     <span class='ocr_line' id='line_1_30' title="bbox 241 2972 1385 3042; baseline 0.003 -19"><span class='ocrx_word' id='word_1_292' title='bbox 241 2979 323 3024; x_wconf 88' lang='lat' dir='ltr'>tatem</span> <span class='ocrx_word' id='word_1_293' title='bbox 339 2987 455 3042; x_wconf 91' lang='lat' dir='ltr'>prorsus</span> <span class='ocrx_word' id='word_1_294' title='bbox 470 2991 613 3042; x_wconf 89' lang='lat' dir='ltr'>corruere,</span> <span class='ocrx_word' id='word_1_295' title='bbox 630 2975 697 3027; x_wconf 84' lang='lat' dir='ltr'>adeo</span> <span class='ocrx_word' id='word_1_296' title='bbox 713 2982 743 3028; x_wconf 90' lang='lat' dir='ltr'>ut</span> <span class='ocrx_word' id='word_1_297' title='bbox 756 2993 771 3028; x_wconf 88' lang='lat' dir='ltr'>a</span> <span class='ocrx_word' id='word_1_298' title='bbox 786 2973 961 3041; x_wconf 76' lang='lat' dir='ltr'>malignitatis</span> <span class='ocrx_word' id='word_1_299' title='bbox 977 2973 1086 3026; x_wconf 88' lang='lat' dir='ltr'>crimine</span> <span class='ocrx_word' id='word_1_300' title='bbox 1106 2989 1182 3026; x_wconf 92' lang='lat' dir='ltr'>nemo</span> <span class='ocrx_word' id='word_1_301' title='bbox 1199 2972 1297 3042; x_wconf 89' lang='lat' dir='ltr'>purior</span> <span class='ocrx_word' id='word_1_302' title='bbox 1314 2991 1385 3028; x_wconf 87' lang='lat' dir='ltr'>esse</span> 
     </span>
     <span class='ocr_line' id='line_1_31' title="bbox 242 3057 1383 3133; baseline 0.004 -26"><span class='ocrx_word' id='word_1_303' title='bbox 242 3057 331 3126; x_wconf 87' lang='lat' dir='ltr'>possit</span> <span class='ocrx_word' id='word_1_304' title='bbox 345 3073 425 3126; x_wconf 86' lang='lat' dir='ltr'>quam</span> <span class='ocrx_word' id='word_1_305' title='bbox 441 3065 518 3126; x_wconf 88' lang='lat' dir='ltr'>pater</span> <span class='ocrx_word' id='word_1_306' title='bbox 531 3059 661 3112; x_wconf 81' lang='lat' dir='ltr'>historiae</span> <span class='ocrx_word' id='word_1_307' title='bbox 672 3057 716 3133; x_wconf 82' lang='lat'>†)=</span> <span class='ocrx_word' id='word_1_308' title='bbox 739 3067 853 3112; x_wconf 85' lang='lat' dir='ltr'>attamen</span> <span class='ocrx_word' id='word_1_309' title='bbox 867 3057 989 3111; x_wconf 85' lang='lat' dir='ltr'>idoneam</span> <span class='ocrx_word' id='word_1_310' title='bbox 1002 3075 1110 3112; x_wconf 87' lang='lat' dir='ltr'>causam</span> <span class='ocrx_word' id='word_1_311' title='bbox 1121 3058 1190 3110; x_wconf 85' lang='lat' dir='ltr'>idem</span> <span class='ocrx_word' id='word_1_312' title='bbox 1201 3075 1264 3110; x_wconf 88' lang='lat' dir='ltr'>esse</span> <span class='ocrx_word' id='word_1_313' title='bbox 1280 3069 1383 3127; x_wconf 86' lang='lat' dir='ltr'>negat,</span> 
     </span>
     <span class='ocr_line' id='line_1_32' title="bbox 242 3141 1384 3214; baseline 0.005 -22"><span class='ocrx_word' id='word_1_314' title='bbox 242 3157 291 3193; x_wconf 91' lang='lat' dir='ltr'>our</span> <span class='ocrx_word' id='word_1_315' title='bbox 315 3143 369 3194; x_wconf 89' lang='lat' dir='ltr'>iste</span> <span class='ocrx_word' id='word_1_316' title='bbox 391 3141 498 3196; x_wconf 91' lang='lat' dir='ltr'>libellus</span> <span class='ocrx_word' id='word_1_317' title='bbox 520 3145 692 3197; x_wconf 87' lang='lat' dir='ltr'>abiudicetur</span> <span class='ocrx_word' id='word_1_318' title='bbox 711 3144 873 3210; x_wconf 83' lang='lat' dir='ltr'>Plutarcho,</span> <span class='ocrx_word' id='word_1_319' title='bbox 901 3143 948 3212; x_wconf 91' lang='lat' dir='ltr'>qui</span> <span class='ocrx_word' id='word_1_320' title='bbox 970 3144 1075 3214; x_wconf 86' lang='lat' dir='ltr'>patriae</span> <span class='ocrx_word' id='word_1_321' title='bbox 1097 3160 1186 3196; x_wconf 86' lang='lat' dir='ltr'>amore</span> <span class='ocrx_word' id='word_1_322' title='bbox 1209 3143 1384 3198; x_wconf 88' lang='lat' dir='ltr'>obcoecatus</span> 
     </span>
     <span class='ocr_line' id='line_1_33' title="bbox 242 3225 1384 3300; baseline 0.003 -23"><span class='ocrx_word' id='word_1_323' title='bbox 242 3225 359 3296; x_wconf 88' lang='lat' dir='ltr'>aliisque</span> <span class='ocrx_word' id='word_1_324' title='bbox 373 3229 550 3298; x_wconf 87' lang='lat' dir='ltr'>praepeditus</span> <span class='ocrx_word' id='word_1_325' title='bbox 565 3229 742 3300; x_wconf 85' lang='lat' dir='ltr'>opinionibus</span> <span class='ocrx_word' id='word_1_326' title='bbox 757 3229 785 3282; x_wconf 91' lang='lat' dir='ltr'>in</span> <span class='ocrx_word' id='word_1_327' title='bbox 803 3228 948 3282; x_wconf 89' lang='lat' dir='ltr'>scribendo</span> <span class='ocrx_word' id='word_1_328' title='bbox 961 3235 1003 3281; x_wconf 89' lang='lat' dir='ltr'>tot</span> <span class='ocrx_word' id='word_1_329' title='bbox 1015 3234 1163 3297; x_wconf 86' lang='lat' dir='ltr'>tantosque</span> <span class='ocrx_word' id='word_1_330' title='bbox 1178 3245 1288 3280; x_wconf 86' lang='lat' dir='ltr'>errores</span> <span class='ocrx_word' id='word_1_331' title='bbox 1305 3245 1384 3280; x_wconf 85' lang='lat' dir='ltr'>conr-</span> 
     </span>
     <span class='ocr_line' id='line_1_34' title="bbox 241 3311 1382 3386; baseline 0.002 -22"><span class='ocrx_word' id='word_1_332' title='bbox 241 3311 347 3364; x_wconf 85' lang='lat' dir='ltr'>mittere</span> <span class='ocrx_word' id='word_1_333' title='bbox 368 3319 450 3384; x_wconf 89' lang='lat' dir='ltr'>atque</span> <span class='ocrx_word' id='word_1_334' title='bbox 475 3313 503 3366; x_wconf 90' lang='lat' dir='ltr'>in</span> <span class='ocrx_word' id='word_1_335' title='bbox 529 3314 658 3368; x_wconf 87' lang='lat' dir='ltr'>historiae</span> <span class='ocrx_word' id='word_1_336' title='bbox 681 3323 783 3386; x_wconf 87' lang='lat' dir='ltr'>patrem</span> <span class='ocrx_word' id='word_1_337' title='bbox 807 3321 859 3366; x_wconf 90' lang='lat' dir='ltr'>tam</span> <span class='ocrx_word' id='word_1_338' title='bbox 880 3313 982 3368; x_wconf 91' lang='lat' dir='ltr'>iniuste</span> <span class='ocrx_word' id='word_1_339' title='bbox 1003 3312 1094 3366; x_wconf 84' lang='lat' dir='ltr'>invehi</span> <span class='ocrx_word' id='word_1_340' title='bbox 1114 3312 1244 3381; x_wconf 86' lang='lat' dir='ltr'>potuerit.</span> <span class='ocrx_word' id='word_1_341' title='bbox 1291 3312 1382 3376; x_wconf 80' lang='lat' dir='ltr'>Quod</span> 
     </span>
     <span class='ocr_line' id='line_1_35' title="bbox 242 3395 1383 3470; baseline 0.004 -22"><span class='ocrx_word' id='word_1_342' title='bbox 242 3395 304 3448; x_wconf 91' lang='lat' dir='ltr'>mihi</span> <span class='ocrx_word' id='word_1_343' title='bbox 322 3397 531 3469; x_wconf 87' lang='lat' dir='ltr'>haudquaquam</span> <span class='ocrx_word' id='word_1_344' title='bbox 549 3401 688 3470; x_wconf 86' lang='lat' dir='ltr'>persuasit</span> <span class='ocrx_word' id='word_1_345' title='bbox 704 3401 746 3453; x_wconf 84' lang='lat' dir='ltr'>vir</span> <span class='ocrx_word' id='word_1_346' title='bbox 766 3399 879 3452; x_wconf 81' lang='lat' dir='ltr'>doctuss</span> <span class='ocrx_word' id='word_1_347' title='bbox 910 3415 961 3452; x_wconf 87' lang='lat' dir='ltr'>nec</span> <span class='ocrx_word' id='word_1_348' title='bbox 983 3397 1068 3466; x_wconf 84' lang='lat' dir='ltr'>magis</span> <span class='ocrx_word' id='word_1_349' title='bbox 1088 3397 1149 3450; x_wconf 89' lang='lat' dir='ltr'>mihi</span> <span class='ocrx_word' id='word_1_350' title='bbox 1173 3409 1383 3466; x_wconf 85' lang='lat' dir='ltr'>persuaserunt</span> 
     </span>
     <span class='ocr_line' id='line_1_36' title="bbox 242 3481 1384 3556; baseline 0.004 -24"><span class='ocrx_word' id='word_1_351' title='bbox 242 3481 363 3551; x_wconf 85' lang='lat' dir='ltr'>alii††),</span> <span class='ocrx_word' id='word_1_352' title='bbox 379 3483 427 3554; x_wconf 92' lang='lat' dir='ltr'>qui</span> <span class='ocrx_word' id='word_1_353' title='bbox 444 3502 459 3538; x_wconf 87' lang='lat' dir='ltr'>e</span> <span class='ocrx_word' id='word_1_354' title='bbox 478 3485 545 3538; x_wconf 90' lang='lat' dir='ltr'>malo</span> <span class='ocrx_word' id='word_1_355' title='bbox 561 3484 684 3555; x_wconf 80' lang='lat' dir='ltr'>adeoque</span> <span class='ocrx_word' id='word_1_356' title='bbox 698 3503 830 3556; x_wconf 83' lang='lat' dir='ltr'>perverso</span> <span class='ocrx_word' id='word_1_357' title='bbox 850 3483 954 3553; x_wconf 86' lang='lat' dir='ltr'>patriae</span> <span class='ocrx_word' id='word_1_358' title='bbox 969 3501 1074 3551; x_wconf 85' lang='lat' dir='ltr'>amors,</span> <span class='ocrx_word' id='word_1_359' title='bbox 1098 3500 1153 3554; x_wconf 91' lang='lat' dir='ltr'>quo</span> <span class='ocrx_word' id='word_1_360' title='bbox 1171 3489 1268 3552; x_wconf 90' lang='lat' dir='ltr'>captos</span> <span class='ocrx_word' id='word_1_361' title='bbox 1289 3483 1384 3536; x_wconf 81' lang='lat' dir='ltr'>fuerit</span> 
     </span>
     <span class='ocr_line' id='line_1_37' title="bbox 242 3565 1382 3642; baseline 0.004 -26"><span class='ocrx_word' id='word_1_362' title='bbox 242 3565 422 3636; x_wconf 80' lang='lat' dir='ltr'>Plutarchus,</span> <span class='ocrx_word' id='word_1_363' title='bbox 438 3587 470 3622; x_wconf 90' lang='lat' dir='ltr'>ea</span> <span class='ocrx_word' id='word_1_364' title='bbox 484 3571 609 3624; x_wconf 85' lang='lat' dir='ltr'>derivare</span> <span class='ocrx_word' id='word_1_365' title='bbox 624 3571 786 3639; x_wconf 84' lang='lat' dir='ltr'>voluerunt,</span> <span class='ocrx_word' id='word_1_366' title='bbox 802 3587 873 3642; x_wconf 88' lang='lat' dir='ltr'>quae</span> <span class='ocrx_word' id='word_1_367' title='bbox 888 3569 950 3622; x_wconf 90' lang='lat' dir='ltr'>mihi</span> <span class='ocrx_word' id='word_1_368' title='bbox 963 3569 1069 3640; x_wconf 88' lang='lat' dir='ltr'>quidem</span> <span class='ocrx_word' id='word_1_369' title='bbox 1088 3573 1165 3620; x_wconf 89' lang='lat' dir='ltr'>tanto</span> <span class='ocrx_word' id='word_1_370' title='bbox 1179 3566 1239 3620; x_wconf 78' lang='lat' dir='ltr'>uiro</span> <span class='ocrx_word' id='word_1_371' title='bbox 1256 3585 1382 3637; x_wconf 91' lang='lat' dir='ltr'>prorsus</span> 
     </span>
    </p>
   </div>
   <div class='ocr_carea' id='block_1_4' title="bbox 241 3751 1381 4495">
    <p class='ocr_par' dir='ltr' id='par_1_4' title="bbox 308 3751 992 3819">
     <span class='ocr_line' id='line_1_38' title="bbox 308 3751 992 3819; baseline -0.004 -15"><span class='ocrx_word' id='word_1_372' title='bbox 308 3751 336 3816; x_wconf 70' lang='lat'>⁴¹)</span> <span class='ocrx_word' id='word_1_373' title='bbox 354 3753 467 3804; x_wconf 88' lang='lat' dir='ltr'>Jahrbb.</span> <span class='ocrx_word' id='word_1_374' title='bbox 482 3753 500 3804; x_wconf 84' lang='lat' dir='ltr'>f.</span> <span class='ocrx_word' id='word_1_375' title='bbox 513 3751 646 3819; x_wconf 82' lang='lat' dir='ltr'>Philolog.</span> <span class='ocrx_word' id='word_1_376' title='bbox 659 3753 719 3804; x_wconf 92' lang='lat' dir='ltr'>Vol.</span> <span class='ocrx_word' id='word_1_377' title='bbox 732 3753 803 3803; x_wconf 91' lang='lat' dir='ltr'>LIV.</span> <span class='ocrx_word' id='word_1_378' title='bbox 817 3769 842 3818; x_wconf 91' lang='lat' dir='ltr'>p.</span> <span class='ocrx_word' id='word_1_379' title='bbox 859 3751 906 3802; x_wconf 85' lang='lat' dir='ltr'>lto</span> <span class='ocrx_word' id='word_1_380' title='bbox 918 3765 992 3818; x_wconf 83' lang='lat' dir='ltr'>seqq.</span> 
     </span>
    </p>

    <p class='ocr_par' dir='ltr' id='par_1_5' title="bbox 243 3817 1381 4006">
     <span class='ocr_line' id='line_1_39' title="bbox 308 3817 1381 3886; baseline 0 -16"><span class='ocrx_word' id='word_1_381' title='bbox 308 3817 350 3884; x_wconf 59' lang='grc' dir='ltr'>*ἢ</span> <span class='ocrx_word' id='word_1_382' title='bbox 368 3823 409 3871; x_wconf 89' lang='lat' dir='ltr'>De</span> <span class='ocrx_word' id='word_1_383' title='bbox 426 3821 514 3872; x_wconf 87' lang='lat' dir='ltr'>libelli</span> <span class='ocrx_word' id='word_1_384' title='bbox 532 3821 691 3872; x_wconf 86' lang='lat' dir='ltr'>Plutarchei</span> <span class='ocrx_word' id='word_1_385' title='bbox 713 3823 759 3886; x_wconf 91' lang='lat' dir='ltr'>qui</span> <span class='ocrx_word' id='word_1_386' title='bbox 774 3821 807 3870; x_wconf 91' lang='lat' dir='ltr'>de</span> <span class='ocrx_word' id='word_1_387' title='bbox 825 3821 999 3886; x_wconf 83' lang='lat' dir='ltr'>malignitate</span> <span class='ocrx_word' id='word_1_388' title='bbox 1016 3818 1150 3869; x_wconf 87' lang='lat' dir='ltr'>Herodoti</span> <span class='ocrx_word' id='word_1_389' title='bbox 1167 3817 1333 3868; x_wconf 89' lang='lat' dir='ltr'>inscribitur</span> <span class='ocrx_word' id='word_1_390' title='bbox 1351 3827 1381 3870; x_wconf 91' lang='lat' dir='ltr'>et</span> 
     </span>
     <span class='ocr_line' id='line_1_40' title="bbox 243 3883 1295 4006; baseline -0.003 -69"><span class='ocrx_word' id='word_1_391' title='bbox 243 3890 407 3985; x_wconf 51' lang='lat' dir='ltr'>arrctppsstste</span> <span class='ocrx_word' id='word_1_392' title='bbox 421 3896 450 3952; x_wconf 79' lang='lat' dir='ltr'>et</span> <span class='ocrx_word' id='word_1_393' title='bbox 462 3895 572 3940; x_wconf 89' lang='lat' dir='ltr'>auctore</span> <span class='ocrx_word' id='word_1_394' title='bbox 585 3891 697 4006; x_wconf 46' lang='lat' dir='ltr'>scripsi&amp;</span> <span class='ocrx_word' id='word_1_395' title='bbox 710 3889 832 3940; x_wconf 74' lang='lat' dir='ltr'>Gmtoous</span> <span class='ocrx_word' id='word_1_396' title='bbox 844 3889 996 3954; x_wconf 75' lang='lat' dir='ltr'>Lahmeyer.</span> <span class='ocrx_word' id='word_1_397' title='bbox 1016 3887 1164 3952; x_wconf 82' lang='lat' dir='ltr'>Gottingae</span> <span class='ocrx_word' id='word_1_398' title='bbox 1180 3883 1252 3936; x_wconf 78' lang='lat'>1848.</span> <span class='ocrx_word' id='word_1_399' title='bbox 1269 3885 1295 3934; x_wconf 78' lang='lat' dir='ltr'>t.</span> 
     </span>
    </p>

    <p class='ocr_par' dir='ltr' id='par_1_6' title="bbox 382 3957 702 4006">
     <span class='ocr_line' id='line_1_41' title="bbox 382 3957 702 4006; baseline 0.009 -3"><span class='ocrx_word' id='word_1_400' title='bbox 382 3957 443 4006; x_wconf 89' lang='lat' dir='ltr'>Vid.</span> <span class='ocrx_word' id='word_1_401' title='bbox 457 3957 474 4006; x_wconf 92' lang='lat' dir='ltr'>l.</span> <span class='ocrx_word' id='word_1_402' title='bbox 488 3957 504 4006; x_wconf 95' lang='lat' dir='ltr'>l.</span> <span class='ocrx_word' id='word_1_403' title='bbox 538 3973 554 4006; x_wconf 92' lang='lat' dir='ltr'>a</span> <span class='ocrx_word' id='word_1_404' title='bbox 575 3957 676 4006; x_wconf 77' lang='lat' dir='ltr'>‚tt-7</span> <span class='ocrx_word' id='word_1_405' title='bbox 696 3993 702 4006; x_wconf 93' lang='lat'>.</span> 
     </span>
    </p>

    <p class='ocr_par' dir='ltr' id='par_1_7' title="bbox 309 3953 691 4090">
     <span class='ocr_line' id='line_1_42' title="bbox 309 3953 691 4090; baseline 0.01 -19"><span class='ocrx_word' id='word_1_406' title='bbox 309 4021 341 4088; x_wconf 91' lang='lat'>†)</span> <span class='ocrx_word' id='word_1_407' title='bbox 352 3953 420 4073; x_wconf 73' lang='lat' dir='ltr'>)Vid.</span> <span class='ocrx_word' id='word_1_408' title='bbox 433 4023 499 4073; x_wconf 90' lang='lat' dir='ltr'>ibid.</span> <span class='ocrx_word' id='word_1_409' title='bbox 512 3973 575 4090; x_wconf 57' lang='grc' dir='ltr'>ξιξ.</span> <span class='ocrx_word' id='word_1_410' title='bbox 589 4023 622 4074; x_wconf 85' lang='grc'>78</span> <span class='ocrx_word' id='word_1_411' title='bbox 633 4040 691 4090; x_wconf 86' lang='lat' dir='ltr'>seq.</span> 
     </span>
    </p>

    <p class='ocr_par' dir='ltr' id='par_1_8' title="bbox 241 4087 1380 4495">
     <span class='ocr_line' id='line_1_43' title="bbox 309 4087 1380 4157; baseline 0 -17"><span class='ocrx_word' id='word_1_412' title='bbox 309 4089 360 4156; x_wconf 87' lang='lat'>††)</span> <span class='ocrx_word' id='word_1_413' title='bbox 373 4089 461 4140; x_wconf 89' lang='lat' dir='ltr'>Unum</span> <span class='ocrx_word' id='word_1_414' title='bbox 471 4091 555 4142; x_wconf 83' lang='lat' dir='ltr'>affero</span> <span class='ocrx_word' id='word_1_415' title='bbox 565 4091 788 4154; x_wconf 82' lang='lat' dir='ltr'>Kultwasserum,</span> <span class='ocrx_word' id='word_1_416' title='bbox 800 4092 845 4157; x_wconf 89' lang='lat' dir='ltr'>qui</span> <span class='ocrx_word' id='word_1_417' title='bbox 855 4091 926 4142; x_wconf 88' lang='lat' dir='ltr'>huuc</span> <span class='ocrx_word' id='word_1_418' title='bbox 936 4091 1010 4141; x_wconf 90' lang='lat' dir='ltr'>libell</span> <span class='ocrx_word' id='word_1_419' title='bbox 1015 4107 1065 4152; x_wconf 87' lang='lat' dir='ltr'>um,</span> <span class='ocrx_word' id='word_1_420' title='bbox 1081 4091 1153 4140; x_wconf 88' lang='lat' dir='ltr'>iuter</span> <span class='ocrx_word' id='word_1_421' title='bbox 1162 4087 1307 4138; x_wconf 77' lang='lat' dir='ltr'>Plutarchi</span> <span class='ocrx_word' id='word_1_422' title='bbox 1317 4089 1380 4140; x_wconf 83' lang='grc' dir='ltr'>Μο-</span> 
     </span>
     <span class='ocr_line' id='line_1_44' title="bbox 243 4156 1380 4226; baseline 0.002 -20"><span class='ocrx_word' id='word_1_423' title='bbox 243 4158 313 4208; x_wconf 85' lang='lat' dir='ltr'>ralia</span> <span class='ocrx_word' id='word_1_424' title='bbox 323 4159 369 4222; x_wconf 91' lang='lat' dir='ltr'>qui</span> <span class='ocrx_word' id='word_1_425' title='bbox 378 4159 496 4210; x_wconf 85' lang='lat' dir='ltr'>insertus</span> <span class='ocrx_word' id='word_1_426' title='bbox 508 4175 579 4210; x_wconf 89' lang='lat' dir='ltr'>nunc</span> <span class='ocrx_word' id='word_1_427' title='bbox 588 4159 696 4226; x_wconf 88' lang='lat' dir='ltr'>legitur,</span> <span class='ocrx_word' id='word_1_428' title='bbox 710 4162 738 4210; x_wconf 90' lang='lat' dir='ltr'>in</span> <span class='ocrx_word' id='word_1_429' title='bbox 750 4165 870 4211; x_wconf 86' lang='lat' dir='ltr'>nostrum</span> <span class='ocrx_word' id='word_1_430' title='bbox 882 4175 1032 4209; x_wconf 87' lang='lat' dir='ltr'>sermonem</span> <span class='ocrx_word' id='word_1_431' title='bbox 1047 4163 1209 4209; x_wconf 82' lang='lat' dir='ltr'>convertens</span> <span class='ocrx_word' id='word_1_432' title='bbox 1222 4156 1303 4206; x_wconf 89' lang='lat' dir='ltr'>initio</span> <span class='ocrx_word' id='word_1_433' title='bbox 1314 4173 1380 4208; x_wconf 84' lang='lat' dir='ltr'>ver·</span> 
     </span>
     <span class='ocr_line' id='line_1_45' title="bbox 241 4225 1378 4293; baseline 0.002 -19"><span class='ocrx_word' id='word_1_434' title='bbox 241 4226 327 4275; x_wconf 88' lang='lat' dir='ltr'>sionis</span> <span class='ocrx_word' id='word_1_435' title='bbox 339 4241 406 4276; x_wconf 86' lang='lat' dir='ltr'>suaa</span> <span class='ocrx_word' id='word_1_436' title='bbox 419 4225 488 4276; x_wconf 87' lang='lat' dir='ltr'>haec</span> <span class='ocrx_word' id='word_1_437' title='bbox 502 4229 648 4292; x_wconf 85' lang='lat' dir='ltr'>adscripsit</span> <span class='ocrx_word' id='word_1_438' title='bbox 656 4228 823 4293; x_wconf 80' lang='lat' dir='ltr'>(Plutarch&#39;s</span> <span class='ocrx_word' id='word_1_439' title='bbox 835 4227 996 4278; x_wconf 86' lang='lat' dir='ltr'>moraliache</span> <span class='ocrx_word' id='word_1_440' title='bbox 1007 4225 1151 4276; x_wconf 83' lang='lat' dir='ltr'>Ablraudll.</span> <span class='ocrx_word' id='word_1_441' title='bbox 1165 4225 1308 4274; x_wconf 82' lang='lat' dir='ltr'>iihersetst</span> <span class='ocrx_word' id='word_1_442' title='bbox 1321 4233 1378 4276; x_wconf 87' lang='lat' dir='ltr'>etc.</span> 
     </span>
     <span class='ocr_line' id='line_1_46' title="bbox 243 4293 1379 4359; baseline 0.002 -17"><span class='ocrx_word' id='word_1_443' title='bbox 243 4293 301 4344; x_wconf 91' lang='lat' dir='ltr'>Vol.</span> <span class='ocrx_word' id='word_1_444' title='bbox 317 4295 361 4343; x_wconf 91' lang='lat' dir='ltr'>Vl.</span> <span class='ocrx_word' id='word_1_445' title='bbox 375 4310 400 4359; x_wconf 87' lang='lat' dir='ltr'>p.</span> <span class='ocrx_word' id='word_1_446' title='bbox 413 4293 488 4358; x_wconf 81' lang='grc'>678);</span> <span class='ocrx_word' id='word_1_447' title='bbox 508 4296 788 4356; x_wconf 82' lang='lat' dir='ltr'>„llcbeluerslursdener</span> <span class='ocrx_word' id='word_1_448' title='bbox 802 4295 976 4346; x_wconf 75' lang='lat' dir='ltr'>Patr-lolianus</span> <span class='ocrx_word' id='word_1_449' title='bbox 992 4311 1046 4344; x_wconf 84' lang='lat' dir='ltr'>war</span> <span class='ocrx_word' id='word_1_450' title='bbox 1063 4311 1104 4356; x_wconf 85' lang='lat' dir='ltr'>es,</span> <span class='ocrx_word' id='word_1_451' title='bbox 1120 4309 1173 4343; x_wconf 84' lang='lat' dir='ltr'>suaa</span> <span class='ocrx_word' id='word_1_452' title='bbox 1190 4293 1240 4342; x_wconf 83' lang='lat' dir='ltr'>den</span> <span class='ocrx_word' id='word_1_453' title='bbox 1256 4300 1331 4342; x_wconf 84' lang='lat' dir='ltr'>sorsat</span> <span class='ocrx_word' id='word_1_454' title='bbox 1348 4309 1379 4344; x_wconf 85' lang='lat' dir='ltr'>so</span> 
     </span>
     <span class='ocr_line' id='line_1_47' title="bbox 242 4361 1379 4428; baseline 0 -18"><span class='ocrx_word' id='word_1_455' title='bbox 242 4363 439 4412; x_wconf 81' lang='lat' dir='ltr'>einsicltsuollen</span> <span class='ocrx_word' id='word_1_456' title='bbox 452 4364 503 4412; x_wconf 81' lang='lat' dir='ltr'>und</span> <span class='ocrx_word' id='word_1_457' title='bbox 513 4363 656 4428; x_wconf 78' lang='lat' dir='ltr'>uernunftip</span> <span class='ocrx_word' id='word_1_458' title='bbox 668 4363 817 4415; x_wconf 82' lang='lat' dir='ltr'>denlrenden</span> <span class='ocrx_word' id='word_1_459' title='bbox 829 4363 950 4414; x_wconf 85' lang='lat' dir='ltr'>Pluturcls</span> <span class='ocrx_word' id='word_1_460' title='bbox 962 4363 1078 4428; x_wconf 71' lang='lat' dir='ltr'>beorgor</span> <span class='ocrx_word' id='word_1_461' title='bbox 1091 4363 1147 4424; x_wconf 80' lang='lat' dir='ltr'>tat,</span> <span class='ocrx_word' id='word_1_462' title='bbox 1165 4361 1235 4410; x_wconf 84' lang='lat' dir='ltr'>diere</span> <span class='ocrx_word' id='word_1_463' title='bbox 1247 4361 1379 4411; x_wconf 74' lang='grc' dir='ltr'>ΙιᾶιιιίιοΙιε</span> 
     </span>
     <span class='ocr_line' id='line_1_48' title="bbox 244 4429 845 4495; baseline 0.01 -18"><span class='ocrx_word' id='word_1_464' title='bbox 244 4429 410 4493; x_wconf 79' lang='lat' dir='ltr'>Abhuurllunp</span> <span class='ocrx_word' id='word_1_465' title='bbox 421 4447 500 4495; x_wconf 75' lang='lat' dir='ltr'>peges</span> <span class='ocrx_word' id='word_1_466' title='bbox 513 4431 631 4480; x_wconf 84' lang='lat' dir='ltr'>Ilerudol</span> <span class='ocrx_word' id='word_1_467' title='bbox 644 4447 674 4480; x_wconf 78' lang='lat' dir='ltr'>:u</span> <span class='ocrx_word' id='word_1_468' title='bbox 685 4432 845 4483; x_wconf 82' lang='lat' dir='ltr'>schreibers.“</span> 
     </span>
    </p>
   </div>
   <div class='ocr_carea' id='block_1_5' title="bbox 0 0 1496 4978">
    <p class='ocr_par' dir='ltr' id='par_1_9' title="bbox 0 0 1496 4978">
     <span class='ocr_line' id='line_1_49' title="bbox 0 0 1496 4978; baseline 0 0"><span class='ocrx_word' id='word_1_469' title='bbox 0 0 1496 4978; x_wconf 95' lang='lat' dir='ltr'> </span> 
     </span>
    </p>
   </div>
  </div>
 </body>
</html>
