<?xml version="1.0" encoding="UTF-8"?>
<!DOCTYPE html PUBLIC "-//W3C//DTD XHTML 1.0 Transitional//EN"
    "http://www.w3.org/TR/xhtml1/DTD/xhtml1-transitional.dtd">
<html xmlns="http://www.w3.org/1999/xhtml" xml:lang="en" lang="en">
 <head>
  <title>
</title>
<meta http-equiv="Content-Type" content="text/html;charset=utf-8" />
  <meta name='ocr-system' content='tesseract 3.04.00' />
  <meta name='ocr-capabilities' content='ocr_page ocr_carea ocr_par ocr_line ocrx_word'/>
</head>
<body>
  <div class='ocr_page' id='page_1' title='image "./herodotihalicar02bhgoog/herodotihalicar02bhgoog_0319.png"; bbox 0 0 3026 4970; ppageno 0'>
   <div class='ocr_carea' id='block_1_1' title="bbox 228 392 928 461">
    <p class='ocr_par' dir='ltr' id='par_1_1' title="bbox 228 392 928 461">
     <span class='ocr_line' id='line_1_1' title="bbox 228 392 928 461; baseline -0.011 0"><span class='ocrx_word' id='word_1_1' title='bbox 228 399 290 461; x_wconf 87' lang='grc'><strong>300</strong></span> <span class='ocrx_word' id='word_1_2' title='bbox 660 392 928 454; x_wconf 82' lang='lat' dir='ltr'>HERODOTI</span> 
     </span>
    </p>
   </div>
   <div class='ocr_carea' id='block_1_2' title="bbox 182 555 1369 1061">
    <p class='ocr_par' dir='ltr' id='par_1_2' title="bbox 182 555 1369 1061">
     <span class='ocr_line' id='line_1_2' title="bbox 227 555 1368 656; baseline 0 -21"><span class='ocrx_word' id='word_1_3' title='bbox 227 569 285 654; x_wconf 81' lang='grc' dir='ltr'><strong><em>τῆς</em></strong></span> <span class='ocrx_word' id='word_1_4' title='bbox 302 562 414 646; x_wconf 86' lang='grc' dir='ltr'><strong><em>πόλιός</em></strong></span> <span class='ocrx_word' id='word_1_5' title='bbox 433 568 500 636; x_wconf 82' lang='grc' dir='ltr'><strong><em>ἐστι</em></strong></span> <span class='ocrx_word' id='word_1_6' title='bbox 522 568 580 653; x_wconf 79' lang='grc' dir='ltr'><strong><em>τῆς</em></strong></span> <span class='ocrx_word' id='word_1_7' title='bbox 597 555 808 653; x_wconf 74' lang='grc' dir='ltr'><strong><em>Πλαταιίων,</em></strong></span> <span class='ocrx_word' id='word_1_8' title='bbox 834 575 938 634; x_wconf 86' lang='grc' dir='ltr'><strong><em>είκοσι</em></strong></span> <span class='ocrx_word' id='word_1_9' title='bbox 955 570 1112 646; x_wconf 80' lang='grc' dir='ltr'><strong><em>σταδίους</em></strong></span> <span class='ocrx_word' id='word_1_10' title='bbox 1129 561 1194 635; x_wconf 84' lang='grc' dir='ltr'><strong>ἀπὸ</strong></span> <span class='ocrx_word' id='word_1_11' title='bbox 1212 569 1269 654; x_wconf 84' lang='grc' dir='ltr'><strong><em>τῆς</em></strong></span> <span class='ocrx_word' id='word_1_12' title='bbox 1287 564 1368 656; x_wconf 66' lang='grc' dir='ltr'><strong><em>κρίγ</em></strong></span> 
     </span>
     <span class='ocr_line' id='line_1_3' title="bbox 227 662 1369 757; baseline -0.001 -19"><span class='ocrx_word' id='word_1_13' title='bbox 227 697 287 755; x_wconf 86' lang='grc' dir='ltr'><strong>νης</strong></span> <span class='ocrx_word' id='word_1_14' title='bbox 310 670 367 755; x_wconf 84' lang='grc' dir='ltr'><strong><em>τῆς</em></strong></span> <span class='ocrx_word' id='word_1_15' title='bbox 391 674 585 756; x_wconf 80' lang='grc' dir='ltr'><strong><em>Γαργαφίης</em></strong></span> <span class='ocrx_word' id='word_1_16' title='bbox 607 662 738 756; x_wconf 76' lang='grc' dir='ltr'><strong><em>ἀπέχον.</em></strong></span> <span class='ocrx_word' id='word_1_17' title='bbox 775 663 969 755; x_wconf 76' lang='grc' dir='ltr'><strong><em>ἀπικόμενοι</em></strong></span> <span class='ocrx_word' id='word_1_18' title='bbox 1000 668 1037 736; x_wconf 75' lang='grc' dir='ltr'><strong>δὲ</strong></span> <span class='ocrx_word' id='word_1_19' title='bbox 1068 673 1187 737; x_wconf 79' lang='grc' dir='ltr'><strong><em>ἔθεντο</em></strong></span> <span class='ocrx_word' id='word_1_20' title='bbox 1217 664 1280 757; x_wconf 85' lang='grc' dir='ltr'><strong>πρδ</strong></span> <span class='ocrx_word' id='word_1_21' title='bbox 1305 672 1369 738; x_wconf 80' lang='grc' dir='ltr'><strong><em>τοῦ</em></strong></span> 
     </span>
     <span class='ocr_line' id='line_1_4' title="bbox 182 762 1367 859; baseline -0.002 -19"><span class='ocrx_word' id='word_1_22' title='bbox 182 779 221 840; x_wconf 87' lang='grc'><strong>53</strong></span> <span class='ocrx_word' id='word_1_23' title='bbox 230 771 306 859; x_wconf 77' lang='grc' dir='ltr'><strong>ίροῦ</strong></span> <span class='ocrx_word' id='word_1_24' title='bbox 327 765 367 838; x_wconf 87' lang='grc' dir='ltr'><strong><em>τά</em></strong></span> <span class='ocrx_word' id='word_1_25' title='bbox 383 765 478 838; x_wconf 84' lang='grc' dir='ltr'><strong><em>ὅπλα.</em></strong></span> <span class='ocrx_word' id='word_1_26' title='bbox 512 770 578 838; x_wconf 79' lang='grc' dir='ltr'><strong>Καὶ</strong></span> <span class='ocrx_word' id='word_1_27' title='bbox 595 773 630 838; x_wconf 80' lang='lat' dir='ltr'><strong>oi</strong></span> <span class='ocrx_word' id='word_1_28' title='bbox 644 768 706 857; x_wconf 77' lang='lat' dir='ltr'><strong>pio</strong></span> <span class='ocrx_word' id='word_1_29' title='bbox 723 770 799 856; x_wconf 80' lang='grc' dir='ltr'><strong><em>περὶ</em></strong></span> <span class='ocrx_word' id='word_1_30' title='bbox 817 764 854 838; x_wconf 87' lang='grc' dir='ltr'><strong><em>τδ</em></strong></span> <span class='ocrx_word' id='word_1_31' title='bbox 868 762 1014 858; x_wconf 77' lang='grc' dir='ltr'><strong><em>Ἡραῖον</em></strong></span> <span class='ocrx_word' id='word_1_32' title='bbox 1032 767 1367 858; x_wconf 76' lang='grc' dir='ltr'><strong><em>ἐστρατοπεδεύοντο·</em></strong></span> 
     </span>
     <span class='ocr_line' id='line_1_5' title="bbox 226 865 1367 960; baseline 0 -20"><span class='ocrx_word' id='word_1_33' title='bbox 226 877 422 958; x_wconf 80' lang='grc' dir='ltr'><strong><em>Παυσανίης</em></strong></span> <span class='ocrx_word' id='word_1_34' title='bbox 446 869 498 957; x_wconf 69' lang='grc' dir='ltr'><strong>δὲ,</strong></span> <span class='ocrx_word' id='word_1_35' title='bbox 525 865 631 960; x_wconf 78' lang='grc' dir='ltr'><strong><em>ὁρέων</em></strong></span> <span class='ocrx_word' id='word_1_36' title='bbox 648 872 752 959; x_wconf 80' lang='grc' dir='ltr'><strong><em>σφέας</em></strong></span> <span class='ocrx_word' id='word_1_37' title='bbox 769 866 1081 960; x_wconf 78' lang='grc' dir='ltr'><strong><em>ἀπαλλασσομένους</em></strong></span> <span class='ocrx_word' id='word_1_38' title='bbox 1100 865 1136 939; x_wconf 76' lang='grc' dir='ltr'><strong>ἐκ</strong></span> <span class='ocrx_word' id='word_1_39' title='bbox 1153 873 1217 940; x_wconf 78' lang='grc' dir='ltr'><strong><em>τοῦ</em></strong></span> <span class='ocrx_word' id='word_1_40' title='bbox 1230 891 1367 960; x_wconf 48' lang='grc' dir='ltr'><strong><em>στρατοι</em></strong></span> 
     </span>
     <span class='ocr_line' id='line_1_6' title="bbox 225 967 1367 1061; baseline -0.002 -19"><span class='ocrx_word' id='word_1_41' title='bbox 225 974 342 1060; x_wconf 78' lang='grc' dir='ltr'><strong><em>πέδου,</em></strong></span> <span class='ocrx_word' id='word_1_42' title='bbox 360 968 566 1060; x_wconf 76' lang='grc' dir='ltr'><strong><em>παρήγγελλε</em></strong></span> <span class='ocrx_word' id='word_1_43' title='bbox 584 973 639 1040; x_wconf 81' lang='grc' dir='ltr'><strong>καὶ</strong></span> <span class='ocrx_word' id='word_1_44' title='bbox 656 987 742 1042; x_wconf 82' lang='grc' dir='ltr'><strong><em>τοίσι</em></strong></span> <span class='ocrx_word' id='word_1_45' title='bbox 760 977 1068 1061; x_wconf 85' lang='grc' dir='ltr'><strong><em>Λακεδαιμονίοισι,</em></strong></span> <span class='ocrx_word' id='word_1_46' title='bbox 1084 967 1307 1060; x_wconf 73' lang='grc' dir='ltr'><strong><em>ἀναλαβόντες</em></strong></span> <span class='ocrx_word' id='word_1_47' title='bbox 1324 969 1367 1041; x_wconf 81' lang='lat' dir='ltr'><strong>roi</strong></span> 
     </span>
    </p>
   </div>
   <div class='ocr_carea' id='block_1_3' title="bbox 129 1155 1365 3869">
    <p class='ocr_par' dir='ltr' id='par_1_3' title="bbox 129 1155 1365 3869">
     <span class='ocr_line' id='line_1_7' title="bbox 226 1155 1364 1249; baseline -0.002 -27"><span class='ocrx_word' id='word_1_48' title='bbox 226 1173 332 1222; x_wconf 88' lang='lat' dir='ltr'><strong>oriente</strong></span> <span class='ocrx_word' id='word_1_49' title='bbox 344 1171 433 1232; x_wconf 88' lang='lat' dir='ltr'><strong>urbis,</strong></span> <span class='ocrx_word' id='word_1_50' title='bbox 453 1170 535 1220; x_wconf 87' lang='lat' dir='ltr'><strong>situm</strong></span> <span class='ocrx_word' id='word_1_51' title='bbox 547 1169 634 1220; x_wconf 79' lang='lat' dir='ltr'><strong>fuisse</strong></span> <span class='ocrx_word' id='word_1_52' title='bbox 646 1155 770 1222; x_wconf 83' lang='lat' dir='ltr'><strong>deelaret</strong></span> <span class='ocrx_word' id='word_1_53' title='bbox 820 1176 914 1222; x_wconf 83' lang='lat' dir='ltr'><strong>eastra</strong></span> <span class='ocrx_word' id='word_1_54' title='bbox 935 1175 1094 1249; x_wconf 83' lang='lat' dir='ltr'><strong>posuerunt.</strong></span> <span class='ocrx_word' id='word_1_55' title='bbox 1129 1171 1203 1221; x_wconf 86' lang='lat' dir='ltr'><strong>Hine</strong></span> <span class='ocrx_word' id='word_1_56' title='bbox 1224 1170 1299 1220; x_wconf 80' lang='lat' dir='ltr'><strong>infre</strong></span> <span class='ocrx_word' id='word_1_57' title='bbox 1314 1171 1364 1233; x_wconf 89' lang='lat' dir='ltr'><strong>IX,</strong></span> 
     </span>
     <span class='ocr_line' id='line_1_8' title="bbox 226 1229 1363 1304; baseline -0.003 -15"><span class='ocrx_word' id='word_1_58' title='bbox 226 1238 391 1290; x_wconf 88' lang='lat' dir='ltr'><strong>Herodotus.</strong></span> <span class='ocrx_word' id='word_1_59' title='bbox 420 1238 509 1304; x_wconf 83' lang='lat' dir='ltr'><strong>Atque</strong></span> <span class='ocrx_word' id='word_1_60' title='bbox 522 1239 564 1288; x_wconf 85' lang='lat' dir='ltr'><strong>ite</strong></span> <span class='ocrx_word' id='word_1_61' title='bbox 576 1253 682 1304; x_wconf 89' lang='lat' dir='ltr'><strong>quoqne</strong></span> <span class='ocrx_word' id='word_1_62' title='bbox 699 1237 768 1289; x_wconf 88' lang='lat' dir='ltr'><strong>illud</strong></span> <span class='ocrx_word' id='word_1_63' title='bbox 819 1239 852 1288; x_wconf 82' lang='lat'><strong>72</strong></span> <span class='ocrx_word' id='word_1_64' title='bbox 869 1253 1028 1304; x_wconf 79' lang='grc' dir='ltr'><strong><em>τατημενος</em></strong></span> <span class='ocrx_word' id='word_1_65' title='bbox 1041 1229 1072 1289; x_wconf 75' lang='grc' dir='ltr'><strong>ἐν</strong></span> <span class='ocrx_word' id='word_1_66' title='bbox 1084 1236 1117 1304; x_wconf 80' lang='grc' dir='ltr'><strong><em>τῇ</em></strong></span> <span class='ocrx_word' id='word_1_67' title='bbox 1129 1230 1206 1301; x_wconf 73' lang='grc' dir='ltr'><strong><em>τάξι,</em></strong></span> <span class='ocrx_word' id='word_1_68' title='bbox 1227 1239 1276 1288; x_wconf 88' lang='lat' dir='ltr'><strong>ubi</strong></span> <span class='ocrx_word' id='word_1_69' title='bbox 1289 1239 1363 1289; x_wconf 79' lang='lat' dir='ltr'><strong>eous.</strong></span> 
     </span>
     <span class='ocr_line' id='line_1_9' title="bbox 225 1303 1365 1372; baseline -0.001 -15"><span class='ocrx_word' id='word_1_70' title='bbox 225 1307 362 1357; x_wconf 83' lang='lat' dir='ltr'><strong>indicavit</strong></span> <span class='ocrx_word' id='word_1_71' title='bbox 374 1306 462 1356; x_wconf 88' lang='lat' dir='ltr'><strong>Kruse</strong></span> <span class='ocrx_word' id='word_1_72' title='bbox 480 1306 508 1354; x_wconf 91' lang='lat' dir='ltr'><strong>in</strong></span> <span class='ocrx_word' id='word_1_73' title='bbox 520 1303 628 1371; x_wconf 76' lang='lat' dir='ltr'><strong>tabule,</strong></span> <span class='ocrx_word' id='word_1_74' title='bbox 651 1306 767 1372; x_wconf 80' lang='lat' dir='ltr'><strong>Angium</strong></span> <span class='ocrx_word' id='word_1_75' title='bbox 819 1311 889 1356; x_wconf 88' lang='lat' dir='ltr'><strong>nott.</strong></span> <span class='ocrx_word' id='word_1_76' title='bbox 912 1307 955 1356; x_wconf 93' lang='lat' dir='ltr'><strong>De</strong></span> <span class='ocrx_word' id='word_1_77' title='bbox 973 1306 1036 1371; x_wconf 85' lang='lat' dir='ltr'><strong>ipsa</strong></span> <span class='ocrx_word' id='word_1_78' title='bbox 1050 1305 1189 1357; x_wconf 82' lang='lat' dir='ltr'><strong>locutione</strong></span> <span class='ocrx_word' id='word_1_79' title='bbox 1206 1305 1233 1356; x_wconf 84' lang='lat' dir='ltr'><strong>h.</strong></span> <span class='ocrx_word' id='word_1_80' title='bbox 1251 1305 1269 1356; x_wconf 90' lang='lat' dir='ltr'><strong>I.</strong></span> <span class='ocrx_word' id='word_1_81' title='bbox 1289 1307 1365 1356; x_wconf 86' lang='lat' dir='ltr'><strong>exei-</strong></span> 
     </span>
     <span class='ocr_line' id='line_1_10' title="bbox 226 1372 1364 1440; baseline -0.003 -15"><span class='ocrx_word' id='word_1_82' title='bbox 226 1375 336 1425; x_wconf 85' lang='lat' dir='ltr'><strong>doetum</strong></span> <span class='ocrx_word' id='word_1_83' title='bbox 353 1372 493 1440; x_wconf 88' lang='lat' dir='ltr'><strong>Stanhope</strong></span> <span class='ocrx_word' id='word_1_84' title='bbox 516 1378 642 1435; x_wconf 86' lang='lat' dir='ltr'><strong>seoutus;</strong></span> <span class='ocrx_word' id='word_1_85' title='bbox 672 1389 768 1440; x_wconf 88' lang='lat' dir='ltr'><strong>perpe·</strong></span> <span class='ocrx_word' id='word_1_86' title='bbox 819 1379 881 1426; x_wconf 86' lang='lat' dir='ltr'><strong>tant</strong></span> <span class='ocrx_word' id='word_1_87' title='bbox 899 1374 1015 1437; x_wconf 82' lang='lat' dir='ltr'><strong>Dionys.</strong></span> <span class='ocrx_word' id='word_1_88' title='bbox 1037 1373 1129 1424; x_wconf 83' lang='lat' dir='ltr'><strong>Helie.</strong></span> <span class='ocrx_word' id='word_1_89' title='bbox 1149 1375 1199 1424; x_wconf 90' lang='lat'><strong>111.</strong></span> <span class='ocrx_word' id='word_1_90' title='bbox 1221 1389 1285 1440; x_wconf 83' lang='lat' dir='ltr'><strong>pag.</strong></span> <span class='ocrx_word' id='word_1_91' title='bbox 1306 1372 1364 1426; x_wconf 85' lang='grc'>193.</span> 
     </span>
     <span class='ocr_line' id='line_1_11' title="bbox 226 1439 1363 1507; baseline -0.002 -15"><span class='ocrx_word' id='word_1_92' title='bbox 226 1458 283 1492; x_wconf 84' lang='lat' dir='ltr'><strong>rem</strong></span> <span class='ocrx_word' id='word_1_93' title='bbox 305 1441 378 1492; x_wconf 90' lang='lat' dir='ltr'><strong>enim</strong></span> <span class='ocrx_word' id='word_1_94' title='bbox 396 1441 503 1490; x_wconf 85' lang='lat' dir='ltr'><strong>Geiline</strong></span> <span class='ocrx_word' id='word_1_95' title='bbox 521 1440 589 1490; x_wconf 90' lang='lat' dir='ltr'><strong>illud</strong></span> <span class='ocrx_word' id='word_1_96' title='bbox 606 1441 656 1491; x_wconf 87' lang='lat' dir='ltr'><strong>sub</strong></span> <span class='ocrx_word' id='word_1_97' title='bbox 678 1441 766 1507; x_wconf 80' lang='lat' dir='ltr'><strong>ipsam</strong></span> <span class='ocrx_word' id='word_1_98' title='bbox 817 1441 931 1492; x_wconf 91' lang='lat' dir='ltr'><strong>Diodor.</strong></span> <span class='ocrx_word' id='word_1_99' title='bbox 952 1441 1034 1494; x_wconf 85' lang='lat' dir='ltr'><strong>Sieul.</strong></span> <span class='ocrx_word' id='word_1_100' title='bbox 1055 1441 1121 1501; x_wconf 88' lang='lat' dir='ltr'>XII,</span> <span class='ocrx_word' id='word_1_101' title='bbox 1139 1439 1173 1491; x_wconf 87' lang='grc'><strong>00</strong></span> <span class='ocrx_word' id='word_1_102' title='bbox 1193 1445 1222 1491; x_wconf 85' lang='lat' dir='ltr'><strong>et</strong></span> <span class='ocrx_word' id='word_1_103' title='bbox 1241 1441 1301 1504; x_wconf 86' lang='lat' dir='ltr'><strong>XX,</strong></span> <span class='ocrx_word' id='word_1_104' title='bbox 1320 1439 1363 1492; x_wconf 79' lang='lat'><strong>31.</strong></span> 
     </span>
     <span class='ocr_line' id='line_1_12' title="bbox 224 1507 1363 1576; baseline -0.002 -16"><span class='ocrx_word' id='word_1_105' title='bbox 224 1509 320 1560; x_wconf 87' lang='lat' dir='ltr'><strong>urbem</strong></span> <span class='ocrx_word' id='word_1_106' title='bbox 333 1508 368 1557; x_wconf 91' lang='lat' dir='ltr'><strong>ad</strong></span> <span class='ocrx_word' id='word_1_107' title='bbox 380 1508 594 1574; x_wconf 77' lang='lat' dir='ltr'><strong>septentrionem</strong></span> <span class='ocrx_word' id='word_1_108' title='bbox 607 1507 766 1572; x_wconf 83' lang='lat' dir='ltr'><strong>collocaret,</strong></span> <span class='ocrx_word' id='word_1_109' title='bbox 817 1509 910 1576; x_wconf 78' lang='lat' dir='ltr'><strong>Viget.</strong></span> <span class='ocrx_word' id='word_1_110' title='bbox 935 1509 969 1559; x_wconf 84' lang='lat' dir='ltr'><strong>ed</strong></span> <span class='ocrx_word' id='word_1_111' title='bbox 985 1507 1087 1558; x_wconf 86' lang='lat' dir='ltr'><strong>Enseb.</strong></span> <span class='ocrx_word' id='word_1_112' title='bbox 1107 1508 1237 1574; x_wconf 90' lang='lat' dir='ltr'><strong>Praepar.</strong></span> <span class='ocrx_word' id='word_1_113' title='bbox 1255 1509 1363 1573; x_wconf 78' lang='lat' dir='ltr'><strong>Eveng.</strong></span> 
     </span>
     <span class='ocr_line' id='line_1_13' title="bbox 225 1575 1365 1643; baseline -0.004 -15"><span class='ocrx_word' id='word_1_114' title='bbox 225 1580 392 1628; x_wconf 78' lang='lat' dir='ltr'><strong>exstructum</strong></span> <span class='ocrx_word' id='word_1_115' title='bbox 409 1577 494 1628; x_wconf 80' lang='grc' dir='ltr'><strong><em>λυλεεε</em></strong></span> <span class='ocrx_word' id='word_1_116' title='bbox 512 1577 628 1642; x_wconf 83' lang='lat' dir='ltr'><strong>opinens</strong></span> <span class='ocrx_word' id='word_1_117' title='bbox 649 1576 690 1640; x_wconf 85' lang='lat' dir='ltr'><strong>(ut</strong></span> <span class='ocrx_word' id='word_1_118' title='bbox 707 1578 769 1643; x_wconf 86' lang='lat' dir='ltr'><strong>ipse.</strong></span> <span class='ocrx_word' id='word_1_119' title='bbox 819 1577 896 1639; x_wconf 88' lang='lat' dir='ltr'>XIII,</span> <span class='ocrx_word' id='word_1_120' title='bbox 909 1575 950 1626; x_wconf 85' lang='grc'><strong>08.</strong></span> <span class='ocrx_word' id='word_1_121' title='bbox 975 1575 1176 1641; x_wconf 78' lang='lat' dir='ltr'><strong>Xenophonteo</strong></span> <span class='ocrx_word' id='word_1_122' title='bbox 1193 1575 1270 1626; x_wconf 85' lang='lat' dir='ltr'><strong>dabIt</strong></span> <span class='ocrx_word' id='word_1_123' title='bbox 1282 1576 1365 1626; x_wconf 88' lang='lat' dir='ltr'><strong>Lexi-</strong></span> 
     </span>
     <span class='ocr_line' id='line_1_14' title="bbox 227 1642 1365 1710; baseline 0 -16"><span class='ocrx_word' id='word_1_124' title='bbox 227 1644 340 1694; x_wconf 81' lang='lat' dir='ltr'><strong>afferam</strong></span> <span class='ocrx_word' id='word_1_125' title='bbox 357 1644 443 1694; x_wconf 85' lang='lat' dir='ltr'><strong>verba</strong></span> <span class='ocrx_word' id='word_1_126' title='bbox 460 1644 502 1693; x_wconf 85' lang='lat' dir='ltr'><strong>in:</strong></span> <span class='ocrx_word' id='word_1_127' title='bbox 526 1645 566 1693; x_wconf 88' lang='lat' dir='ltr'><strong>Le</strong></span> <span class='ocrx_word' id='word_1_128' title='bbox 584 1643 715 1710; x_wconf 75' lang='lat' dir='ltr'><strong>philolog.</strong></span> <span class='ocrx_word' id='word_1_129' title='bbox 734 1646 766 1694; x_wconf 92' lang='lat' dir='ltr'><strong>V.</strong></span> <span class='ocrx_word' id='word_1_130' title='bbox 807 1660 872 1695; x_wconf 75' lang='grc' dir='ltr'><strong><em>’σου</em></strong></span> <span class='ocrx_word' id='word_1_131' title='bbox 895 1644 1121 1710; x_wconf 86' lang='lat' dir='ltr'><strong>Xenophonteum</strong></span> <span class='ocrx_word' id='word_1_132' title='bbox 1144 1643 1177 1694; x_wconf 86' lang='lat' dir='ltr'><strong>T.</strong></span> <span class='ocrx_word' id='word_1_133' title='bbox 1195 1643 1245 1692; x_wconf 92' lang='lat' dir='ltr'><strong>III.</strong></span> <span class='ocrx_word' id='word_1_134' title='bbox 1269 1659 1296 1708; x_wconf 89' lang='lat' dir='ltr'><strong>p.</strong></span> <span class='ocrx_word' id='word_1_135' title='bbox 1313 1642 1365 1694; x_wconf 72' lang='grc'>’299</span> 
     </span>
     <span class='ocr_line' id='line_1_15' title="bbox 226 1709 1364 1844; baseline -0.002 -15"><span class='ocrx_word' id='word_1_136' title='bbox 226 1709 768 1844; x_wconf 53' lang='lat' dir='ltr'><strong>stitutustzttttttttt</strong></span> <span class='ocrx_word' id='word_1_137' title='bbox 819 1727 877 1842; x_wconf 67' lang='lat' dir='ltr'><strong>tt·</strong></span> <span class='ocrx_word' id='word_1_138' title='bbox 893 1711 989 1829; x_wconf 64' lang='lat' dir='ltr'><strong>vifis·</strong></span> <span class='ocrx_word' id='word_1_139' title='bbox 1004 1711 1364 1842; x_wconf 56' lang='lat' dir='ltr'><strong>“restittit-tter</strong></span> 
     </span>
     <span class='ocr_line' id='line_1_16' title="bbox 226 1796 1364 1912; baseline 0 -16"><span class='ocrx_word' id='word_1_140' title='bbox 226 1846 314 1896; x_wconf 83' lang='lat' dir='ltr'><strong>nux.“</strong></span> <span class='ocrx_word' id='word_1_141' title='bbox 347 1845 376 1897; x_wconf 81' lang='grc' dir='ltr'><strong>Ο.</strong></span> <span class='ocrx_word' id='word_1_142' title='bbox 395 1845 429 1896; x_wconf 89' lang='lat'><strong>0.</strong></span> <span class='ocrx_word' id='word_1_143' title='bbox 450 1844 579 1896; x_wconf 80' lang='lat' dir='ltr'>Mueller:</span> <span class='ocrx_word' id='word_1_144' title='bbox 603 1845 767 1897; x_wconf 89' lang='lat' dir='ltr'><strong>Orehomen.</strong></span> <span class='ocrx_word' id='word_1_145' title='bbox 819 1796 1012 1911; x_wconf 56' lang='lat' dir='ltr'><strong>Kriegswesi&#39;n</strong></span> <span class='ocrx_word' id='word_1_146' title='bbox 1035 1861 1098 1912; x_wconf 83' lang='lat' dir='ltr'><strong>pag.</strong></span> <span class='ocrx_word' id='word_1_147' title='bbox 1114 1844 1170 1896; x_wconf 85' lang='grc'><strong>106.</strong></span> <span class='ocrx_word' id='word_1_148' title='bbox 1191 1851 1248 1896; x_wconf 87' lang='lat' dir='ltr'><strong>not.</strong></span> <span class='ocrx_word' id='word_1_149' title='bbox 1284 1846 1364 1908; x_wconf 84' lang='lat' dir='ltr'><strong>Quae</strong></span> 
     </span>
     <span class='ocr_line' id='line_1_17' title="bbox 129 1911 1364 1980; baseline -0.001 -17"><span class='ocrx_word' id='word_1_150' title='bbox 129 1951 132 1957; x_wconf 84' lang='grc'><em>.</em></span> <span class='ocrx_word' id='word_1_151' title='bbox 226 1929 290 1980; x_wconf 75' lang='lat' dir='ltr'><strong>png.</strong></span> <span class='ocrx_word' id='word_1_152' title='bbox 309 1911 359 1963; x_wconf 85' lang='lat'><strong>488</strong></span> <span class='ocrx_word' id='word_1_153' title='bbox 377 1913 515 1964; x_wconf 74' lang='lat' dir='ltr'><strong>Heraeum</strong></span> <span class='ocrx_word' id='word_1_154' title='bbox 533 1928 617 1978; x_wconf 88' lang='lat' dir='ltr'><strong>prope</strong></span> <span class='ocrx_word' id='word_1_155' title='bbox 634 1913 768 1965; x_wconf 80' lang='lat' dir='ltr'><strong>Plataeae</strong></span> <span class='ocrx_word' id='word_1_156' title='bbox 820 1929 880 1964; x_wconf 87' lang='lat' dir='ltr'><strong>eum</strong></span> <span class='ocrx_word' id='word_1_157' title='bbox 893 1913 1075 1978; x_wconf 85' lang='lat' dir='ltr'><strong>scripsissem,</strong></span> <span class='ocrx_word' id='word_1_158' title='bbox 1089 1913 1174 1964; x_wconf 78' lang='lat' dir='ltr'><strong>incidi</strong></span> <span class='ocrx_word' id='word_1_159' title='bbox 1187 1913 1215 1962; x_wconf 91' lang='lat' dir='ltr'><strong>in</strong></span> <span class='ocrx_word' id='word_1_160' title='bbox 1226 1913 1364 1976; x_wconf 78' lang='lat' dir='ltr'><strong>AmPey·</strong></span> 
     </span>
     <span class='ocr_line' id='line_1_18' title="bbox 225 1981 1363 2046; baseline 0.002 -16"><span class='ocrx_word' id='word_1_161' title='bbox 225 1981 401 2031; x_wconf 79' lang='lat' dir='ltr'><strong>Cithaeronis</strong></span> <span class='ocrx_word' id='word_1_162' title='bbox 414 1981 510 2030; x_wconf 78' lang='lat' dir='ltr'><strong>tenues</strong></span> <span class='ocrx_word' id='word_1_163' title='bbox 522 1995 617 2030; x_wconf 88' lang='lat' dir='ltr'><strong>versus</strong></span> <span class='ocrx_word' id='word_1_164' title='bbox 634 1981 716 2030; x_wconf 86' lang='lat' dir='ltr'><strong>situm</strong></span> <span class='ocrx_word' id='word_1_165' title='bbox 729 1982 769 2032; x_wconf 83' lang='lat' dir='ltr'><strong>sn·</strong></span> <span class='ocrx_word' id='word_1_166' title='bbox 821 1983 881 2032; x_wconf 88' lang='lat' dir='ltr'><strong>roni</strong></span> <span class='ocrx_word' id='word_1_167' title='bbox 898 1981 1125 2046; x_wconf 78' lang='lat' dir='ltr'><strong>disputationem:</strong></span> <span class='ocrx_word' id='word_1_168' title='bbox 1151 1981 1217 2040; x_wconf 79' lang='lat' dir='ltr'><strong>„De</strong></span> <span class='ocrx_word' id='word_1_169' title='bbox 1230 1981 1363 2032; x_wconf 86' lang='lat' dir='ltr'><strong>oomando</strong></span> 
     </span>
     <span class='ocr_line' id='line_1_19' title="bbox 226 2037 1363 2098; baseline 0 0"><span class='ocrx_word' id='word_1_170' title='bbox 226 2050 280 2098; x_wconf 87' lang='lat' dir='ltr'><strong>isse</strong></span> <span class='ocrx_word' id='word_1_171' title='bbox 294 2049 450 2098; x_wconf 76' lang='lat' dir='ltr'><strong>arbitratur.</strong></span> <span class='ocrx_word' id='word_1_172' title='bbox 469 2046 549 2098; x_wconf 88' lang='lat' dir='ltr'><strong>Unde</strong></span> <span class='ocrx_word' id='word_1_173' title='bbox 563 2048 769 2098; x_wconf 83' lang='lat' dir='ltr'><strong>coniicitKruee</strong></span> <span class='ocrx_word' id='word_1_174' title='bbox 820 2049 941 2098; x_wconf 71' lang='lat' dir='ltr'><strong>militare</strong></span> <span class='ocrx_word' id='word_1_175' title='bbox 963 2042 1057 2098; x_wconf 78' lang='grc' dir='ltr'><strong><em>θέσθε</em></strong></span> <span class='ocrx_word' id='word_1_176' title='bbox 1077 2040 1112 2098; x_wconf 84' lang='lat' dir='ltr'><strong>roi</strong></span> <span class='ocrx_word' id='word_1_177' title='bbox 1135 2037 1209 2098; x_wconf 79' lang='grc' dir='ltr'><strong><em>ὅπλα</em></strong></span> <span class='ocrx_word' id='word_1_178' title='bbox 1230 2047 1363 2098; x_wconf 82' lang='grc' dir='ltr'><strong><em>λετλουε“</em></strong></span> 
     </span>
     <span class='ocr_line' id='line_1_20' title="bbox 225 2113 1363 2181; baseline -0.002 -15"><span class='ocrx_word' id='word_1_179' title='bbox 225 2116 299 2166; x_wconf 88' lang='grc' dir='ltr'><strong><em>Ηολλ.</em></strong></span> <span class='ocrx_word' id='word_1_180' title='bbox 316 2117 353 2178; x_wconf 89' lang='lat'><strong>11,</strong></span> <span class='ocrx_word' id='word_1_181' title='bbox 373 2115 396 2164; x_wconf 93' lang='lat' dir='ltr'><strong>l.</strong></span> <span class='ocrx_word' id='word_1_182' title='bbox 413 2131 476 2181; x_wconf 80' lang='lat' dir='ltr'><strong>pag.</strong></span> <span class='ocrx_word' id='word_1_183' title='bbox 490 2113 554 2175; x_wconf 84' lang='grc'><strong>505,</strong></span> <span class='ocrx_word' id='word_1_184' title='bbox 577 2115 716 2166; x_wconf 88' lang='lat' dir='ltr'><strong>Heraeum</strong></span> <span class='ocrx_word' id='word_1_185' title='bbox 734 2117 770 2166; x_wconf 89' lang='lat' dir='ltr'><strong>ad</strong></span> <span class='ocrx_word' id='word_1_186' title='bbox 821 2117 863 2166; x_wconf 90' lang='lat' dir='ltr'><strong>in:</strong></span> <span class='ocrx_word' id='word_1_187' title='bbox 876 2115 1363 2166; x_wconf 74' lang='lat' dir='ltr'><strong>Memoriedieeademtorealedelle</strong></span> 
     </span>
     <span class='ocr_line' id='line_1_21' title="bbox 225 2183 1362 2248; baseline -0.002 -14"><span class='ocrx_word' id='word_1_188' title='bbox 225 2185 349 2234; x_wconf 77' lang='lat' dir='ltr'><strong>dextram</strong></span> <span class='ocrx_word' id='word_1_189' title='bbox 370 2183 446 2234; x_wconf 86' lang='lat' dir='ltr'><strong>urbis</strong></span> <span class='ocrx_word' id='word_1_190' title='bbox 466 2187 574 2248; x_wconf 78' lang='lat' dir='ltr'><strong>portem</strong></span> <span class='ocrx_word' id='word_1_191' title='bbox 595 2188 672 2232; x_wconf 84' lang='lat' dir='ltr'><strong>extra</strong></span> <span class='ocrx_word' id='word_1_192' title='bbox 696 2199 768 2234; x_wconf 88' lang='lat' dir='ltr'><strong>moe·</strong></span> <span class='ocrx_word' id='word_1_193' title='bbox 820 2183 936 2234; x_wconf 76' lang='lat' dir='ltr'><strong>Seianae</strong></span> <span class='ocrx_word' id='word_1_194' title='bbox 966 2183 1000 2233; x_wconf 85' lang='lat' dir='ltr'><strong>de</strong></span> <span class='ocrx_word' id='word_1_195' title='bbox 1024 2183 1126 2232; x_wconf 83' lang='lat' dir='ltr'><strong>Turino</strong></span> <span class='ocrx_word' id='word_1_196' title='bbox 1150 2183 1225 2232; x_wconf 80' lang='lat' dir='ltr'><strong>&#39;Pom</strong></span> <span class='ocrx_word' id='word_1_197' title='bbox 1250 2183 1362 2232; x_wconf 81' lang='lat' dir='ltr'>XXVII.</span> 
     </span>
     <span class='ocr_line' id='line_1_22' title="bbox 225 2248 1362 2317; baseline -0.002 -16"><span class='ocrx_word' id='word_1_198' title='bbox 225 2251 299 2302; x_wconf 90' lang='lat' dir='ltr'><strong>nium</strong></span> <span class='ocrx_word' id='word_1_199' title='bbox 308 2251 440 2301; x_wconf 71' lang='lat' dir='ltr'><strong>ambitum</strong></span> <span class='ocrx_word' id='word_1_200' title='bbox 452 2249 492 2300; x_wconf 90' lang='lat' dir='ltr'><strong>ibi</strong></span> <span class='ocrx_word' id='word_1_201' title='bbox 503 2251 686 2315; x_wconf 80' lang='lat' dir='ltr'><strong>quaerendum</strong></span> <span class='ocrx_word' id='word_1_202' title='bbox 697 2267 767 2316; x_wconf 89' lang='lat' dir='ltr'><strong>esse,</strong></span> <span class='ocrx_word' id='word_1_203' title='bbox 820 2267 882 2317; x_wconf 80' lang='lat' dir='ltr'><strong>pag.</strong></span> <span class='ocrx_word' id='word_1_204' title='bbox 904 2249 952 2300; x_wconf 83' lang='grc'><strong>193</strong></span> <span class='ocrx_word' id='word_1_205' title='bbox 972 2266 1048 2315; x_wconf 89' lang='lat' dir='ltr'><strong>seqq.</strong></span> <span class='ocrx_word' id='word_1_206' title='bbox 1084 2250 1139 2300; x_wconf 85' lang='lat' dir='ltr'><strong>Ubi</strong></span> <span class='ocrx_word' id='word_1_207' title='bbox 1159 2265 1222 2316; x_wconf 77' lang='lat' dir='ltr'><strong>pag.</strong></span> <span class='ocrx_word' id='word_1_208' title='bbox 1244 2248 1295 2299; x_wconf 84' lang='grc'><strong>200</strong></span> <span class='ocrx_word' id='word_1_209' title='bbox 1315 2265 1362 2300; x_wconf 88' lang='lat' dir='ltr'><strong>no-</strong></span> 
     </span>
     <span class='ocr_line' id='line_1_23' title="bbox 225 2317 1362 2384; baseline -0.002 -16"><span class='ocrx_word' id='word_1_210' title='bbox 225 2320 356 2370; x_wconf 85' lang='lat' dir='ltr'><strong>ubinune</strong></span> <span class='ocrx_word' id='word_1_211' title='bbox 370 2319 467 2368; x_wconf 82' lang='lat' dir='ltr'><strong>minae</strong></span> <span class='ocrx_word' id='word_1_212' title='bbox 481 2319 614 2384; x_wconf 81' lang='lat' dir='ltr'><strong>quaedem</strong></span> <span class='ocrx_word' id='word_1_213' title='bbox 630 2319 768 2370; x_wconf 80' lang='lat' dir='ltr'><strong>eeclesiae</strong></span> <span class='ocrx_word' id='word_1_214' title='bbox 819 2323 904 2369; x_wconf 88' lang='lat' dir='ltr'><strong>strum</strong></span> <span class='ocrx_word' id='word_1_215' title='bbox 926 2333 1031 2383; x_wconf 90' lang='lat' dir='ltr'><strong>quoque</strong></span> <span class='ocrx_word' id='word_1_216' title='bbox 1052 2317 1141 2368; x_wconf 86' lang='lat' dir='ltr'><strong>looum</strong></span> <span class='ocrx_word' id='word_1_217' title='bbox 1160 2322 1279 2378; x_wconf 75' lang='lat' dir='ltr'><strong>tractat,</strong></span> <span class='ocrx_word' id='word_1_218' title='bbox 1302 2333 1362 2366; x_wconf 85' lang='lat' dir='ltr'><strong>eum</strong></span> 
     </span>
     <span class='ocr_line' id='line_1_24' title="bbox 224 2384 1365 2452; baseline -0.004 -14"><span class='ocrx_word' id='word_1_219' title='bbox 224 2391 333 2438; x_wconf 82' lang='lat' dir='ltr'><strong>exstare</strong></span> <span class='ocrx_word' id='word_1_220' title='bbox 351 2387 478 2436; x_wconf 81' lang='lat' dir='ltr'><strong>dicuntur</strong></span> <span class='ocrx_word' id='word_1_221' title='bbox 498 2402 553 2436; x_wconf 92' lang='lat' dir='ltr'><strong>non</strong></span> <span class='ocrx_word' id='word_1_222' title='bbox 568 2387 650 2452; x_wconf 77' lang='lat' dir='ltr'><strong>louge</strong></span> <span class='ocrx_word' id='word_1_223' title='bbox 673 2388 769 2438; x_wconf 85' lang='lat' dir='ltr'><strong>avico</strong></span> <span class='ocrx_word' id='word_1_224' title='bbox 820 2387 861 2437; x_wconf 86' lang='lat' dir='ltr'><strong>sie</strong></span> <span class='ocrx_word' id='word_1_225' title='bbox 873 2386 944 2437; x_wconf 81' lang='lat' dir='ltr'><strong>Italo</strong></span> <span class='ocrx_word' id='word_1_226' title='bbox 963 2400 1087 2435; x_wconf 78' lang='lat' dir='ltr'><strong>sermone</strong></span> <span class='ocrx_word' id='word_1_227' title='bbox 1105 2384 1235 2435; x_wconf 87' lang='lat' dir='ltr'><strong>reddens:</strong></span> <span class='ocrx_word' id='word_1_228' title='bbox 1258 2387 1365 2448; x_wconf 78' lang='lat' dir='ltr'><strong>piuntini</strong></span> 
     </span>
     <span class='ocr_line' id='line_1_25' title="bbox 224 2453 1363 2520; baseline -0.003 -15"><span class='ocrx_word' id='word_1_229' title='bbox 224 2454 344 2516; x_wconf 83' lang='lat' dir='ltr'><strong>Kokhle,</strong></span> <span class='ocrx_word' id='word_1_230' title='bbox 358 2455 391 2504; x_wconf 91' lang='lat' dir='ltr'><strong>de</strong></span> <span class='ocrx_word' id='word_1_231' title='bbox 405 2469 457 2520; x_wconf 90' lang='lat' dir='ltr'><strong>quo</strong></span> <span class='ocrx_word' id='word_1_232' title='bbox 468 2454 524 2504; x_wconf 86' lang='lat' dir='ltr'><strong>dixi</strong></span> <span class='ocrx_word' id='word_1_233' title='bbox 538 2453 674 2516; x_wconf 83' lang='lat' dir='ltr'><strong>adIX‚5l.</strong></span> <span class='ocrx_word' id='word_1_234' title='bbox 688 2453 767 2506; x_wconf 82' lang='lat' dir='ltr'><strong>Cous.</strong></span> <span class='ocrx_word' id='word_1_235' title='bbox 819 2455 1013 2520; x_wconf 73' lang='lat' dir='ltr'><strong>roffermaronsi</strong></span> <span class='ocrx_word' id='word_1_236' title='bbox 1028 2455 1090 2504; x_wconf 80' lang='lat' dir='ltr'><strong>cotie</strong></span> <span class='ocrx_word' id='word_1_237' title='bbox 1110 2454 1175 2502; x_wconf 76' lang='grc' dir='ltr'><strong><em>σεται·</em></strong></span> <span class='ocrx_word' id='word_1_238' title='bbox 1191 2459 1293 2503; x_wconf 79' lang='lat' dir='ltr'><strong>eterra</strong></span> <span class='ocrx_word' id='word_1_239' title='bbox 1305 2453 1363 2502; x_wconf 77' lang='lat' dir='ltr'><strong>rim·</strong></span> 
     </span>
     <span class='ocr_line' id='line_1_26' title="bbox 224 2520 1362 2588; baseline -0.002 -16"><span class='ocrx_word' id='word_1_240' title='bbox 224 2522 366 2588; x_wconf 73' lang='lat' dir='ltr'><strong>stanhope</strong></span> <span class='ocrx_word' id='word_1_241' title='bbox 377 2521 395 2572; x_wconf 89' lang='lat' dir='ltr'><strong>l.</strong></span> <span class='ocrx_word' id='word_1_242' title='bbox 409 2522 428 2571; x_wconf 96' lang='lat' dir='ltr'><strong>l.</strong></span> <span class='ocrx_word' id='word_1_243' title='bbox 442 2538 467 2587; x_wconf 91' lang='lat' dir='ltr'><strong>p.</strong></span> <span class='ocrx_word' id='word_1_244' title='bbox 478 2520 512 2572; x_wconf 89' lang='grc'><strong>00</strong></span> <span class='ocrx_word' id='word_1_245' title='bbox 525 2525 552 2572; x_wconf 84' lang='lat' dir='ltr'><strong>et</strong></span> <span class='ocrx_word' id='word_1_246' title='bbox 564 2521 641 2573; x_wconf 81' lang='lat' dir='ltr'><strong>Geil:</strong></span> <span class='ocrx_word' id='word_1_247' title='bbox 655 2523 696 2571; x_wconf 84' lang='lat' dir='ltr'><strong>Le</strong></span> <span class='ocrx_word' id='word_1_248' title='bbox 708 2522 767 2586; x_wconf 86' lang='lat' dir='ltr'><strong>phi·</strong></span> <span class='ocrx_word' id='word_1_249' title='bbox 815 2529 888 2586; x_wconf 82' lang='lat' dir='ltr'><strong>petto</strong></span> <span class='ocrx_word' id='word_1_250' title='bbox 905 2525 932 2571; x_wconf 85' lang='lat' dir='ltr'><strong>al</strong></span> <span class='ocrx_word' id='word_1_251' title='bbox 946 2523 1052 2586; x_wconf 79' lang='grc' dir='ltr'><strong><em>εοαρίο,</em></strong></span> <span class='ocrx_word' id='word_1_252' title='bbox 1069 2521 1195 2585; x_wconf 83' lang='lat' dir='ltr'><strong>beneque</strong></span> <span class='ocrx_word' id='word_1_253' title='bbox 1212 2525 1305 2570; x_wconf 86' lang='lat' dir='ltr'><strong>monet</strong></span> <span class='ocrx_word' id='word_1_254' title='bbox 1322 2520 1362 2570; x_wconf 90' lang='lat' dir='ltr'><strong>di-</strong></span> 
     </span>
     <span class='ocr_line' id='line_1_27' title="bbox 203 2581 1360 2655; baseline -0.002 -15"><span class='ocrx_word' id='word_1_255' title='bbox 203 2631 208 2641; x_wconf 93' lang='lat'><strong>.</strong></span> <span class='ocrx_word' id='word_1_256' title='bbox 223 2589 346 2655; x_wconf 81' lang='lat' dir='ltr'><strong>Iolog.V.</strong></span> <span class='ocrx_word' id='word_1_257' title='bbox 354 2588 435 2654; x_wconf 74' lang='lat' dir='ltr'><strong>peel</strong></span> <span class='ocrx_word' id='word_1_258' title='bbox 443 2603 500 2653; x_wconf 89' lang='lat' dir='ltr'><strong>seq.</strong></span> <span class='ocrx_word' id='word_1_259' title='bbox 512 2587 681 2638; x_wconf 86' lang='lat' dir='ltr'><strong>Dodwellius</strong></span> <span class='ocrx_word' id='word_1_260' title='bbox 690 2589 767 2638; x_wconf 90' lang='lat' dir='ltr'><strong>nulla</strong></span> <span class='ocrx_word' id='word_1_261' title='bbox 818 2589 1009 2654; x_wconf 76' lang='lat' dir='ltr'><strong>etiognendum</strong></span> <span class='ocrx_word' id='word_1_262' title='bbox 1022 2602 1083 2638; x_wconf 84' lang='lat' dir='ltr'><strong>esse</strong></span> <span class='ocrx_word' id='word_1_263' title='bbox 1095 2588 1168 2638; x_wconf 87' lang='lat' dir='ltr'><strong>inter</strong></span> <span class='ocrx_word' id='word_1_264' title='bbox 1176 2586 1315 2638; x_wconf 84' lang='grc' dir='ltr'><strong><em>τίθεσθαι</em></strong></span> <span class='ocrx_word' id='word_1_265' title='bbox 1326 2581 1360 2638; x_wconf 88' lang='lat' dir='ltr'><strong>roi</strong></span> 
     </span>
     <span class='ocr_line' id='line_1_28' title="bbox 224 2645 1361 2721; baseline -0.001 -15"><span class='ocrx_word' id='word_1_266' title='bbox 224 2658 305 2706; x_wconf 87' lang='lat' dir='ltr'><strong>huius</strong></span> <span class='ocrx_word' id='word_1_267' title='bbox 326 2655 421 2721; x_wconf 89' lang='lat' dir='ltr'><strong>templi</strong></span> <span class='ocrx_word' id='word_1_268' title='bbox 438 2656 559 2720; x_wconf 78' lang='lat' dir='ltr'><strong>vestigio</strong></span> <span class='ocrx_word' id='word_1_269' title='bbox 581 2661 658 2706; x_wconf 84' lang='lat' dir='ltr'><strong>corta</strong></span> <span class='ocrx_word' id='word_1_270' title='bbox 675 2671 704 2705; x_wconf 88' lang='lat' dir='ltr'><strong>ee</strong></span> <span class='ocrx_word' id='word_1_271' title='bbox 725 2656 766 2706; x_wconf 89' lang='lat' dir='ltr'><strong>in·</strong></span> <span class='ocrx_word' id='word_1_272' title='bbox 819 2645 894 2706; x_wconf 75' lang='grc' dir='ltr'><strong><em>ὅπλα</em></strong></span> <span class='ocrx_word' id='word_1_273' title='bbox 923 2661 951 2706; x_wconf 87' lang='lat' dir='ltr'><strong>et</strong></span> <span class='ocrx_word' id='word_1_274' title='bbox 974 2656 1046 2705; x_wconf 89' lang='lat' dir='ltr'><strong>inter</strong></span> <span class='ocrx_word' id='word_1_275' title='bbox 1069 2649 1361 2719; x_wconf 75' lang='grc' dir='ltr'><strong><em>στρατοπεδεύεσθαι,</em></strong></span> 
     </span>
     <span class='ocr_line' id='line_1_29' title="bbox 224 2722 1363 2789; baseline -0.003 -14"><span class='ocrx_word' id='word_1_276' title='bbox 224 2725 335 2775; x_wconf 84' lang='lat' dir='ltr'><strong>venisse</strong></span> <span class='ocrx_word' id='word_1_277' title='bbox 353 2723 461 2784; x_wconf 74' lang='grc' dir='ltr'><strong><em>εοελλελίς</em></strong></span> <span class='ocrx_word' id='word_1_278' title='bbox 480 2723 535 2772; x_wconf 88' lang='lat' dir='ltr'><strong>nisi</strong></span> <span class='ocrx_word' id='word_1_279' title='bbox 552 2723 624 2772; x_wconf 84' lang='lat' dir='ltr'><strong>forte</strong></span> <span class='ocrx_word' id='word_1_280' title='bbox 642 2722 766 2787; x_wconf 86' lang='lat' dir='ltr'><strong>lapidum</strong></span> <span class='ocrx_word' id='word_1_281' title='bbox 818 2724 889 2788; x_wconf 93' lang='lat' dir='ltr'><strong>quod</strong></span> <span class='ocrx_word' id='word_1_282' title='bbox 908 2739 1052 2789; x_wconf 86' lang='lat' dir='ltr'><strong>perperam</strong></span> <span class='ocrx_word' id='word_1_283' title='bbox 1075 2723 1146 2772; x_wconf 88' lang='lat' dir='ltr'><strong>idem</strong></span> <span class='ocrx_word' id='word_1_284' title='bbox 1169 2738 1230 2774; x_wconf 85' lang='lat' dir='ltr'><strong>esse</strong></span> <span class='ocrx_word' id='word_1_285' title='bbox 1252 2723 1363 2788; x_wconf 82' lang='lat' dir='ltr'><strong>quidem</strong></span> 
     </span>
     <span class='ocr_line' id='line_1_30' title="bbox 226 2789 1363 2855; baseline 0 -15"><span class='ocrx_word' id='word_1_286' title='bbox 226 2791 318 2840; x_wconf 82' lang='lat' dir='ltr'><strong>noervi</strong></span> <span class='ocrx_word' id='word_1_287' title='bbox 335 2790 444 2854; x_wconf 84' lang='lat' dir='ltr'><strong>quidum</strong></span> <span class='ocrx_word' id='word_1_288' title='bbox 466 2789 520 2838; x_wconf 88' lang='lat' dir='ltr'><strong>hue</strong></span> <span class='ocrx_word' id='word_1_289' title='bbox 538 2790 636 2840; x_wconf 83' lang='lat' dir='ltr'><strong>referri</strong></span> <span class='ocrx_word' id='word_1_290' title='bbox 653 2791 767 2855; x_wconf 84' lang='lat' dir='ltr'><strong>possint.</strong></span> <span class='ocrx_word' id='word_1_291' title='bbox 819 2796 980 2840; x_wconf 81' lang='lat' dir='ltr'><strong>statuerunt.</strong></span> <span class='ocrx_word' id='word_1_292' title='bbox 1006 2790 1059 2840; x_wconf 85' lang='lat' dir='ltr'><strong>Sed</strong></span> <span class='ocrx_word' id='word_1_293' title='bbox 1071 2790 1134 2855; x_wconf 87' lang='lat' dir='ltr'><strong>ipsa</strong></span> <span class='ocrx_word' id='word_1_294' title='bbox 1145 2791 1197 2840; x_wconf 89' lang='lat' dir='ltr'><strong>viri</strong></span> <span class='ocrx_word' id='word_1_295' title='bbox 1210 2791 1363 2840; x_wconf 81' lang='lat' dir='ltr'><strong>doctissimi</strong></span> 
     </span>
     <span class='ocr_line' id='line_1_31' title="bbox 224 2857 1363 2921; baseline -0.001 -14"><span class='ocrx_word' id='word_1_296' title='bbox 224 2857 286 2908; x_wconf 91' lang='lat' dir='ltr'><strong>Vid.</strong></span> <span class='ocrx_word' id='word_1_297' title='bbox 300 2857 321 2906; x_wconf 94' lang='lat'><strong>1.</strong></span> <span class='ocrx_word' id='word_1_298' title='bbox 335 2873 395 2921; x_wconf 86' lang='lat' dir='ltr'><strong>oap.</strong></span> <span class='ocrx_word' id='word_1_299' title='bbox 406 2857 444 2906; x_wconf 84' lang='lat' dir='ltr'><strong>IX</strong></span> <span class='ocrx_word' id='word_1_300' title='bbox 462 2873 477 2906; x_wconf 87' lang='lat' dir='ltr'><strong>e</strong></span> <span class='ocrx_word' id='word_1_301' title='bbox 490 2871 561 2906; x_wconf 87' lang='lat' dir='ltr'><strong>vers.</strong></span> <span class='ocrx_word' id='word_1_302' title='bbox 574 2857 693 2908; x_wconf 87' lang='lat' dir='ltr'><strong>Siokleri</strong></span> <span class='ocrx_word' id='word_1_303' title='bbox 705 2858 730 2918; x_wconf 92' lang='lat'><strong>1,</strong></span> <span class='ocrx_word' id='word_1_304' title='bbox 740 2859 766 2906; x_wconf 82' lang='lat'><strong>2.</strong></span> <span class='ocrx_word' id='word_1_305' title='bbox 818 2859 905 2908; x_wconf 79' lang='lat' dir='ltr'><strong>verbe</strong></span> <span class='ocrx_word' id='word_1_306' title='bbox 918 2857 1076 2908; x_wconf 82' lang='lat' dir='ltr'><strong>adscribere</strong></span> <span class='ocrx_word' id='word_1_307' title='bbox 1089 2859 1179 2908; x_wconf 81' lang='lat' dir='ltr'><strong>iuvet:</strong></span> <span class='ocrx_word' id='word_1_308' title='bbox 1204 2859 1323 2920; x_wconf 88' lang='lat' dir='ltr'><strong>„Prima</strong></span> <span class='ocrx_word' id='word_1_309' title='bbox 1335 2857 1363 2908; x_wconf 90' lang='lat' dir='ltr'><strong>di</strong></span> 
     </span>
     <span class='ocr_line' id='line_1_32' title="bbox 225 2923 1363 2992; baseline 0.002 -18"><span class='ocrx_word' id='word_1_310' title='bbox 225 2924 344 2990; x_wconf 58' lang='lat' dir='ltr'><strong>pngffli.</strong></span> <span class='ocrx_word' id='word_1_311' title='bbox 372 2923 443 2972; x_wconf 83' lang='lat' dir='ltr'><strong>Ante</strong></span> <span class='ocrx_word' id='word_1_312' title='bbox 459 2924 550 2989; x_wconf 87' lang='lat' dir='ltr'><strong>ipsam</strong></span> <span class='ocrx_word' id='word_1_313' title='bbox 565 2925 661 2974; x_wconf 87' lang='lat' dir='ltr'><strong>urbem</strong></span> <span class='ocrx_word' id='word_1_314' title='bbox 677 2926 766 2975; x_wconf 88' lang='lat' dir='ltr'><strong>orieu·</strong></span> <span class='ocrx_word' id='word_1_315' title='bbox 817 2925 1363 2992; x_wconf 80' lang='lat' dir='ltr'><strong>poreiacempointornoaltempiosoi-</strong></span> 
     </span>
     <span class='ocr_line' id='line_1_33' title="bbox 225 2986 1362 3058; baseline 0.001 -17"><span class='ocrx_word' id='word_1_316' title='bbox 225 2997 280 3042; x_wconf 86' lang='lat' dir='ltr'><strong>tem</strong></span> <span class='ocrx_word' id='word_1_317' title='bbox 297 3005 394 3041; x_wconf 79' lang='lat' dir='ltr'><strong>versus</strong></span> <span class='ocrx_word' id='word_1_318' title='bbox 415 2991 444 3038; x_wconf 88' lang='lat' dir='ltr'><strong>in</strong></span> <span class='ocrx_word' id='word_1_319' title='bbox 459 2990 522 3040; x_wconf 87' lang='lat' dir='ltr'><strong>Ioco</strong></span> <span class='ocrx_word' id='word_1_320' title='bbox 545 2986 619 3042; x_wconf 86' lang='lat' dir='ltr'><strong>edito</strong></span> <span class='ocrx_word' id='word_1_321' title='bbox 636 2993 767 3058; x_wconf 85' lang='lat' dir='ltr'><strong>templum</strong></span> <span class='ocrx_word' id='word_1_322' title='bbox 819 2995 983 3044; x_wconf 79' lang='lat' dir='ltr'><strong>fermeronsi</strong></span> <span class='ocrx_word' id='word_1_323' title='bbox 1007 2993 1035 3042; x_wconf 90' lang='lat' dir='ltr'><strong>di</strong></span> <span class='ocrx_word' id='word_1_324' title='bbox 1059 2993 1197 3043; x_wconf 88' lang='lat' dir='ltr'><strong>rineoutro</strong></span> <span class='ocrx_word' id='word_1_325' title='bbox 1222 3007 1239 3042; x_wconf 88' lang='lat' dir='ltr'><strong>a</strong></span> <span class='ocrx_word' id='word_1_326' title='bbox 1259 2995 1362 3058; x_wconf 86' lang='lat' dir='ltr'><strong>tempio</strong></span> 
     </span>
     <span class='ocr_line' id='line_1_34' title="bbox 224 3059 1362 3126; baseline 0.001 -17"><span class='ocrx_word' id='word_1_327' title='bbox 224 3059 336 3109; x_wconf 88' lang='lat' dir='ltr'><strong>Iunonis</strong></span> <span class='ocrx_word' id='word_1_328' title='bbox 355 3059 539 3122; x_wconf 86' lang='lat' dir='ltr'><strong>quaerendum</strong></span> <span class='ocrx_word' id='word_1_329' title='bbox 558 3074 617 3108; x_wconf 78' lang='lat' dir='ltr'><strong>esse</strong></span> <span class='ocrx_word' id='word_1_330' title='bbox 635 3061 696 3126; x_wconf 86' lang='lat' dir='ltr'><strong>ipsa</strong></span> <span class='ocrx_word' id='word_1_331' title='bbox 711 3059 766 3110; x_wconf 88' lang='lat' dir='ltr'><strong>He·</strong></span> <span class='ocrx_word' id='word_1_332' title='bbox 819 3061 881 3112; x_wconf 86' lang='lat' dir='ltr'><strong>eoIi&#39;</strong></span> <span class='ocrx_word' id='word_1_333' title='bbox 895 3062 963 3111; x_wconf 81' lang='lat' dir='ltr'><strong>armi</strong></span> <span class='ocrx_word' id='word_1_334' title='bbox 977 3077 993 3110; x_wconf 81' lang='lat' dir='ltr'><strong>a</strong></span> <span class='ocrx_word' id='word_1_335' title='bbox 1003 3065 1076 3111; x_wconf 87' lang='lat' dir='ltr'><strong>terra</strong></span> <span class='ocrx_word' id='word_1_336' title='bbox 1086 3076 1135 3125; x_wconf 86' lang='lat' dir='ltr'><strong>per</strong></span> <span class='ocrx_word' id='word_1_337' title='bbox 1147 3060 1331 3110; x_wconf 86' lang='lat' dir='ltr'><strong>determinare</strong></span> <span class='ocrx_word' id='word_1_338' title='bbox 1345 3075 1362 3110; x_wconf 92' lang='lat' dir='ltr'><strong>a</strong></span> 
     </span>
     <span class='ocr_line' id='line_1_35' title="bbox 224 3125 1361 3194; baseline 0.002 -18"><span class='ocrx_word' id='word_1_339' title='bbox 224 3126 313 3178; x_wconf 86' lang='lat' dir='ltr'><strong>rodoti</strong></span> <span class='ocrx_word' id='word_1_340' title='bbox 330 3125 415 3176; x_wconf 86' lang='lat' dir='ltr'><strong>verba</strong></span> <span class='ocrx_word' id='word_1_341' title='bbox 431 3125 502 3176; x_wconf 85' lang='lat' dir='ltr'><strong>satis</strong></span> <span class='ocrx_word' id='word_1_342' title='bbox 519 3127 618 3177; x_wconf 86' lang='lat' dir='ltr'><strong>testari</strong></span> <span class='ocrx_word' id='word_1_343' title='bbox 629 3126 765 3192; x_wconf 84' lang='lat' dir='ltr'><strong>videntur,</strong></span> <span class='ocrx_word' id='word_1_344' title='bbox 819 3127 883 3193; x_wconf 83' lang='lat' dir='ltr'><strong>quel</strong></span> <span class='ocrx_word' id='word_1_345' title='bbox 909 3130 1013 3194; x_wconf 79' lang='lat' dir='ltr'><strong>partito</strong></span> <span class='ocrx_word' id='word_1_346' title='bbox 1039 3127 1193 3194; x_wconf 81' lang='lat' dir='ltr'><strong>appIgiiare</strong></span> <span class='ocrx_word' id='word_1_347' title='bbox 1217 3127 1242 3177; x_wconf 88' lang='lat' dir='ltr'><strong>ei</strong></span> <span class='ocrx_word' id='word_1_348' title='bbox 1265 3127 1361 3178; x_wconf 84' lang='lat' dir='ltr'><strong>deves-</strong></span> 
     </span>
     <span class='ocr_line' id='line_1_36' title="bbox 227 3191 1362 3262; baseline 0 -18"><span class='ocrx_word' id='word_1_349' title='bbox 227 3209 312 3259; x_wconf 86' lang='lat' dir='ltr'><strong>eoque</strong></span> <span class='ocrx_word' id='word_1_350' title='bbox 330 3193 414 3243; x_wconf 86' lang='lat' dir='ltr'><strong>etiem</strong></span> <span class='ocrx_word' id='word_1_351' title='bbox 426 3191 487 3244; x_wconf 86' lang='lat' dir='ltr'><strong>loeo</strong></span> <span class='ocrx_word' id='word_1_352' title='bbox 499 3199 575 3245; x_wconf 86' lang='lat' dir='ltr'><strong>reete</strong></span> <span class='ocrx_word' id='word_1_353' title='bbox 587 3193 656 3244; x_wconf 88' lang='lat' dir='ltr'><strong>illud</strong></span> <span class='ocrx_word' id='word_1_354' title='bbox 668 3211 765 3260; x_wconf 82' lang='lat' dir='ltr'><strong>posue·</strong></span> <span class='ocrx_word' id='word_1_355' title='bbox 817 3211 889 3258; x_wconf 75' lang='grc' dir='ltr'><strong><em>νοτυς</em></strong></span> <span class='ocrx_word' id='word_1_356' title='bbox 903 3196 997 3262; x_wconf 91' lang='lat' dir='ltr'><strong>quindi</strong></span> <span class='ocrx_word' id='word_1_357' title='bbox 1009 3195 1150 3246; x_wconf 88' lang='lat' dir='ltr'><strong>esseudoei</strong></span> <span class='ocrx_word' id='word_1_358' title='bbox 1162 3195 1323 3261; x_wconf 77' lang='lat' dir='ltr'><strong>eousrglratr</strong></span> <span class='ocrx_word' id='word_1_359' title='bbox 1335 3196 1362 3244; x_wconf 84' lang='lat' dir='ltr'><strong>dr</strong></span> 
     </span>
     <span class='ocr_line' id='line_1_37' title="bbox 225 3260 1361 3329; baseline 0 -17"><span class='ocrx_word' id='word_1_360' title='bbox 225 3265 287 3312; x_wconf 88' lang='lat' dir='ltr'><strong>runt</strong></span> <span class='ocrx_word' id='word_1_361' title='bbox 303 3260 468 3311; x_wconf 84' lang='lat' dir='ltr'><strong>Mnensoher</strong></span> <span class='ocrx_word' id='word_1_362' title='bbox 483 3260 501 3311; x_wconf 90' lang='lat' dir='ltr'><strong>l.</strong></span> <span class='ocrx_word' id='word_1_363' title='bbox 515 3261 533 3312; x_wconf 93' lang='lat' dir='ltr'><strong>I.</strong></span> <span class='ocrx_word' id='word_1_364' title='bbox 551 3279 577 3327; x_wconf 91' lang='lat' dir='ltr'><strong>p.</strong></span> <span class='ocrx_word' id='word_1_365' title='bbox 590 3261 607 3312; x_wconf 88' lang='grc'><strong>0</strong></span> <span class='ocrx_word' id='word_1_366' title='bbox 619 3265 653 3313; x_wconf 91' lang='lat' dir='ltr'><strong>&#39;et</strong></span> <span class='ocrx_word' id='word_1_367' title='bbox 670 3263 765 3314; x_wconf 77' lang='lat' dir='ltr'><strong>Leuke</strong></span> <span class='ocrx_word' id='word_1_368' title='bbox 818 3264 1003 3329; x_wconf 82' lang='lat' dir='ltr'><strong>neenmparsi‚</strong></span> <span class='ocrx_word' id='word_1_369' title='bbox 1029 3263 1140 3313; x_wconf 89' lang='lat' dir='ltr'><strong>diedero</strong></span> <span class='ocrx_word' id='word_1_370' title='bbox 1162 3262 1188 3312; x_wconf 92' lang='lat' dir='ltr'><strong>Ie</strong></span> <span class='ocrx_word' id='word_1_371' title='bbox 1209 3268 1361 3328; x_wconf 88' lang='lat' dir='ltr'><strong>opportune</strong></span> 
     </span>
     <span class='ocr_line' id='line_1_38' title="bbox 224 3326 1360 3398; baseline 0 -18"><span class='ocrx_word' id='word_1_372' title='bbox 224 3331 243 3380; x_wconf 90' lang='lat' dir='ltr'><strong>I.</strong></span> <span class='ocrx_word' id='word_1_373' title='bbox 257 3329 275 3380; x_wconf 93' lang='lat' dir='ltr'><strong>l.</strong></span> <span class='ocrx_word' id='word_1_374' title='bbox 293 3345 357 3396; x_wconf 78' lang='lat' dir='ltr'><strong>pag.</strong></span> <span class='ocrx_word' id='word_1_375' title='bbox 370 3326 428 3390; x_wconf 82' lang='grc'><strong>304,</strong></span> <span class='ocrx_word' id='word_1_376' title='bbox 448 3329 494 3394; x_wconf 90' lang='lat' dir='ltr'><strong>qui</strong></span> <span class='ocrx_word' id='word_1_377' title='bbox 512 3335 588 3380; x_wconf 84' lang='lat' dir='ltr'><strong>reete</strong></span> <span class='ocrx_word' id='word_1_378' title='bbox 605 3347 714 3382; x_wconf 87' lang='lat' dir='ltr'><strong>monere</strong></span> <span class='ocrx_word' id='word_1_379' title='bbox 727 3333 767 3381; x_wconf 85' lang='lat' dir='ltr'><strong>vi·</strong></span> <span class='ocrx_word' id='word_1_380' title='bbox 817 3332 1008 3398; x_wconf 80' lang='lat' dir='ltr'><strong>dIsposizioni;</strong></span> <span class='ocrx_word' id='word_1_381' title='bbox 1023 3330 1205 3381; x_wconf 88' lang='lat' dir='ltr'><strong>efinalmente</strong></span> <span class='ocrx_word' id='word_1_382' title='bbox 1218 3331 1360 3396; x_wconf 81' lang='lat' dir='ltr'><strong>ripigiiete</strong></span> 
     </span>
     <span class='ocr_line' id='line_1_39' title="bbox 224 3397 1361 3464; baseline -0.001 -16"><span class='ocrx_word' id='word_1_383' title='bbox 224 3399 317 3460; x_wconf 89' lang='lat' dir='ltr'><strong>detur,</strong></span> <span class='ocrx_word' id='word_1_384' title='bbox 333 3401 446 3464; x_wconf 83' lang='lat' dir='ltr'><strong>postera</strong></span> <span class='ocrx_word' id='word_1_385' title='bbox 460 3401 552 3448; x_wconf 77' lang='lat' dir='ltr'><strong>aetate</strong></span> <span class='ocrx_word' id='word_1_386' title='bbox 570 3399 622 3448; x_wconf 88' lang='lat' dir='ltr'><strong>hoe</strong></span> <span class='ocrx_word' id='word_1_387' title='bbox 635 3399 766 3464; x_wconf 88' lang='lat' dir='ltr'><strong>templum</strong></span> <span class='ocrx_word' id='word_1_388' title='bbox 817 3399 843 3449; x_wconf 92' lang='lat' dir='ltr'><strong>le</strong></span> <span class='ocrx_word' id='word_1_389' title='bbox 858 3401 934 3462; x_wconf 86' lang='lat' dir='ltr'><strong>armi,</strong></span> <span class='ocrx_word' id='word_1_390' title='bbox 948 3399 1098 3449; x_wconf 81' lang='lat' dir='ltr'><strong>enderouei</strong></span> <span class='ocrx_word' id='word_1_391' title='bbox 1111 3413 1218 3462; x_wconf 47' lang='lat' dir='ltr'><strong>avporre</strong></span> <span class='ocrx_word' id='word_1_392' title='bbox 1231 3397 1308 3463; x_wconf 76' lang='lat' dir='ltr'><strong>negti</strong></span> <span class='ocrx_word' id='word_1_393' title='bbox 1322 3397 1361 3448; x_wconf 88' lang='lat' dir='ltr'><strong>al-</strong></span> 
     </span>
     <span class='ocr_line' id='line_1_40' title="bbox 223 3465 1305 3533; baseline -0.004 -16"><span class='ocrx_word' id='word_1_394' title='bbox 223 3467 359 3517; x_wconf 85' lang='lat' dir='ltr'><strong>deeertum</strong></span> <span class='ocrx_word' id='word_1_395' title='bbox 378 3479 453 3527; x_wconf 86' lang='lat' dir='ltr'><strong>esse,</strong></span> <span class='ocrx_word' id='word_1_396' title='bbox 471 3481 531 3516; x_wconf 87' lang='lat' dir='ltr'><strong>oum</strong></span> <span class='ocrx_word' id='word_1_397' title='bbox 547 3466 623 3516; x_wconf 90' lang='lat' dir='ltr'><strong>aliud</strong></span> <span class='ocrx_word' id='word_1_398' title='bbox 636 3466 692 3517; x_wconf 91' lang='lat' dir='ltr'><strong>alio</strong></span> <span class='ocrx_word' id='word_1_399' title='bbox 705 3467 766 3517; x_wconf 87' lang='lat' dir='ltr'><strong>loeo</strong></span> <span class='ocrx_word' id='word_1_400' title='bbox 817 3467 997 3533; x_wconf 80' lang='lat' dir='ltr'><strong>leggiementi</strong></span> <span class='ocrx_word' id='word_1_401' title='bbox 1009 3468 1118 3516; x_wconf 86' lang='lat' dir='ltr'><strong>intorno</strong></span> <span class='ocrx_word' id='word_1_402' title='bbox 1132 3465 1158 3514; x_wconf 81' lang='lat' dir='ltr'><strong>el</strong></span> <span class='ocrx_word' id='word_1_403' title='bbox 1172 3465 1305 3530; x_wconf 86' lang='lat' dir='ltr'><strong>tempio.“</strong></span> 
     </span>
     <span class='ocr_line' id='line_1_41' title="bbox 223 3533 765 3598; baseline 0 -14"><span class='ocrx_word' id='word_1_404' title='bbox 223 3535 335 3585; x_wconf 91' lang='lat' dir='ltr'><strong>Iunonis</strong></span> <span class='ocrx_word' id='word_1_405' title='bbox 345 3533 474 3598; x_wconf 84' lang='lat' dir='ltr'><strong>templum</strong></span> <span class='ocrx_word' id='word_1_406' title='bbox 486 3539 561 3584; x_wconf 88' lang='lat' dir='ltr'><strong>esset</strong></span> <span class='ocrx_word' id='word_1_407' title='bbox 574 3538 705 3584; x_wconf 86' lang='lat' dir='ltr'><strong>ereetum.</strong></span> <span class='ocrx_word' id='word_1_408' title='bbox 723 3535 765 3584; x_wconf 90' lang='lat' dir='ltr'><strong>De</strong></span> 
     </span>
     <span class='ocr_line' id='line_1_42' title="bbox 224 3600 1156 3684; baseline -0.001 -32"><span class='ocrx_word' id='word_1_409' title='bbox 224 3603 373 3667; x_wconf 76' lang='lat' dir='ltr'><strong>Gorpopltia</strong></span> <span class='ocrx_word' id='word_1_410' title='bbox 384 3600 439 3653; x_wconf 83' lang='lat' dir='ltr'><strong>vid.</strong></span> <span class='ocrx_word' id='word_1_411' title='bbox 452 3606 520 3652; x_wconf 81' lang='lat' dir='ltr'><strong>noti.</strong></span> <span class='ocrx_word' id='word_1_412' title='bbox 534 3602 569 3652; x_wconf 84' lang='lat' dir='ltr'><strong>nd</strong></span> <span class='ocrx_word' id='word_1_413' title='bbox 582 3602 630 3663; x_wconf 84' lang='lat' dir='ltr'><strong>IX,</strong></span> <span class='ocrx_word' id='word_1_414' title='bbox 642 3602 684 3651; x_wconf 79' lang='lat'><strong>25.</strong></span> <span class='ocrx_word' id='word_1_415' title='bbox 1012 3634 1032 3684; x_wconf 73' lang='lat' dir='ltr'>c</span> <span class='ocrx_word' id='word_1_416' title='bbox 1092 3634 1156 3684; x_wconf 68' lang='lat' dir='ltr'><strong>Lm</strong></span> 
     </span>
     <span class='ocr_line' id='line_1_43' title="bbox 258 3650 1165 3737; baseline -0.001 -16"><span class='ocrx_word' id='word_1_417' title='bbox 258 3657 552 3737; x_wconf 60' lang='grc' dir='ltr'><strong><em>ἔθεντον-τάδπλα]</em></strong></span> <span class='ocrx_word' id='word_1_418' title='bbox 570 3670 612 3720; x_wconf 86' lang='grc' dir='ltr'><strong><em>Ι)ε</em></strong></span> <span class='ocrx_word' id='word_1_419' title='bbox 628 3670 766 3720; x_wconf 78' lang='lat' dir='ltr'><strong>locutione</strong></span> <span class='ocrx_word' id='word_1_420' title='bbox 1035 3650 1078 3685; x_wconf 58' lang='grc' dir='ltr'><strong>ΔΡ·</strong></span> <span class='ocrx_word' id='word_1_421' title='bbox 1159 3673 1165 3686; x_wconf 91' lang='grc'><strong>“</strong></span> 
     </span>
     <span class='ocr_line' id='line_1_44' title="bbox 223 3729 1361 3804; baseline -0.001 -20"><span class='ocrx_word' id='word_1_422' title='bbox 223 3736 279 3785; x_wconf 78' lang='lat' dir='ltr'><strong>dixi</strong></span> <span class='ocrx_word' id='word_1_423' title='bbox 290 3737 325 3785; x_wconf 83' lang='lat' dir='ltr'><strong>ed</strong></span> <span class='ocrx_word' id='word_1_424' title='bbox 337 3737 359 3796; x_wconf 91' lang='lat'><strong>1,</strong></span> <span class='ocrx_word' id='word_1_425' title='bbox 372 3733 414 3785; x_wconf 77' lang='grc'><strong>02.</strong></span> <span class='ocrx_word' id='word_1_426' title='bbox 438 3736 530 3787; x_wconf 81' lang='lat' dir='ltr'><strong>Minue</strong></span> <span class='ocrx_word' id='word_1_427' title='bbox 544 3741 690 3800; x_wconf 80' lang='lat' dir='ltr'><strong>accurate,</strong></span> <span class='ocrx_word' id='word_1_428' title='bbox 708 3739 766 3802; x_wconf 90' lang='lat' dir='ltr'><strong>opi·</strong></span> <span class='ocrx_word' id='word_1_429' title='bbox 851 3729 1036 3804; x_wconf 77' lang='grc' dir='ltr'><strong><em>παρήγγελλε]</em></strong></span> <span class='ocrx_word' id='word_1_430' title='bbox 1048 3737 1091 3786; x_wconf 85' lang='lat' dir='ltr'><strong>Ite</strong></span> <span class='ocrx_word' id='word_1_431' title='bbox 1102 3751 1162 3786; x_wconf 87' lang='lat' dir='ltr'><strong>eum</strong></span> <span class='ocrx_word' id='word_1_432' title='bbox 1172 3737 1288 3785; x_wconf 81' lang='lat' dir='ltr'><strong>recenti.</strong></span> <span class='ocrx_word' id='word_1_433' title='bbox 1300 3734 1361 3784; x_wconf 92' lang='lat' dir='ltr'><strong>edd.</strong></span> 
     </span>
     <span class='ocr_line' id='line_1_45' title="bbox 223 3801 1362 3869; baseline -0.001 -17"><span class='ocrx_word' id='word_1_434' title='bbox 223 3818 281 3863; x_wconf 86' lang='lat' dir='ltr'><strong>nor,</strong></span> <span class='ocrx_word' id='word_1_435' title='bbox 294 3802 460 3868; x_wconf 81' lang='lat' dir='ltr'><strong>wesseling.</strong></span> <span class='ocrx_word' id='word_1_436' title='bbox 478 3803 580 3856; x_wconf 86' lang='lat' dir='ltr'><strong>reddit:</strong></span> <span class='ocrx_word' id='word_1_437' title='bbox 599 3811 708 3869; x_wconf 62' lang='grc' dir='ltr'><strong><em>,ποείνα</em></strong></span> <span class='ocrx_word' id='word_1_438' title='bbox 718 3821 767 3854; x_wconf 82' lang='lat' dir='ltr'><strong>me·</strong></span> <span class='ocrx_word' id='word_1_439' title='bbox 818 3804 930 3854; x_wconf 80' lang='lat' dir='ltr'><strong>exhibui</strong></span> <span class='ocrx_word' id='word_1_440' title='bbox 942 3804 1085 3854; x_wconf 81' lang='lat' dir='ltr'><strong>eFloreut.</strong></span> <span class='ocrx_word' id='word_1_441' title='bbox 1100 3802 1277 3854; x_wconf 82' lang='lat' dir='ltr'><strong>etSencrotti</strong></span> <span class='ocrx_word' id='word_1_442' title='bbox 1289 3801 1362 3852; x_wconf 91' lang='lat' dir='ltr'><strong>libro</strong></span> 
     </span>
    </p>
   </div>
   <div class='ocr_carea' id='block_1_4' title="bbox 223 3863 1361 3989">
    <p class='ocr_par' dir='ltr' id='par_1_4' title="bbox 223 3863 1361 3989">
     <span class='ocr_line' id='line_1_46' title="bbox 223 3863 1361 3989; baseline 0.001 -71"><span class='ocrx_word' id='word_1_443' title='bbox 223 3869 466 3934; x_wconf 67' lang='grc' dir='ltr'><strong><em>λαίλίυενυπίελνε,</em></strong></span> <span class='ocrx_word' id='word_1_444' title='bbox 480 3873 653 3938; x_wconf 84' lang='lat' dir='ltr'><strong>utsequitnr,</strong></span> <span class='ocrx_word' id='word_1_445' title='bbox 668 3864 766 3936; x_wconf 77' lang='grc' dir='ltr'><strong><em>ἐστρα-</em></strong></span> <span class='ocrx_word' id='word_1_446' title='bbox 816 3889 865 3989; x_wconf 64' lang='lat' dir='ltr'><strong>pro</strong></span> <span class='ocrx_word' id='word_1_447' title='bbox 894 3871 968 3937; x_wconf 77' lang='lat' dir='ltr'><strong>vulg.</strong></span> <span class='ocrx_word' id='word_1_448' title='bbox 999 3863 1172 3936; x_wconf 83' lang='grc' dir='ltr'><strong><em>παρήγγελε,</em></strong></span> <span class='ocrx_word' id='word_1_449' title='bbox 1201 3869 1271 3934; x_wconf 91' lang='lat' dir='ltr'><strong>quod</strong></span> <span class='ocrx_word' id='word_1_450' title='bbox 1300 3885 1361 3919; x_wconf 84' lang='lat' dir='ltr'><strong>oum</strong></span> 
     </span>
    </p>
   </div>
   <div class='ocr_carea' id='block_1_5' title="bbox 223 3929 1362 4409">
    <p class='ocr_par' dir='ltr' id='par_1_5' title="bbox 223 3929 1362 4409">
     <span class='ocr_line' id='line_1_47' title="bbox 223 3929 1361 4012; baseline 0 -26"><span class='ocrx_word' id='word_1_451' title='bbox 223 3929 450 4012; x_wconf 65' lang='grc' dir='ltr'><strong><em>τοπεδετξοντο.“</em></strong></span> <span class='ocrx_word' id='word_1_452' title='bbox 479 3940 548 3990; x_wconf 88' lang='lat' dir='ltr'><strong>Nam</strong></span> <span class='ocrx_word' id='word_1_453' title='bbox 566 3941 649 3992; x_wconf 85' lang='lat' dir='ltr'><strong>verbo</strong></span> <span class='ocrx_word' id='word_1_454' title='bbox 669 3931 764 4003; x_wconf 73' lang='grc' dir='ltr'><strong><em>ἐστρα-</em></strong></span> <span class='ocrx_word' id='word_1_455' title='bbox 838 3936 1361 3990; x_wconf 83' lang='lat' dir='ltr'><strong>chaeterotuetanuttmann.Gr.mai.</strong></span> 
     </span>
     <span class='ocr_line' id='line_1_48' title="bbox 223 4001 1361 4072; baseline 0.003 -19"><span class='ocrx_word' id='word_1_456' title='bbox 223 4001 413 4054; x_wconf 81' lang='grc' dir='ltr'><strong><em>τοπεδευοντο</em></strong></span> <span class='ocrx_word' id='word_1_457' title='bbox 441 4005 515 4055; x_wconf 91' lang='lat' dir='ltr'><strong>aliud</strong></span> <span class='ocrx_word' id='word_1_458' title='bbox 542 4007 660 4058; x_wconf 78' lang='lat' dir='ltr'><strong>indicari</strong></span> <span class='ocrx_word' id='word_1_459' title='bbox 683 4013 765 4072; x_wconf 83' lang='lat' dir='ltr'><strong>etque</strong></span> <span class='ocrx_word' id='word_1_460' title='bbox 816 4007 852 4058; x_wconf 91' lang='lat'><strong>11.</strong></span> <span class='ocrx_word' id='word_1_461' title='bbox 865 4023 929 4072; x_wconf 75' lang='lat' dir='ltr'><strong>pag.</strong></span> <span class='ocrx_word' id='word_1_462' title='bbox 942 4006 988 4069; x_wconf 79' lang='lat'><strong>62,</strong></span> <span class='ocrx_word' id='word_1_463' title='bbox 1008 4005 1200 4072; x_wconf 82' lang='lat' dir='ltr'><strong>imperfectum</strong></span> <span class='ocrx_word' id='word_1_464' title='bbox 1217 4004 1281 4054; x_wconf 84' lang='lat' dir='ltr'><strong>huie</strong></span> <span class='ocrx_word' id='word_1_465' title='bbox 1299 4005 1361 4056; x_wconf 86' lang='lat' dir='ltr'><strong>loeo</strong></span> 
     </span>
     <span class='ocr_line' id='line_1_49' title="bbox 223 4062 1362 4152; baseline 0.002 -32"><span class='ocrx_word' id='word_1_466' title='bbox 223 4070 395 4136; x_wconf 82' lang='lat' dir='ltr'><strong>praegressis</strong></span> <span class='ocrx_word' id='word_1_467' title='bbox 420 4063 522 4122; x_wconf 76' lang='grc' dir='ltr'><strong><em>ἔθεντο</em></strong></span> <span class='ocrx_word' id='word_1_468' title='bbox 545 4069 579 4124; x_wconf 72' lang='lat' dir='ltr'><strong>rei</strong></span> <span class='ocrx_word' id='word_1_469' title='bbox 602 4062 689 4139; x_wconf 83' lang='grc' dir='ltr'><strong><em>ὅπλα,</em></strong></span> <span class='ocrx_word' id='word_1_470' title='bbox 719 4076 766 4124; x_wconf 77' lang='lat' dir='ltr'><strong>vir</strong></span> <span class='ocrx_word' id='word_1_471' title='bbox 817 4076 965 4125; x_wconf 79' lang='lat' dir='ltr'><strong>convenire</strong></span> <span class='ocrx_word' id='word_1_472' title='bbox 975 4089 1089 4152; x_wconf 54' lang='lat' dir='ltr'><strong>negans</strong></span> <span class='ocrx_word' id='word_1_473' title='bbox 1101 4099 1130 4108; x_wconf 92' lang='lat'>—</span> <span class='ocrx_word' id='word_1_474' title='bbox 1145 4073 1178 4122; x_wconf 88' lang='lat' dir='ltr'><strong>In</strong></span> <span class='ocrx_word' id='word_1_475' title='bbox 1188 4087 1264 4136; x_wconf 89' lang='lat' dir='ltr'><strong>seqq.</strong></span> <span class='ocrx_word' id='word_1_476' title='bbox 1275 4073 1362 4123; x_wconf 86' lang='lat' dir='ltr'><strong>verba</strong></span> 
     </span>
     <span class='ocr_line' id='line_1_50' title="bbox 224 4132 1362 4204; baseline 0.001 -17"><span class='ocrx_word' id='word_1_477' title='bbox 224 4153 387 4202; x_wconf 84' lang='lat' dir='ltr'><strong>quemquem</strong></span> <span class='ocrx_word' id='word_1_478' title='bbox 412 4138 508 4204; x_wconf 83' lang='lat' dir='ltr'><strong>fugiet.</strong></span> <span class='ocrx_word' id='word_1_479' title='bbox 547 4141 665 4192; x_wconf 88' lang='lat' dir='ltr'><strong>Primum</strong></span> <span class='ocrx_word' id='word_1_480' title='bbox 693 4143 766 4191; x_wconf 89' lang='lat' dir='ltr'><strong>euim</strong></span> <span class='ocrx_word' id='word_1_481' title='bbox 818 4132 1362 4202; x_wconf 81' lang='grc' dir='ltr'><strong><em>ίέναικατάτουςαλλονςτοδςτιροϊόν-</em></strong></span> 
     </span>
     <span class='ocr_line' id='line_1_51' title="bbox 223 4205 1362 4274; baseline 0.001 -19"><span class='ocrx_word' id='word_1_482' title='bbox 223 4205 271 4255; x_wconf 88' lang='lat' dir='ltr'><strong>ubi</strong></span> <span class='ocrx_word' id='word_1_483' title='bbox 282 4205 461 4268; x_wconf 84' lang='lat' dir='ltr'><strong>advenerunt,</strong></span> <span class='ocrx_word' id='word_1_484' title='bbox 474 4209 500 4256; x_wconf 83' lang='lat' dir='ltr'><strong>in</strong></span> <span class='ocrx_word' id='word_1_485' title='bbox 509 4209 587 4258; x_wconf 77' lang='lat' dir='ltr'><strong>aciem</strong></span> <span class='ocrx_word' id='word_1_486' title='bbox 597 4213 766 4260; x_wconf 80' lang='lat' dir='ltr'><strong>consederunt</strong></span> <span class='ocrx_word' id='word_1_487' title='bbox 816 4225 867 4266; x_wconf 86' lang='grc' dir='ltr'><strong><em>τας</em></strong></span> <span class='ocrx_word' id='word_1_488' title='bbox 881 4210 1002 4274; x_wconf 83' lang='lat' dir='ltr'><strong>accipio:</strong></span> <span class='ocrx_word' id='word_1_489' title='bbox 1015 4207 1103 4260; x_wconf 77' lang='lat' dir='ltr'><strong>eidem</strong></span> <span class='ocrx_word' id='word_1_490' title='bbox 1113 4209 1239 4272; x_wconf 76' lang='lat' dir='ltr'><strong>propredi</strong></span> <span class='ocrx_word' id='word_1_491' title='bbox 1249 4207 1297 4262; x_wconf 82' lang='lat' dir='ltr'><strong>oid,</strong></span> <span class='ocrx_word' id='word_1_492' title='bbox 1311 4223 1362 4273; x_wconf 81' lang='lat' dir='ltr'><strong>qua</strong></span> 
     </span>
     <span class='ocr_line' id='line_1_52' title="bbox 224 4273 1361 4342; baseline 0.002 -20"><span class='ocrx_word' id='word_1_493' title='bbox 224 4273 282 4323; x_wconf 84' lang='lat' dir='ltr'><strong>sive</strong></span> <span class='ocrx_word' id='word_1_494' title='bbox 312 4275 404 4323; x_wconf 79' lang='lat' dir='ltr'><strong>armati</strong></span> <span class='ocrx_word' id='word_1_495' title='bbox 432 4277 597 4325; x_wconf 78' lang='lat' dir='ltr'><strong>constiterunt</strong></span> <span class='ocrx_word' id='word_1_496' title='bbox 626 4277 703 4336; x_wconf 72' lang='lat' dir='ltr'><strong>(non</strong></span> <span class='ocrx_word' id='word_1_497' title='bbox 728 4281 765 4332; x_wconf 82' lang='grc' dir='ltr'><strong>ελτ</strong></span> <span class='ocrx_word' id='word_1_498' title='bbox 816 4278 1075 4342; x_wconf 82' lang='lat' dir='ltr'><strong>retiquiproeierunt.</strong></span> <span class='ocrx_word' id='word_1_499' title='bbox 1099 4277 1188 4340; x_wconf 84' lang='lat' dir='ltr'><strong>Atque</strong></span> <span class='ocrx_word' id='word_1_500' title='bbox 1200 4276 1241 4323; x_wconf 83' lang='lat' dir='ltr'><strong>ita</strong></span> <span class='ocrx_word' id='word_1_501' title='bbox 1254 4289 1361 4339; x_wconf 89' lang='lat' dir='ltr'><strong>quoque</strong></span> 
     </span>
     <span class='ocr_line' id='line_1_53' title="bbox 223 4331 1360 4409; baseline 0.001 -19"><span class='ocrx_word' id='word_1_502' title='bbox 223 4341 430 4406; x_wconf 78' lang='grc' dir='ltr'><strong><em>ταοολίοοίίαλλ);</em></strong></span> <span class='ocrx_word' id='word_1_503' title='bbox 440 4342 575 4409; x_wconf 82' lang='lat' dir='ltr'><strong>quotaeto</strong></span> <span class='ocrx_word' id='word_1_504' title='bbox 586 4341 775 4394; x_wconf 64' lang='lat' dir='ltr'><strong>adHeraeum‘</strong></span> <span class='ocrx_word' id='word_1_505' title='bbox 817 4344 897 4406; x_wconf 80' lang='lat'>111,4</span> <span class='ocrx_word' id='word_1_506' title='bbox 914 4334 1085 4402; x_wconf 86' lang='grc' dir='ltr'><strong><em>ἀποστείλας</em></strong></span> <span class='ocrx_word' id='word_1_507' title='bbox 1101 4331 1166 4394; x_wconf 79' lang='grc' dir='ltr'><strong><em>κατ’</em></strong></span> <span class='ocrx_word' id='word_1_508' title='bbox 1179 4331 1283 4406; x_wconf 71' lang='grc' dir='ltr'><strong><em>αὐτὸν,</em></strong></span> <span class='ocrx_word' id='word_1_509' title='bbox 1302 4343 1320 4392; x_wconf 94' lang='grc' dir='ltr'><strong>λ.</strong></span> <span class='ocrx_word' id='word_1_510' title='bbox 1336 4357 1360 4392; x_wconf 87' lang='grc' dir='ltr'><strong>ε.</strong></span> 
     </span>
    </p>
   </div>
   <div class='ocr_carea' id='block_1_6' title="bbox 0 0 1518 4970">
    <p class='ocr_par' dir='ltr' id='par_1_6' title="bbox 0 0 1518 4970">
     <span class='ocr_line' id='line_1_54' title="bbox 0 0 1518 4970; baseline 0 1"><span class='ocrx_word' id='word_1_511' title='bbox 0 0 1518 4970; x_wconf 95' lang='lat' dir='ltr'><strong> </strong></span> 
     </span>
    </p>
   </div>
  </div>
 </body>
</html>
