3066 4964
520 309 782 372 CALLIOPE.
805 315 864 374 IX.
886 321 1019 378 71-74.
1277 319 1338 382 327

200 488 233 566 ές
250 487 315 572 γῆν
331 480 394 571 τὴν
407 478 558 571 ’Δττικὴν
575 479 641 554 οὖν
658 487 801 572 στρατού
818 483 958 573 πλήθεϊ,
983 489 1038 556 καὶ
1062 483 1245 559 ἆνίστασαν
1262 487 1339 572 τούς

201 583 344 674 δήμους,
375 581 438 654 οὐκ
467 582 591 666 εἰδότες
618 589 675 654 ἵνα
692 579 880 669 ὑπεξέκειτο
902 582 922 674 ἡ
942 583 1073 676 Ἑλένη,
1102 586 1177 659 τότε
1204 593 1339 679 λέγουσι

197 684 276 768 τούς
294 689 470 774 Δεκελέας,
488 691 524 756 οί
540 687 576 756 δὲ
594 681 696 756 αὐτὸν
714 689 876 772 Δέκελον,
895 684 1084 778 ἀχθόμενόν
1101 717 1137 759 τε
1153 693 1195 781 τῇ
1212 695 1339 782 Θησέος

198 786 295 880 ὕβρι,
320 790 376 858 καί
400 795 611 878 δειμαίνοντα
629 789 704 878 περὶ
723 786 812 880 πάσῃ
829 793 871 880 τη
885 785 1075 878 Ἀθηναίων
1092 789 1199 881 χώρη,
1225 796 1337 883 ἐξηγη

198 887 345 980 σάμενόν
362 911 422 980 σφι
440 886 476 958 sd
495 893 562 959 πᾶν
579 893 724 979 πρῆγμα,
744 889 993 980 κατηγήσασθαι
1013 893 1066 960 ἐπὶ
1084 889 1142 973 τὰς
1157 889 1336 984 Ἀφίδνας,

197 989 255 1073 τὰς
279 988 320 1080 δὴ
350 988 503 1074 Τιτακὸς,
529 987 593 1060 ἔιδν
615 987 806 1080 αὐτόχθων,
832 999 1073 1082 καταπροδιδοῖ
1099 1001 1336 1086 Τυνδαρίδῃσι.

196 1110 282 1164 τοῖσι
301 1093 339 1162 δὲ
356 1095 539 1163 Δεκελεῦσι
559 1095 595 1162 έν
612 1091 751 1183 Σπάρτη
769 1090 833 1163 rimi
856 1091 977 1166 τούτου
999 1098 1060 1166 τοῦ
1084 1103 1183 1186 ἔργον
1206 1093 1337 1188 ἀτελείη

196 1223 232 1264 τε
250 1196 306 1264 καὶ
323 1199 484 1284 προεδρίη
503 1195 660 1263 διατελέει
680 1197 712 1275 ές
735 1193 811 1264 τόδε
834 1197 900 1264 criel
924 1201 971 1265 ἔτι
996 1200 1114 1285 ἐοῦσα,
1138 1195 1227 1268 οὕτω
1252 1195 1336 1270 ὥστε

197 1297 254 1365 καί
273 1299 306 1377 ἐς
323 1291 381 1365 τὸν
399 1292 543 1383 πόλεμον
565 1292 624 1365 τδν
647 1291 788 1384 ὕστερον
810 1305 960 1367 πολλοισι
984 1303 1069 1368 ἔτεσι
1092 1297 1220 1372 τούτων
1242 1299 1335 1388 γινό-

145 1421 305 1486 κοσμενον
328 1393 546 1485 Ἀθηναίοισί
568 1423 604 1465 τε
629 1398 685 1465 καὶ
711 1405 1027 1486 Πελοποννησίοισι,
1059 1403 1244 1490 σινομένων
1274 1399 1336 1490 τὴν

195 1495 300 1588 ἄλλην
315 1493 473 1585 Ἀττικὴν
491 1503 781 1587 Λακεδαιμονίων,
801 1508 980 1588 Δεκελείης
996 1496 1211 1589 ἀποσχέσθαι.
1252 1502 1333 1572 Ἰού·
1341 1515 1380 1576 74

196 1696 498 1762 'Iheseoscilraptam
511 1695 640 1761 puellam,
661 1701 738 1747 ante·
791 1697 917 1762 prolecto
938 1687 1100 1763 ἀπέχεσθαι
1124 1693 1277 1766 Δεκελέης,
1303 1701 1335 1751 nb

196 1780 277 1830 quam
289 1764 417 1816 Menelao
435 1763 560 1814 nuberet.
584 1763 669 1815 Plura
686 1763 739 1814 hac
791 1781 823 1814 eo
839 1765 979 1826 abstinere,
1005 1766 1080 1816 aliud
1098 1773 1260 1832 occupatam
1277 1785 1334 1819 mn-

195 1833 229 1882 de
246 1847 275 1881 rc
293 1831 371 1882 dabit
388 1830 528 1883 Plutarch.
540 1831 595 1881 Vit.
609 1831 692 1882 Thes.
706 1829 739 1882 ³2
790 1833 921 1882 nimentis
936 1839 964 1883 et
973 1833 1113 1899 praesidIo
1129 1835 1264 1886 instrucre
1277 1836 1334 1886 bel-

196 1898 232 1961 (ε.
246 1898 277 1949 31
292 1897 384 1962 ibique
398 1898 530 1963 Leopold.
544 1915 571 1964 p.
585 1897 645 1964 78);
664 1900 738 1950 coni.
790 1900 871 1966 loque
885 1901 977 1951 sedem
990 1901 1092 1966 legere.
1119 1901 1276 1968 Contigisse
1290 1919 1334 1955 res

195 1969 315 2017 Pausan.
333 1966 369 2016 II.
392 1965 434 2016 22.
456 1967 480 2026 θ.
499 1967 524 2028 7,
548 1967 685 2016 Meursius
703 1967 737 2016 rui
790 1967 911 2025 videtur,
937 1984 1007 2034 quac
1025 1974 1053 2018 et
1070 1969 1213 2020 Bouhierii
1230 1972 1332 2040 opinio,

194 2033 367 2099 Lycophron.
382 2032 737 2095 transsumimus
790 2034 857 2084 belli
881 2037 1125 2102 Peloponnesiaci,
1152 2038 1261 2101 quaudo
1284 2039 1334 2088 Ar-

194 2100 326 2152 Heroidd.
341 2099 428 2164 (VIII,
443 2098 498 2167 71).
517 2101 540 2150 Ι.
553 2117 580 2166 p.
593 2098 653 2150 266.
790 2102 933 2153 chidamus
944 2105 1065 2154 Atticam
1078 2105 1280 2155 incursionibus
1293 2107 1332 2155 in·

228 2165 278 2219 καλ
295 2161 469 2232 οἶνίστοισαν]
491 2169 509 2217 ἰ.
529 2183 552 2218 e.
573 2172 737 2230 expulerunt,
790 2171 892 2220 lostam
909 2171 1019 2231 habuit,
1049 2173 1186 2236 principio
1206 2169 1303 2236 [Olym
1326 2210 1331 2222 .

194 2239 481 2287 ruolocomooerunts.
497 2237 736 2312 cedereiusseruat.
789 2237 958 2298 LXXXVII,
983 2237 998 2285 'I
1023 2253 1044 2286 s.
1068 2237 1115 2286 431
1142 2254 1167 2286 a.
1193 2238 1255 2288 Clrr.
1277 2190 1331 2304 nl:

195 2304 275 2355 Cous.
288 2304 321 2365 V,
332 2303 373 2362 71,
392 2319 426 2352 ne
439 2302 531 2367 plnra;
550 2296 616 2360 τούς
629 2300 738 2367 δημσνς
789 2301 942 2366 Thucydid.
956 2303 1062 2364 11,10.“
1082 2306 1271 2367 Wesselinp.
1295 2307 1332 2354 Et

194 2373 295 2422 Noster
316 2371 387 2420 dixit
416 2385 503 2434 aeque
527 2377 610 2434 atque
634 2371 669 2426 V,
694 2368 735 2421 uu.
789 2371 914 2434 coquitur
937 2369 1150 2432 Wesselingium
1176 2370 1332 2420 Larchcrus

194 2438 278 2489 Hand
294 2437 398 2488 mutavi
414 2429 606 2497 ὑπεξέκειτο,
631 2453 648 2486 a
659 2437 737 2486 Diet-

194 2505 272 2556 schio
285 2509 416 2554 mutatum
429 2505 459 2554 ln
470 2497 595 2565 δπεξεκέ
603 2518 666 2582 ero,
679 2505 734 2553 vid.

194 2579 261 2623 nott.
276 2571 311 2621 ad
323 2573 397 2630 VIII,
410 2571 456 2631 413
474 2571 509 2620 ad
527 2571 639 2620 verbnm
651 2585 736 2622 νπεκ-

193 2639 313 2691 κεῖσθαι
328 2639 384 2692 vid.
402 2639 483 2700 VIII,
501 2637 543 2688 60.
565 2640 589 2699 5.
607 2640 623 2688 ⁶2
641 2638 735 2703 ibique

193 2712 276 2768 nott.;
288 2705 444 2756 adverbum
453 2701 735 2770 κατηγήσασθαινίδ.

194 2780 262 2825 nott.
277 2773 312 2824 ad
323 2773 385 2832 Vll,
398 2773 456 2824 215.
481 2775 523 2822 De
537 2775 664 2838 Aphidnts
681 2773 735 2823 vid.

194 2847 261 2892 nott.
277 2841 310 2891 ad
323 2839 400 2902 VIII,
415 2840 477 2903 1953
497 2841 530 2890 de
547 2841 635 2891 Tituco
649 2842 737 2891 citant

193 2910 358 2975 Harpocrat.
377 2923 399 2957 s.
413 2923 439 2958 r.
453 2907 526 2958 Suid.
544 2923 566 2959 s.
580 2925 605 2958 v.
622 2907 738 2959 Τιτακί-

789 2437 855 2486 item
875 2451 909 2485 ue
927 2435 1046 2486 Schoell.
1065 2435 1116 2499 [cl.
1131 2435 1266 2502 Philolog.
1283 2439 1330 2488 1x.

788 2521 814 2570 p.
831 2453 905 2566 lul).
925 2506 970 2554 cui
983 2504 1036 2554 hoe
1049 2519 1115 2553 sane
1129 2503 1332 2555 multoridetur

788 2570 972 2637 probabilius:
983 2586 1071 2636 neque
1083 2570 1331 2622 aliterstatuuntc.

789 2639 820 2688 Ο.
828 2638 945 2688 Mueller
955 2639 1064 2703 (Kleine
1076 2637 1331 2691 DeutscheSchrilt.

787 2707 878 2772 Ipag.
887 2705 934 2771 35)
948 2711 977 2756 et
990 2707 1110 2756 Rubiuo:
1124 2707 1166 2755 De
1179 2711 1264 2756 morte
1276 2708 1331 2757 Ile-

788 2773 876 2824 rodoti
888 2789 951 2839 pag.
964 2773 990 2838 6,
1012 2772 1134 2824 Ullrich:
1153 2773 1202 2824 das
1212 2774 1256 2824 Me
1279 2775 1331 2824 ari·

788 2841 855 2892 eche
867 2841 1030 2907 PsephIsma
1041 2858 1067 2906 p.
1079 2841 1117 2892 12.
1130 2846 1185 2890 not.
1196 2841 1238 2891 23.
1259 2790 1331 2892 lion·

788 2911 904 2960 trariam
926 2909 1091 2960 sententiam
1114 2914 1224 2959 tuentur
1244 2909 1330 2960 Dahl-

195 2975 244 3026 δαι
257 2976 307 3026 III.
326 2992 352 3041 p.
366 2974 425 3025 479.
448 2975 567 3039 Etymol.
584 2976 620 3026 Μ.
639 2994 665 3042 p.
678 2975 737 3027 760.

195 3044 288 3110 Steph.
301 3044 367 3106 Bya.
381 3059 408 3108 p.
421 3042 468 3091 711
483 3059 504 3092 a.
517 3059 542 3092 κ.
558 3042 719 3094 Τιτακίδαι.

229 3103 261 3162 ίν
277 3102 398 3175 Σπάρτη
419 3100 477 3160 α’πό
496 3103 598 3160 τούτου
620 3109 671 3161 τοῦ
694 3105 737 3174 lp·

194 3175 257 3243 γον]
281 3179 324 3228 Ita
345 3177 524 3228 I‘lorentinns
549 3185 580 3254 et
598 3177 738 3228 Sancrolti

194 3245 266 3296 liber
278 3261 338 3295 cum
357 3245 430 3298 aliis.
454 3245 544 3310 Vulgo
560 3240 618 3294 απὸ
634 3238 738 3295 τούτου

194 3311 246 3364 τοῦ
258 3306 343 3377 ἔργον
357 3303 387 3362 έν
400 3303 530 3377 Σπάρτη,
550 3327 664 3378 eumque
677 3327 737 3362 ver-

194 3381 288 3432 borum
306 3379 429 3430 ordinem
446 3380 617 3429 retinuerunt
634 3379 736 3429 Sohae-

195 3449 270 3498 Ierus
283 3451 312 3498 et
323 3446 469 3496 Matthiae.
482 3473 516 3482 -
527 3446 569 3495 Ad
582 3461 657 3511 seqq.
670 3437 735 3496 cirs-

195 3513 256 3580 λειή
275 3529 304 3565 τε
322 3509 372 3564 καὶ
389 3511 528 3578 προεδρίη
544 3513 599 3563 vid.
618 3519 687 3564 nott.
702 3513 736 3562 ad

194 3583 220 3644 I,
237 3581 279 3632 54.
315 3581 377 3630 Mox
395 3581 525 3632 revocavi
543 3575 699 3645 σινομένων
720 3596 737 3630 a

194 3649 457 3714 Schweighaeusero
488 3653 619 3698 mutatum
645 3649 673 3696 in
697 3661 736 3698 σι-

181 3710 365 3780 -νεομένων,
379 3715 450 3781 quod
462 3715 601 3766 Sanctolti
613 3715 684 3765 liber
697 3715 737 3765 at'-

194 3784 315 3845 lerehat3
334 3783 383 3833 sed
394 3783 451 3833 rid.
464 3784 512 3846 lx,
521 3781 553 3834 13
563 3783 657 3848 ibique
669 3787 736 3832 nott.

228 3847 382 3915 Aaaatslqc
393 3840 584 3916 α’ποσχέσθαι]
605 3851 737 3910 „Referri

196 3919 268 3970 solet
280 3919 314 3968 ad
329 3933 429 3968 annum
442 3918 550 3984 Olymp.
563 3918 635 3974 XCI.
648 3917 664 3968 3
678 3915 737 3982 [41³

196 4001 213 4035 a
233 3986 296 4036 Chr.
319 3981 374 4050 n.]‚
401 4000 453 4050 quo
474 3987 554 4050 Agis,
579 3985 738 4035 Archidami

195 4053 283 4114 lilius,
309 4053 461 4103 Deceleam
486 4053 633 4118 occupavit
657 4057 686 4102 et
710 4053 738 4102 in

789 2993 881 3028 manu.
900 2978 928 3027 in
944 2978 1046 3028 Herod.
1065 2993 1130 3042 pag.
1142 2977 1175 3028 43
1193 2981 1221 3026 et
1238 2977 1330 3040 Heyso

789 3045 902 3106 Quaest.
915 3046 981 3096 Her.
994 3063 1020 3110 p.
1033 3044 1078 3106 tu,
1098 3051 1153 3094 tum
1165 3059 1231 3094 vero
1244 3045 1331 3094 Hero·

789 3113 881 3162 dotum
910 3128 1003 3162 senem
1032 3113 1150 3161 maxime
1181 3118 1330 3176 provectae

789 3181 891 3229 aetatis
903 3180 1014 3228 Thuriis
1030 3179 1100 3228 haec
1119 3179 1265 3242 scripsisse
1283 3195 1329 3244 po·

788 3246 906 3295 nendum
920 3251 972 3296 est.
996 3246 1128 3310 Equidem
1141 3249 1169 3294 et
1183 3247 1240 3310 ipso
1253 3246 1331 3294 Wes-

787 3312 935 3378 selingium
946 3315 1024 3376 ecqui
1042 3311 1135 3361 malim
1147 3315 1229 3376 atquc
1243 3313 1330 3360 Horo-

788 3378 844 3428 doti
865 3381 950 3429 verba
971 3379 1006 3428 ad
1027 3395 1087 3428 eam
1104 3379 1217 3427 Atticae
1238 3383 1329 3426 terrac

787 3447 970 3496 vastationem
983 3447 1096 3505 referre,
1116 3459 1185 3508 quae
1198 3443 1266 3496 belli
1277 3445 1328 3493 Pe·

786 3511 977 3577 loponnesiaci
1007 3512 1086 3561 initio
1110 3511 1226 3559 accidit:
1257 3525 1328 3560 anno

788 3581 859 3629 euim
881 3579 932 3629 413
947 3583 1011 3629 ante
1030 3577 1093 3626 Chr.
1116 3592 1143 3624 n.
1162 3575 1327 3630 Herodotum

788 3661 842 3696 non
871 3645 989 3712 amplius
1015 3645 1117 3695 vixisse
1142 3645 1171 3692 in
1197 3649 1265 3694 nott.
1296 3645 1329 3694 ad

788 3715 848 3774 Vll,
867 3713 917 3764 170
933 3714 1084 3764 monuimus
1099 3709 1178 3776 (coll.
1197 3711 1231 3762 ad
1247 3712 1279 3774 V,
1298 3711 1331 3762 76

790 3787 818 3832 et
830 3782 877 3844 VI,
890 3780 951 3846 98),
970 3780 1065 3846 primis
1077 3780 1158 3830 huius
1171 3779 1238 3830 belli
1251 3781 1330 3831 annis

787 3847 865 3898 illum
893 3850 965 3898 inter
991 3848 1069 3900 vivos
1096 3847 1182 3899 fuisse
1211 3847 1330 3914 bellique

783 3916 863 3966 mala
881 3917 1059 3982 cognovisse,
1083 3915 1194 3965 dubium
1208 3929 1262 3964 non
1280 3921 1329 3966 est.

788 3985 820 4034 In
833 3983 958 4034 clausula
971 3983 1133 4046 adscribam,
1148 3999 1218 4049 quae
1232 3983 1265 4032 do
1278 3983 1330 4034 hoc

789 4052 850 4103 loco
874 4051 1009 4102 iudicavit
1031 4051 1178 4102 Fuetterer
1201 4051 1230 4099 in
1252 4050 1329 4099 Com·

194 4120 342 4169 maximum
362 4120 569 4171 Atheniensium
591 4120 738 4170 detrimen·
790 4123 873 4170 ment.
891 4121 933 4170 De
951 4119 1075 4186 plurimis
1088 4115 1258 4182 Thucydidis
1275 4117 1330 4166 Ile·

194 4191 252 4236 tum
273 4187 371 4237 muniit
395 4189 466 4252 apud
482 4187 604 4251 Thucyd.
622 4188 688 4248 VII,
708 4186 740 4236 19
791 4187 933 4252 rodotane
955 4187 1026 4238 locis
1043 4191 1096 4236 etc.
1119 4201 1183 4303 Bag.
1202 4185 1248 4233 242
1276 4183 1329 4245 „Si

194 4269 249 4304 non
258 4255 319 4305 siue
330 4255 446 4320 quadam
456 4254 647 4320 Imprudentia.
658 4254 740 4305 Aliud
790 4254 914 4305 Decelea
937 4271 954 4305 a
970 4254 1118 4319 direptioni

1139 4269 1171 4303 us
1188 4251 1330 4302 Laccdae-
