3074 4960
224 434 284 494 104

659 419 922 482 HERODOTI

177 597 298 688 73ἤδη.
345 599 455 668 Οἰκέει
475 584 512 665 δέ
530 592 590 684 τὴν
608 589 867 681 Πελοπόννησον
886 599 989 662 ἔθνεα
1008 591 1102 662 ἑπτά·
1121 591 1250 662 τούτων
1268 594 1304 662 δὲ
1322 589 1362 662 τὰ

223 702 284 791 μέν
309 698 387 788 δύο,
412 694 602 787 αὐτόχθονα
626 694 737 784 ἐόντα,
766 691 848 764 κατὰ
870 693 982 784 χώρην
999 700 1132 786 ἵδρυται
1155 697 1221 764 νῦν
1244 697 1286 783 τῇ
1306 697 1361 764 καὶ

223 800 259 873 τό
278 799 378 871 πάλαι
397 810 525 887 οῐκεον,
541 795 698 888 Ἀρκσῖδες
716 825 751 866 τε
769 799 824 866 καὶ
843 796 1034 886 Κυνούριοι.
1079 801 1116 865 ’ἐν
1135 796 1171 865 δὲ
1191 792 1362 884 ἔθνος,τὸ

393 1032 458 1082 Car.
478 1031 603 1081 LXXIII.

272 1129 370 1185 Οδκὲει
400 1127 432 1183 δέ
465 1125 519 1198 τὴν
547 1123 770 1196 Πελοπόννησον

227 1197 324 1260 ἔθνεα,
336 1191 416 1266 ised]
442 1201 567 1266 Respicit
585 1200 619 1250 ad
632 1199 703 1248 haec
716 1200 769 1248 Eu-

226 1270 308 1320 stath.
320 1269 355 1319 ad
364 1269 444 1318 Iliad.
455 1285 519 1334 pag.
529 1266 589 1330 280,
598 1267 615 1316 a
625 1283 646 1316 s.
657 1265 714 1326 219,
726 1265 767 1316 43.

226 1340 259 1388 In
282 1338 404 1403 proximo
428 1353 504 1400 seqq.
529 1351 589 1384 curn
607 1334 767 1396 Schaefero,

225 1405 381 1470 Sohueigh.
391 1410 417 1453 et
427 1421 500 1453 rece.
509 1402 675 1452 eddretInui
687 1398 767 1464 ἵδρυ-

224 1489 271 1522 ται
287 1471 341 1522 νῦν
359 1469 392 1536 τῇ
409 1467 472 1530 καὶ,
490 1472 538 1520 uhi
552 1471 640 1520 Gaisf.
655 1485 767 1532 recepe·

224 1547 269 1590 rat
281 1538 343 1589 νῦν
360 1553 393 1588 τε
412 1534 484 1598 καὶ,
499 1537 647 1602 quaemihi
661 1537 768 1601 quidem

226 1605 363 1672 dIsplicet.
394 1605 522 1656 ReIskins
537 1613 564 1654 et
577 1605 699 1654 Koenius
711 1619 767 1654 ma-

225 1675 334 1724 luerant
351 1665 404 1739 τήν
426 1671 480 1722 νῦν
498 1687 541 1736 τε,
566 1671 768 1736 Wcsseling'ms

226 1741 310 1802 (Diss.
330 1740 461 1790 Herodot.
478 1741 524 1790 XI.
545 1756 609 1804 pag.
628 1737 678 1787 200
700 1754 767 1803 seq,

225 1809 273 1858 ubi
291 1809 375 1858 etiam
397 1811 539 1873 comparat
555 1807 633 1868 VIII,
654 1804 713 1868 143)
735 1804 771 1870 τῇ

225 1874 280 1926 νῦν
292 1891 335 1937 τε,
353 1875 557 1925 Valckenarius
577 1871 692 1938 ἵδρυται
706 1871 768 1928 νῦν,

225 1939 278 2010 τὴν
296 1941 358 2004 καὶ,
385 1942 455 2008 quod
478 1946 505 1992 et
528 1943 615 2006 ipsum
633 1939 769 2006 displicet.

226 2013 328 2060 Sensus
346 2010 401 2060 loci
419 2011 529 2058 minime
543 2009 653 2058 dubius:
672 2024 702 2059 eo
715 2011 769 2058 loeo

224 2081 310 2128 sedem
332 2095 396 2128 arene
417 2077 509 2126 lrabeat
530 2093 551 2126 s.
570 2077 696 2134 dubitant,
722 2091 769 2141 ηιιο

225 2148 282 2197 alim
301 2147 375 2195 ctiam
391 2145 546 2195 dubitabant.
583 2145 619 2193 Et
636 2143 770 2193 hactenus

226 2213 378 2278 perfectum
398 2210 511 2276 ἵδρυται
529 2211 574 2262 vix
592 2211 705 2260 multum
719 2211 771 2260 dif-

227 2282 281 2331 fert
297 2298 313 2330 a
326 2281 466 2346 praesenti
479 2273 581 2341 οἰκέει,
601 2279 671 2343 quod
687 2279 770 2328 etiam

225 2350 309 2415 paulo
327 2349 443 2398 inferius
460 2363 521 2398 curn
541 2363 613 2396 rece.
633 2346 693 2396 edd.
713 2362 769 2396 ser·

226 2417 345 2467 vandum
374 2415 454 2477 duxi,
485 2413 531 2464 ubi
561 2413 714 2479 Schweigh.
743 2419 771 2464 et

228 2485 317 2534 Gaist.
337 2483 471 2533 dederont
488 2479 575 2532 οἴκεε.
588 2509 620 2519 —
638 2484 679 2532 De
697 2481 770 2531 locu-

227 2553 300 2601 tione
314 2543 386 2600 κατὰ
400 2547 494 2616 χώρην
507 2551 580 2599 conf.
591 2555 659 2599 nott.
674 2549 709 2598 ad
721 2549 767 2610 IV,

230 2619 276 2668 135
290 2623 318 2668 et
330 2619 384 2668 vid.
398 2617 472 2666 infra
485 2617 560 2677 VIII,
572 2615 614 2664 78.
628 2614 683 2665 108.
701 2616 769 2666 Add.

227 2685 299 2734 Ileld
318 2685 353 2734 ad
370 2683 510 2734 Plutarch.
524 2682 621 2733 Aemil.
636 2682 715 2732 Paul.
732 2681 770 2732 16.

229 2769 283 2817 pag
310 2751 361 2800 200
384 2756 412 2800 ct
435 2751 540 2799 Alrrens
563 2751 604 2798 iu:
635 2747 771 2814 Philolog.

228 2818 322 2884 n'nppl.
335 2819 356 2878 I,
367 2819 391 2870 2.
405 2834 470 2883 pag.
480 2816 540 2880 250,
554 2817 599 2882 qui
612 2821 704 2866 nostro
717 2833 771 2866 scr-

228 2901 307 2936 mone
321 2885 397 2934 reddi
412 2885 481 2934 vult:
507 2901 546 2933 aru
564 2887 633 2934 alten
649 2889 771 2934 anacra'n-

228 2955 318 3004 clerten
336 2953 433 3002 Pluere.
470 2951 549 3012 Quod
567 2951 601 3000 ad
619 2951 673 3001 loci
693 2967 772 3017 argu-

228 3025 348 3070 mentum
362 3020 474 3078 attinet,
494 3020 549 3068 iam
564 3017 665 3068 Galeas
680 3019 771 3068 obser·

227 3091 321 3150 varst,
350 3103 400 3137 sex
428 3091 534 3136 tautum
563 3091 660 3150 gentes
683 3085 773 3136 videri

230 3171 380 3222 agnoscere
410 3155 569 3216 Homerum,
606 3154 772 3218 totidemque

229 3239 296 3273 sane
319 3237 461 3273 occurrere
485 3222 594 3272 notavit
615 3222 772 3272 Valckena-

227 3293 297 3354 rius,
315 3305 477 3355 quemquam
491 3305 560 3354 quse
574 3291 656 3356 potita
670 3289 771 3352 attulit,

229 3375 263 3410 sa
281 3359 371 3408 adime
389 3358 513 3422 indigere
533 3357 630 3406 critica
647 3357 773 3422 disquisi-

229 3427 303 3477 tione
316 3425 415 3476 dudum
429 3431 571 3476 monuerat
584 3425 682 3476 Strabo
695 3425 770 3475 vul.

228 3511 254 3560 p.
267 3492 317 3544 332
330 3510 351 3544 s.
365 3491 415 3544 513
428 3494 474 3556 11.,
494 3494 539 3558 qui
557 3495 617 3558 ipse
631 3509 680 3544 ses
692 3508 771 3558 prae-

230 3563 309 3628 cipue
323 3562 506 3628 Peloponnesi
522 3561 669 3626 descripsit
682 3561 771 3626 regio·

228 3645 290 3679 nes:
321 3629 441 3689 Elidem,
475 3630 654 3690 Messeniam,
684 3630 771 3678 Laco-

229 3697 334 3756 nicam,
349 3697 519 3762 Argolidenr,
534 3697 674 3747 Achaeum
689 3703 771 3761 atque

228 3763 388 3824 Arcadiam,
408 3779 468 3816 curu
482 3764 544 3822 alii,
560 3765 594 3814 ad
608 3779 673 3829 quoe
688 3766 771 3814 etlam

230 3829 375 3892 Scymnum
393 3830 489 3880 Chium
506 3847 545 3882 vs.
559 3833 609 3881 515
627 3847 683 3896 seq.
704 3832 773 3881 reie-

229 3911 275 3946 ras
288 3895 368 3957 licet,
387 3903 482 3961 septem
495 3901 647 3962 nominent;
667 3903 774 3966 prataque

229 3963 295 4013 olim
308 3963 393 4012 tuisse
406 3965 589 4029 Peloponnesi
601 3972 695 4033 partes
708 3967 774 4030 (La-

230 4032 774 4100 conicum,Arcadiam,Argolidem,lles-

229 4099 348 4159 senium,
367 4099 485 4162 Elidem)
504 4117 518 4150 e
532 4101 699 4166 Thucydidis
711 4101 773 4152 loeo

230 4167 265 4228 (I.
287 4164 329 4215 10:
357 4165 451 4244 καίτρι
474 4163 695 4234 Πελοποννήσου
718 4168 774 4220 ταῖν

229 4227 313 4284 πέντε
331 4249 381 4292 τας
403 4233 456 4285 δυο
471 4235 575 4302 μοίρας
588 4230 720 4302 νέμονται
734 4255 772 4292 sc.

230 4295 260 4352 oi
270 4297 507 4368 Λακεδαιμόνιοι)
525 4303 616 4370 plures
633 4306 687 4354 viri
700 4307 772 4356 docti

229 4369 413 4438 collegerunt,
439 4388 499 4422 cum
521 4373 636 4424 aliorum
656 4373 773 4424 virorum

821 1011 853 1044 ex
867 995 1008 1045 sententia
1025 994 1072 1049 (cf.
1087 993 1208 1044 Curtius:
1229 991 1373 1058 Pelopon.

820 1080 868 1112 nes
893 1064 929 1112 11.
952 1079 1016 1128 pag,
1036 1061 1079 1124 03)
1101 1061 1278 1126 Thucydides
1297 1061 1323 1110 lr.
1343 1061 1361 1111 l.

820 1147 874 1180 non
892 1131 926 1180 de
945 1137 1022 1180 certa
1044 1129 1160 1194 qrradam
1177 1128 1362 1192 Peloponnesi

820 1198 1004 1263 descript-ione
1022 1203 1070 1247 aut
1081 1197 1214 1247 divisione
1227 1197 1361 1260 loquatur,

820 1267 869 1315 sed
882 1266 909 1315 id
921 1270 1027 1315 tantum
1040 1269 1138 1330 ponat,
1157 1264 1363 1330 Peloponnesus

821 1335 849 1383 in
863 1335 980 1398 quinque
993 1338 1087 1398 partes
1100 1333 1124 1382 si
1136 1331 1283 1393 dividatur,
1296 1332 1363 1382 dues

819 1407 913 1451 tenere
935 1399 1179 1451 Lacedaemonios.
1212 1400 1248 1448 At
1266 1415 1364 1450 revera

820 1469 884 1520 olim
906 1469 1057 1528 exstitisse,
1083 1469 1129 1532 qui
1146 1467 1363 1532 Peloponnesum

819 1538 847 1586 in
861 1537 978 1601 quinque
997 1542 1089 1600 partes
1107 1535 1274 1596 dividerent,
1294 1537 1363 1584 sutis

819 1604 943 1654 indicare
957 1605 1064 1654 videtur
1073 1603 1230 1652 Pausaniae
1239 1601 1316 1652 locus
1329 1602 1365 1652 sd

819 1672 906 1736 ipsum
914 1671 1101 1734 Thucydidem
1113 1671 1207 1735 opinor
1217 1670 1364 1734 respicien-

820 1741 865 1796 tis,
880 1739 958 1788 initio
971 1739 1034 1789 libri
1048 1739 1148 1802 quinti:
1167 1727 1241 1788 ὅσοι
1255 1730 1291 1787 δέ
1301 1729 1364 1786 Ἐλ-

821 1801 934 1857 λ’νων
958 1799 1232 1870 Πελοποννήσου
1260 1799 1364 1856 πέντε

822 1824 1068 1940 advertensque
1096 1869 1155 1922 καλ
1182 1863 1221 1924 orl
1244 1872 1365 1923 πλείο-

821 1937 884 2000 νας
901 1957 1022 2007 φασιν,
1041 1933 1154 2006 ἀνάγκη
1172 1938 1248 2004 σφᾶς
1265 1931 1364 2006 ὁμολο-

821 2014 883 2073 γεῖν
903 2001 940 2068 οἱς
962 2001 993 2060 έν
1016 2007 1051 2074 τῇ
1073 1999 1212 2070 Ἀρκοὶδων
1236 2002 1366 2058 οἰκοῦσιν

816 2071 923 2130 Ἠλεῖοι
947 2073 997 2128 καλ
1019 2066 1163 2141 Ἀρκάδες,
1189 2069 1309 2138 δευτέρα
1333 2069 1365 2126 δέ

820 2136 945 2212 Ἀχαιῶν,
970 2147 1045 2208 τρεῖς
1070 2139 1101 2193 δέ
1127 2135 1173 2194 tet
1197 2135 1368 2201 cerritanensi

822 2209 968 2278 Δωριέων·
993 2207 1061 2291 γένη
1080 2205 1111 2262 δέ
1129 2206 1208 2263 οἰκεῖ
1221 2203 1365 2262 Πελοπόν-

822 2296 911 2348 νησον
922 2273 1051 2344 Ἀρκαδες
1063 2273 1116 2344 μέν
1127 2269 1305 2344 αὐτόχθονες
1316 2275 1366 2329 καὶ

820 2341 935 2428 Ἀχαιοί·
955 2345 1003 2428 sul
1016 2340 1109 2428 sipla
1120 2338 1179 2397 ὑπὸ
1189 2341 1322 2426 Δωριέων
1335 2337 1366 2397 ia

821 2429 1367 2548 stttlztttttlttzlttlst‘f{tt

823 2544 989 2617 έκβαλόντες
999 2542 1097 2608 Ἴωνας
1111 2545 1244 2614 νέμονται
1257 2543 1307 2599 τὸν
1320 2545 1367 2600 At·

823 2613 924 2680 γταλόν
936 2611 967 2668 τὸ
980 2609 1116 2684 ιῖρχαῖον,
1130 2617 1183 2667 νῦν
1196 2610 1228 2668 δέ
1240 2611 1299 2668 α’πό
1311 2617 1368 2667 τῶν

821 2683 936 2753 Ἀχαιῶν
953 2682 1060 2736 τούτων
1077 2677 1267 2748 καλούμενον·
1293 2679 1322 2735 οἱ
1335 2678 1367 2735 δέ

821 2745 952 2818 Ἀρκάδες
970 2751 1151 2804 διατελοῦσιν
1168 2744 1198 2815 έξ
1215 2741 1305 2819 ἀρχῆς
1318 2751 1367 2802 καλ

824 2815 853 2880 ές
865 2815 931 2872 τόδε
948 2813 1001 2886 την
1019 2813 1129 2871 έαυτών
1143 2815 1267 2904 ἔχοντες·
1286 2813 1321 2870 τὰ
1335 2813 1367 2870 δέ

824 2882 910 2940 λοιπὰ
936 2881 1086 2954 ἐπηλύδων
1107 2880 1183 2939 ἐστιν
1203 2878 1368 2953 α’νδροέπων

824 2975 849 3008 κ.
874 2973 897 3009 τ.
919 2957 942 3007 λ.
992 2957 1132 3022 Adscripsi
1155 2956 1225 3007 haec
1249 2957 1366 3022 integra,

824 3041 894 3090 quae
924 3026 958 3075 ad
982 3023 1114 3074 Herodoti
1143 3039 1248 3089 quoque
1278 3023 1368 3073 locum

823 3097 950 3158 spectare
963 3093 1104 3155 videntur,
1121 3093 1149 3140 iu
1163 3107 1215 3156 quo
1229 3107 1289 3141 cum
1302 3090 1367 3141 vata

824 3161 957 3212 ckeuario
970 3165 1092 3211 statuere
1105 3163 1244 3224 praestat,
1259 3175 1313 3209 non
1325 3174 1367 3208 re·

821 3231 910 3295 ριόιιτι
920 3227 1111 3292 Peloponnesi,
1124 3227 1172 3278 sed
1180 3233 1268 3292 pentec
1279 3225 1367 3277 diver-

824 3312 869 3346 sas
887 3295 1054 3360 significari,
1076 3311 1148 3356 cum,
1169 3311 1203 3344 ne
1227 3293 1284 3344 alia
1302 3293 1367 3344 alle·

824 3380 896 3426 rem,
913 3363 1063 3413 Dorienses
1081 3363 1127 3428 qui
1143 3362 1170 3411 lr.
1187 3362 1205 3412 l.
1225 3366 1366 3421 vocantur,

823 3447 879 3481 una
897 3431 929 3480 dc
948 3435 1052 3496 septem
1070 3429 1210 3493 gentibue,
1235 3433 1291 3479 tres
1309 3429 1368 3478 iere

823 3498 1111 3564 Peloponnesipartes
1121 3501 1249 3546 tenerent
1259 3495 1368 3561 ampIIs-

823 3568 920 3616 simas:
933 3565 1099 3630 Argolidern,
1110 3565 1289 3624 Laconicam,
1297 3565 1367 3613 Mes·

824 3635 939 3694 soniam,
952 3632 1091 3682 veteribus
1102 3631 1201 3682 Incolis
1211 3633 1310 3682 eiectis
1321 3637 1368 3680 aut

824 3704 853 3752 iu
865 3703 1026 3752 servitutem
1038 3700 1168 3750 redactis.
1189 3699 1267 3750 Coni.
1280 3699 1313 3748 do
1325 3699 1368 3747 his

825 3769 1007 3834 Peloponnesi
1037 3767 1219 3818 diuisionibus
1249 3765 1368 3817 Siclrelis

825 3839 854 3888 iu
867 3837 1022 3886 Hellenicc.
1035 3852 1061 3900 p.
1078 3833 1134 3884 tta.

857 3895 988 3967 Ἀρκιίδες
1005 3918 1034 3953 τε
1049 3898 1098 3952 κα1
1111 3893 1278 3967 Κυνούριοι]
1299 3902 1369 3950 Pau·

825 3973 906 4022 sauia
922 3973 940 4022 l.
958 3971 976 4022 1,
995 3975 1106 4020 auctore
1125 3978 1222 4036 gentes
1235 3969 1369 4034 Pelopon·

825 4055 919 4090 nesum
932 4039 1086 4090 incolentes
1098 4043 1161 4087 sunt
1173 4040 1292 4087 Arcades
1304 4039 1369 4086 ludi·

826 4123 904 4172 penae
923 4114 1005 4171 atque
1024 4107 1133 4163 Actaei.
1152 4105 1198 4170 qui
1216 4121 1233 4154 a
1250 4104 1369 4154 Doribus

826 4175 891 4224 sede
915 4190 965 4224 sua
993 4189 1053 4224 cum
1083 4173 1154 4238 pulsi
1179 4179 1284 4232 essent,
1316 4187 1369 4221 non

826 4243 931 4305 egressi
954 4240 1143 4306 Peloponneso
1172 4255 1233 4290 eam
1258 4241 1369 4290 Ionibus

826 4311 923 4359 eiectis
948 4325 1022 4360 oram
1052 4314 1177 4370 tenuere,
1209 4323 1279 4372 quae
1304 4307 1368 4358 olim

823 4377 956 4443 Aegialus
980 4376 1055 4426 dieta
1078 4391 1151 4428 nunc
1175 4376 1210 4427 ab
1234 4376 1277 4426 lris
1301 4375 1370 4442 ipsis
