3040 4962
488 473 692 534 URANIA.
716 473 804 532 VIII.
832 479 870 533 16.
897 477 937 532 17.
1236 468 1277 532 25

142 647 272 734 Ξέρξεω
301 647 527 734 στρατιωτέων
555 641 773 733 ἠρίστευσαν,
808 651 841 714 οἳ
868 641 951 713 ἄλλα
980 670 1015 712 τε
1043 639 1169 730 μεγάλα
1199 647 1279 728 ἔργα

142 741 364 833 ἆτεδέξαντσ,
383 749 438 816 καὶ
456 747 533 827 νέας
552 741 680 816 αὐτοῖσι
701 743 835 834 ἐνδροίσι
855 741 944 815 εἷλον
958 739 1151 832 Ἑλληνίδας
1169 743 1276 812 πέντε.

142 851 211 918 των
236 848 273 917 dl
291 842 457 936 Ἑλλήνων
481 843 561 918 κατὰ
578 845 702 936 ταύτην
724 844 786 936 τὴν
807 842 934 937 ἡμέρην
957 842 1157 936 ἠρίστευσαν
1181 839 1277 931 Ἀθη-

141 965 249 1039 ναῖοι,Ι
284 951 337 1019 καὶ
361 945 551 1039 Ἀθηναίων
577 957 733 1040 Κλεινίης
758 943 776 1020 ὁ
809 944 1037 1039 Ἀλκιβιάδεω,
1065 941 1100 1030 ὃς
1128 942 1280 1034 δαπάνην

144 1133 192 1168 cos
212 1117 401 1168 excelluerunt
419 1117 601 1168 AthenIeuses
624 1106 685 1180 α’ρι-

142 1175 304 1248 usedomi,
329 1187 401 1235 iuter
425 1185 557 1235 barbaros
579 1185 685 1244 Sidonii,

141 1269 211 1314 non,
225 1258 255 1302 ut
269 1253 338 1318 apud
350 1251 516 1302 Herodotum
531 1259 585 1311 est,
600 1255 686 1316 Λιμη-

139 1323 203 1386 prii,
217 1321 250 1370 de
264 1321 361 1386 quihus
374 1321 428 1371 vid.
442 1325 509 1370 nott.
525 1320 559 1369 ad
568 1321 630 1382 VII,
643 1320 684 1371 66.

141 1387 184 1439 CI).
208 1387 390 1438 Athenienses
403 1387 499 1438 eadem
511 1385 593 1438 laude
607 1403 686 1438 orna·

141 1456 363 1506 reratPindarus
372 1456 400 1504 In
411 1457 531 1506 carmine
543 1454 614 1521 aprrd
625 1453 686 1506 Plu-

142 1522 389 1588 tarch.11.p.55213
401 1521 432 1588 [s.
444 1523 476 1572 de
487 1523 577 1588 gloria
587 1523 684 1574 Athen.

142 1591 197 1642 c.¹l
216 1590 264 1640 ubi
282 1591 353 1641 haec
370 1591 511 1656 leguntur:
531 1583 562 1642 ἐν
575 1584 686 1650 τούτοις

141 1655 292 1721 Πίνδαρος
322 1652 437 1722 ἔρεισμα
470 1657 521 1723 τῆς
552 1650 686 1717 ‘essaeos

141 1728 279 1789 προσεῖπε
296 1719 348 1785 τοὶς
369 1716 502 1793 Ἀθήνας,
525 1715 576 1792 οὐχ
594 1715 636 1776 ὅτι
653 1753 686 1762 --

140 1783 209 1844 siat·
226 1783 268 1844 ὅτι
291 1793 415 1858 πρῶτον,
439 1784 477 1852 οἷς
499 1808 569 1874 φησι
591 1785 685 1857 αὐτὸς,

142 1851 190 1912 ἐπ’
219 1855 376 1928 Ἀρτεμισίῳ
399 1859 501 1919 παῖδες
530 1861 686 1928 Αθηναίων

142 1921 279 1996 ἐβάλοντο
293 1923 426 1995 φαεννὰν
438 1920 558 1993 κρηπῖδ’
571 1921 685 1982 laevos·

141 1997 208 2060 ριάς
225 2013 249 2047 ιι.
269 2013 292 2049 τ.
310 1999 333 2048 λ.
369 1997 438 2047 Add.
455 1997 595 2048 Plutarch.
613 1999 685 2051 The·

141 2067 214 2116 mist.
236 2067 285 2118 vit.
308 2081 370 2131 esp.
393 2063 410 2114 8
432 2071 460 2116 ot
481 2065 554 2116 conf.
571 2067 686 2130 Bergkii

142 2135 233 2183 Poeu.
265 2131 360 2197 lyrico.
383 2133 499 2184 Graece.
529 2149 592 2198 pag.
614 2131 683 2200 244]

141 2201 205 2250 eoll.
217 2200 512 2251 Aristiusrhemistocl.
520 2201 551 2250 T.
559 2203 609 2252 111.
620 2217 683 2268 pag.

140 2267 200 2319 310.
231 2269 330 2318 Attulit
342 2269 412 2318 haec
424 2269 561 2318 Valcken.
591 2269 632 2318 Ad
645 2270 684 2319 lo·

140 2337 276 2386 cntionem
287 2331 354 2398 ἔργα
364 2328 590 2396 α’πεδὲξαντοοὶ.
599 2337 685 2386 allata

140 2405 176 2454 ad
188 2405 257 2465 vn,
273 2403 321 2455 139
334 2409 362 2454 et
380 2405 415 2454 ad
433 2397 544 2455 αι’τοῖσι
562 2394 685 2468 ἀνδράσι

140 2473 197 2532 ΙΙΙ,
211 2471 245 2521 45
258 2472 323 2537 ibiq.
337 2477 406 2522 nott.

174 2535 223 2589 ιιαλ
239 2530 396 2603 Ἀθηναίων
414 2537 549 2604 Κλεινίης
567 2529 581 2590 ὁ
603 2529 684 2589 Ἀλκι-

138 2600 257 2672 βιιίδεω]
277 2609 357 2660 Hunc
376 2608 481 2672 quidem
502 2609 604 2658 Cliniam
623 2607 684 2657 Plu-

139 2675 253 2725 tarchus
266 2691 372 2740 quoque
382 2675 467 2725 tradIt
477 2677 542 2738 (Vir.
550 2675 684 2726 Alcibiad.

139 2759 201 2808 cap.
222 2742 245 2792 l.
263 2760 290 2808 p.
311 2741 372 2792 191:
397 2733 412 2792 δ
432 2737 464 2793 di
482 2736 575 2806 πατὴρ
597 2733 687 2792 αὐτοῦ

139 2807 381 2876 [εοίΙ.ΑΙοίΙιίιιδὶε]
389 2810 524 2868 Κλεινίας
538 2803 686 2876 ἰδιοστόλῳ

138 2871 340 3024 araturas
365 2868 539 3008 λιιῑιέιιι
552 2869 686 3004 stria

137 3009 606 3144 46626.666.111ῑ;6.
616 3007 684 3148 11ξί

138 3163 230 3210 nasse,
245 3154 343 3214 postea
356 3165 420 3200 vero
433 3151 461 3200 iu
471 3151 590 3200 Boeotia
602 3165 683 3200 occu·

137 3215 231 3266 baisse
245 3217 280 3266 ad
293 3217 456 3267 Coroneam:
475 3218 509 3268 de
525 3233 578 3280 qua
592 3233 684 3282 pugna

138 3287 226 3333 testes
240 3285 360 3334 excitavi
371 3285 405 3334 ad
415 3285 558 3336 Plutarchi
568 3285 611 3336 l.l.
619 3302 683 3352 pag.

138 3349 181 3400 bb.
217 3351 286 3401 Add.
304 3353 444 3418 Wiggcrs.
463 3353 588 3414 Quaestt.
611 3356 683 3403 critt.

140 3425 169 3466 et
188 3418 298 3468 historr.
323 3421 352 3468 in
374 3419 482 3470 Cornel.
504 3421 572 3485 Nep.
594 3421 683 3472 Alcib.

139 3485 227 3550 (Lips.
245 3485 317 3546 1833)
331 3503 393 3554 pag.
407 3486 449 3536 59.
460 3486 501 3538 60.
526 3489 592 3537 Fuit
603 3489 684 3538 hicce

140 3551 248 3602 Cliniae
268 3553 339 3604 illius
358 3555 511 3604 Alcibiadis
530 3555 616 3616 filius,
639 3557 685 3620 qui

138 3619 204 3668 inde
223 3635 240 3668 a
254 3619 369 3671 Platone
384 3623 411 3672 in
424 3623 543 3687 Euthyd.
557 3639 583 3687 p.
597 3623 683 3674 275A.

139 3703 166 3752 p.
180 3685 230 3736 312
243 3687 343 3737 Heiud.
356 3682 498 3741 vocaturd
512 3683 641 3752 παλαιὸς,
655 3697 685 3740 ut

139 3755 202 3804 scil.
217 3753 429 3820 distingueretur
439 3758 473 3808 ab
484 3758 532 3808 illo
542 3759 683 3816 Atellanae,

139 3821 446 3941 6166ήὸ16446λέ
447 3827 594 3944 ”thil
597 3831 686 3944 lit

139 3909 684 4079 arsuraurulruauau

140 4091 209 4152 dux,
230 4093 290 4156 qui',
303 4093 344 4141 nti
356 4108 414 4143 mos
427 4093 479 4144 suit
491 4096 604 4148 Athenis
618 4095 683 4160 (vid.

140 4159 229 4208 Stura.
250 4159 277 4207 in
295 4159 458 4211 Commsutt.
477 4162 606 4213 Societat.
626 4165 683 4228 phi·

140 4225 223 4291 lolog.
241 4226 318 4292 Lips.
331 4228 358 4290 Ι,
371 4227 395 4277 2.
415 4244 477 4294 pag.
495 4229 569 4293 226),
586 4247 685 4282 nomen

142 4293 176 4342 ab
201 4309 253 4343 avo
278 4310 364 4358 eoque
389 4301 504 4362 paterno
527 4305 683 4364 acceperat.

140 4360 183 4409 De
207 4361 266 4411 eina
289 4363 374 4427 stirpe
395 4364 449 4413 vid.
468 4363 609 4416 Plutarch.
630 4367 648 4416 l.
665 4367 684 4416 l.

141 4427 233 4494 ibique
251 4429 340 4480 allata
355 4445 420 4497 pag.
432 4431 473 4498 55,
494 4433 622 4506 Wiggers
635 4433 652 4490 Ι,
666 4435 683 4490 1,.

737 1133 801 1184 pag.
808 1119 840 1168 42
851 1133 908 1184 seq.
922 1117 1085 1179 Hertzberg.
1097 1119 1125 1168 in
1135 1115 1279 1169 Alcibiade

738 1202 800 1251 pag.
814 1185 847 1237 53
860 1202 916 1251 seq.
936 1185 997 1236 coll.
1011 1203 1038 1252 p.
1051 1185 1097 1248 20,
1116 1186 1162 1235 ubi
1180 1187 1213 1236 ds
1229 1187 1280 1237 hoo

738 1253 829 1303 CilnIa
839 1257 898 1318 ipso
909 1269 926 1303 a
948 1255 978 1303 ir.
997 1256 1032 1303 Et
1042 1255 1176 1318 congruit,
1189 1254 1280 1304 obser·

737 1325 820 1371 vante
830 1271 1023 1386 Wessollngio,
1038 1327 1187 1387 temporum
1200 1322 1279 1371 ratio.

737 1387 806 1438 Nam
827 1386 985 1439 Alcibiades
1006 1387 1068 1451 ille,
1095 1387 1140 1454 qul
1161 1386 1281 1440 Diodoro

736 1460 809 1506 teste
821 1455 896 1519 XIV,
912 1453 944 1506 10
956 1454 1024 1507 obiit
1037 1468 1122 1507 annos
1135 1451 1220 1506 ferme
1233 1467 1281 1506 na·

737 1529 781 1574 tus
803 1523 988 1589 qnadraginta
1010 1523 1118 1590 Olymp.
1141 1523 1240 1585 XCIV,
1268 1517 1279 1572 l

738 1591 766 1655 (i.
778 1608 802 1642 e.
814 1590 864 1642 404
876 1599 940 1642 ante
948 1591 1010 1642 Chr.
1018 1593 1065 1654 a),
1080 1591 1169 1642 lucem
1180 1592 1282 1642 viderit

737 1675 852 1710 necesse
871 1665 912 1710 est
925 1660 1000 1710 eirea
1015 1659 1122 1725 Olymp.
1140 1660 1282 1709 LXXXIII

738 1743 759 1778 s.
776 1727 827 1777 444
846 1732 910 1776 ante
929 1727 1005 1790 Chr,
1025 1727 1091 1788 aiei,
1111 1727 1182 1792 quod
1198 1727 1281 1788 longe

736 1794 920 1860 probabilius,
939 1810 999 1844 eum
1013 1795 1119 1845 CIInias
1137 1799 1217 1860 pater
1234 1795 1280 1845 ob·

738 1863 802 1912 ierit
815 1879 886 1912 euno
899 1863 949 1912 447
962 1867 1026 1912 aute
1040 1863 1103 1912 Chr.
1117 1879 1152 1921 n..
1164 1864 1220 1912 iam
1234 1877 1281 1912 an·

737 1935 797 1992 tea,
823 1930 930 1996 Olymp.
952 1931 1127 1993 LXXXIl‚2
1150 1931 1215 1982 sive.
1231 1929 1279 1980 451

738 2003 802 2048 aute
813 1998 908 2050 Chr.n.
926 1998 1099 2048 Alcibiadem
1112 2005 1207 2048 natum
1220 2013 1280 2048 esse

738 2067 877 2117 existimes
906 2082 967 2116 eum
990 2067 1094 2118 Meiere
1123 2066 1164 2129 (iu
1186 2065 1280 2116 Indlce

736 2134 827 2184 Lectt.
846 2133 1056 2199 Gryphisvaldd.
1075 2135 1192 2185 aestatis
1216 2134 1281 2183 anni

738 2199 815 2262 1821,
831 2203 875 2253 cui
891 2202 1041 2251 assentitur
1052 2201 1216 2267 Hertzberg.
1229 2201 1248 2251 l.
1262 2201 1280 2250 l.

736 2285 799 2334 pag.
810 2268 857 2330 61,
871 2270 941 2320 σΙίοσ
956 2271 1031 2320 viros
1044 2269 1154 2329 doctos,
1169 2270 1215 2334 qui
1228 2269 1282 2318 dis-

737 2339 867 2400 sentiunt,
882 2336 1115 2399 commemorans),
1130 2336 1223 2386 cuais
1234 2351 1281 2400 pa·

736 2409 778 2454 tre
803 2405 1038 2469 quinquagenario
1063 2405 1162 2466 lernae,
1194 2418 1281 2468 quem,

738 2473 845 2538 quando
870 2472 904 2521 ad
928 2472 1103 2522 Artemisiam
1131 2487 1167 2536 pu
1207 2475 1282 2520 atum
1305 2515 1308 2518 .

739 2543 782 2590 est
794 2539 900 2604 Olymp.
914 2539 1026 2601 LXXV,
1043 2539 1055 2588 l
1074 2540 1133 2589 sire
1218 2543 1281 2588 ante

738 2607 800 2659 Chr.
812 2623 839 2656 n.
854 2622 939 2657 aranos
951 2607 1051 2673 viginti
1062 2612 1138 2656 certe
1150 2607 1281 2656 habuisse

737 2677 761 2726 si
782 2673 926 2741 probabile
950 2680 1005 2736 est,
1030 2689 1201 2739 consequens
1218 2675 1281 2724 inde

737 2743 781 2803 fit,
807 2743 879 2793 huuc
901 2742 987 2792 filium
1010 2743 1131 2808 genitum
1156 2743 1243 2793 luisse
1265 2757 1282 2791 a

737 2811 829 2860 Clinia
842 2825 921 2874 seue,
936 2811 981 2876 qni
995 2811 1029 2860 ad
1042 2811 1195 2862 Coroneam
1207 2810 1281 2860 haud

736 2879 821 2929 multo
838 2882 899 2945 post
916 2879 1060 2942 occubuit,
1082 2878 1180 2928 relicto
1198 2877 1281 2927 filiolo

736 2947 881 2997 Alcibiade
895 2947 972 3008 orbo,
992 2951 1022 2996 ut
1036 2947 1076 2997 ait
1087 2947 1226 2997 Isocrates
1238 2947 1280 2996 De

736 3014 797 3080 Big.
811 3029 874 3080 pag.
887 3013 937 3065 352
951 3011 1023 3081 [cap.
1040 3013 1079 3064 10.
1092 3016 1116 3074 6.
1128 3011 1180 3077 26].
1200 3013 1280 3063 Acci-

736 3081 778 3131 dit
792 3083 862 3132 suim
874 3083 929 3132 leta
938 3097 1031 3148 pugne
1042 3097 1113 3132 anuo
1123 3081 1173 3130 447
1183 3096 1209 3132 ιι.
1217 3080 1281 3130 Chr.

735 3165 761 3199 n.
769 3150 827 3199 sire
836 3150 1123 3214 olymp.Lxxxn1‚2
1134 3148 1281 3208 (vid.Clin-

735 3221 792 3266 tou.
806 3219 882 3268 I'sst.
896 3217 938 3266 ed.
949 3218 1083 3283 Krueger.
1094 3233 1121 3282 p.
1132 3216 1184 3278 54),
1198 3217 1206 3264 i
1229 3217 1282 3265 itur

736 3289 801 3334 onte
814 3285 917 3335 bellurn
929 3284 1192 3350 Peloponnesiacum
1209 3232 1281 3346 lsive

736 3367 799 3402 ann.
813 3351 860 3404 461
876 3369 900 3401 a.
915 3352 978 3402 Chr.
992 3352 1039 3414 n),
1059 3353 1136 3402 cuins
1150 3367 1221 3400 anuo
1235 3351 1281 3399 de-

735 3435 807 3469 mum
820 3420 979 3470 duodecimo
989 3419 1150 3469 Alcibiades
1164 3413 1204 3467 ἔτι
1218 3411 1281 3473 νέος

735 3475 776 3536 dv
792 3488 952 3552 producItur
974 3503 991 3536 ιι
1009 3483 1169 3548 Thucydide
1187 3485 1224 3538 V.
1238 3482 1279 3546 43,
1320 3543 1321 3546 ¹

736 3555 852 3619 triginta
876 3571 961 3604 annos
983 3551 1167 3620 probahiIitor
1189 3555 1280 3612 natue,

736 3628 767 3672 ut
785 3623 819 3672 ad
831 3622 971 3672 Plutarch.
985 3619 1122 3670 Alcibisd.
1138 3617 1177 3670 13.
1191 3636 1217 3684 p.
1234 3617 1281 3669 123

736 3691 824 3756 poeni.
860 3690 940 3739 Ilaec
958 3689 992 3738 sd
1005 3687 1155 3739 Herodotei
1172 3687 1227 3738 loci
1241 3687 1281 3736 iu-

736 3757 922 3824 telligentism
944 3755 1096 3806 sufficiant=
1124 3755 1152 3806 iu
1170 3771 1223 3820 quo
1240 3755 1281 3805 la-

736 3841 814 3892 psum
831 3825 919 3874 videri
934 3823 1102 3874 Herodotum
1119 3829 1283 3890 patremque

737 3909 798 3945 cum
815 3893 871 3942 filio
889 3892 1060 3954 confudisse,
1079 3907 1138 3942 cum
1158 3892 1280 3942 scribere

736 3962 827 4028 potius
838 3960 979 4010 debuisset
990 3950 1189 4026 Ἀλκιβιάδηςδ
1200 3959 1281 4008 Κλει-

737 4026 814 4091 νίον,
839 4028 910 4094 quod
933 4029 1073 4078 contendit
1095 4027 1125 4077 C.
1145 4029 1191 4077 Fr.
1211 4027 1281 4076 Her-

735 4113 828 4147 mann.
846 4095 971 4158 (Jahrbb.
995 4097 1014 4145 1.
1032 4095 1167 4160 Philolog.
1187 4093 1280 4159 Suppl.

734 4164 796 4215 Vol.
809 4165 883 4214 XIII.
899 4181 925 4229 p.
939 4162 1012 4226 326),
1030 4163 1146 4229 probare
1165 4177 1281 4226 nequeo,

737 4234 783 4297 qui
799 4238 955 4297 temporam
976 4231 1098 4281 rationes
1120 4231 1148 4278 in
1165 4229 1208 4280 his
1225 4243 1281 4278 non

736 4301 805 4350 satis
827 4305 988 4365 perspectas
1005 4315 1065 4349 esse
1085 4297 1166 4348 credo
1188 4314 1205 4348 a
1221 4296 1281 4346 viro

737 4367 908 4426 doctissimo,
929 4373 1025 4418 contra
1037 4381 1116 4430 quem
1130 4365 1172 4414 dis
1192 4364 1281 4414 sitavit

736 4435 823 4492 Vster
844 4433 920 4502 (ibid.
937 4433 997 4486 Vol.
1015 4433 1077 4486 XII.
1093 4449 1157 4510 pag,
1173 4381 1207 4484 dl
1223 4447 1280 4507 seq.
