2984 4962
241 439 303 501 448
663 433 977 496 COMMENTATIO

239 603 270 662 rd
284 603 317 662 ἓν
333 609 424 678 σῶμα·
446 609 483 680 τῷ
504 604 533 660 dl
550 601 600 670 τὰς
618 600 720 668 πολλὰς
741 604 789 659 aul
809 599 891 660 oddlv
907 600 1027 668 ἔοικοΐας
1043 598 1193 666 ὑποθέσεις
1205 601 1387 675 προελομένῳ

241 689 433 763 σύμφωνον
452 689 485 746 ’ἓν
500 693 592 762 σῶμα
606 689 858 762 πεποιηκέναι,
875 699 906 743 ut
921 693 1051 744 observat
1062 691 1214 758 Dionysius
1229 689 1247 741 l.
1261 707 1352 760 supra
1366 689 1385 740 l.

242 781 310 832 Nam
334 779 445 831 multum
469 778 566 848 utique
593 779 686 847 abest,
716 783 760 843 ut,
791 778 839 846 qui
861 763 1066 846 ὅμηρικοῖιαιος
1087 777 1149 830 iure
1177 773 1384 844 appellatur*),

241 865 320 916 talem
334 864 412 916 modo
429 881 491 916 esse
506 869 637 934 appareat
649 864 676 915 in
693 862 811 928 singulis
829 863 1021 927 locutionibus,
1036 861 1212 927 dictionibus,
1235 859 1385 914 vocabulis

242 967 274 1002 ex
292 950 409 1002 Homero
430 947 525 1018 petitia
540 957 623 1018 atque
639 949 666 999 in
683 963 762 1000 suum
777 965 847 1018 opus
865 947 1023 1012 translatis,
1039 947 1112 1016 quod
1124 946 1246 1016 proxime
1264 945 1386 997 adscen-

242 1035 310 1088 dens
336 1035 370 1087 ud
396 1033 528 1098 earmina,
550 1050 621 1102 quae
643 1033 702 1085 sola
719 1031 780 1084 olim
797 1032 885 1085 literis
901 1032 1150 1100 consignabantur,
1175 1030 1219 1083 vel
1237 1031 1265 1082 in
1289 1031 1386 1082 soluta

242 1119 365 1173 oratione
388 1119 460 1172 baud
484 1135 571 1188 pauca
592 1118 669 1186 ligati
690 1117 823 1170 sermonis
843 1117 962 1185 vestigia
977 1117 1098 1170 retinere
1119 1115 1229 1182 debuit,
1253 1121 1285 1167 ut
1301 1115 1385 1168 etiam

240 1192 448 1274 ‹ip-qoaao'cecov
465 1221 528 1256 esse
541 1203 615 1256 illum
631 1202 800 1256 inveniamus
815 1203 843 1254 in
860 1203 930 1254 omni
946 1202 1038 1271 operis
1056 1201 1149 1254 indole
1165 1207 1247 1270 atque
1270 1201 1384 1252 consor-

241 1291 358 1342 matione
373 1289 407 1342 ad
424 1289 528 1358 epicum
544 1305 649 1341 carmen
667 1288 786 1357 proxime
801 1283 1011 1353 accedente**).
1043 1287 1138 1350 Quare
1154 1305 1205 1339 nos
1220 1285 1264 1338 vel
1280 1287 1308 1338 in
1321 1285 1384 1336 sin·

241 1375 315 1443 gulis
337 1375 450 1428 vocibus
470 1391 540 1444 quae
562 1374 635 1442 apud
649 1373 819 1426 Herodotum
836 1373 982 1440 leguntur,
1005 1372 1221 1442 interpretandis
1243 1371 1385 1422 maximam

242 1460 365 1513 dedimus
377 1475 501 1531 operam,
517 1465 548 1510 ut
567 1459 701 1528 quidquid
721 1475 754 1510 ex
768 1458 912 1510 Homerico
931 1475 1056 1510 sermone
1079 1474 1188 1526 usuque
1208 1455 1316 1507 dicendi
1334 1456 1384 1506 de-

242 1551 393 1614 promptum
415 1553 463 1596 aut
489 1544 524 1595 ad
546 1544 605 1596 eius
627 1541 763 1612 exemplar
778 1559 935 1612 expressum
954 1542 1109 1608 videretur,
1132 1540 1227 1594 sedulo
1245 1541 1384 1592 indicare-

241 1646 316 1696 mus3
336 1646 368 1680 ac
387 1629 456 1681 satis
473 1627 556 1681 multa
577 1645 686 1698 quaque
706 1629 765 1680 sere
785 1627 886 1696 pagina
901 1627 980 1679 nobis
996 1627 1123 1680 attulisse
1145 1627 1284 1692 videmur,
1308 1625 1386 1677 unde

242 1721 349 1783 pateat,
365 1721 496 1784 quantum
509 1701 543 1765 'ex
561 1713 671 1765 Homeri
688 1713 825 1764 locutione
852 1713 956 1764 Noster
974 1711 1093 1781 pendeat
1108 1718 1295 1781 quantumque
1316 1710 1385 1761 inde

242 1799 424 1868 assumpserit
449 1815 583 1868 suumque
607 1797 635 1849 in
663 1815 741 1850 usum
771 1797 947 1850 converterit.
995 1797 1038 1848 Ex
1058 1793 1250 1863 flomer0***)
1270 1811 1386 1866 quoque

309 1993 334 2060 *)
353 1997 471 2062 Lougin.
491 1999 538 2062 qui
557 1997 657 2046 dieitur
673 1997 714 2046 De
732 1995 840 2047 sublim.
854 1997 876 2056 5.
894 1995 935 2045 12:
959 1988 1046 2062 μόνος
1059 1985 1213 2058 Ἡρόδοτος
1226 1988 1384 2059 Ὁμηρικιό-

242 2079 325 2122 curua
343 2055 462 2130 ἐγένετο.
499 2067 587 2130 Atque
609 2062 671 2113 inde
690 2065 836 2114 Homerum
859 2070 887 2112 et
904 2064 1072 2113 Herodotum
1091 2064 1232 2127 coniungit
1250 2061 1386 2111 Nicolaus
1471 2069 1472 2110 ξ

243 2133 434 2196 Progymuaat.
447 2133 463 2180 2
475 2133 534 2182 init.
547 2133 651 2196 (unere.
665 2133 782 2182 Graece.
793 2132 843 2181 111.
857 2148 883 2196 p.
894 2132 944 2180 455
957 2131 1096 2197 Spengel).
1118 2131 1197 2180 Cous.
1213 2131 1297 2180 etiarn
1311 2136 1384 2178 nott.
1471 2155 1472 2164 ι

244 2201 279 2250 ad
292 2201 393 2250 Herod.
407 2201 432 2262 1,
446 2201 487 2251 23.
518 2202 561 2250 De
574 2199 713 2250 Herodoto
727 2201 840 2250 Homeri
859 2199 1010 2266 exemplum
1028 2205 1124 2248 secuto
1137 2199 1307 2262 eundemque
1321 2199 1387 2248 irni-

243 2273 321 2318 tunte
335 2267 481 2330 diligenter
494 2269 653 2318 observavit
666 2283 771 2332 quoque
784 2269 929 2317 bleierotto
943 2267 960 2316 1.
974 2266 991 2317 l.
1005 2284 1030 2332 p.
1044 2266 1102 2315 581.
1115 2265 1165 2316 581
1178 2282 1234 2330 seq.
1248 2264 1307 2315 5811.
1321 2265 1385 2314 588.

243 2335 292 2385 592
305 2351 361 2400 seq.
376 2335 434 2386 595.
459 2337 526 2387 Add.
540 2336 602 2385 Alb.
616 2336 649 2384 de
663 2335 758 2400 longh.
772 2336 815 2384 De
829 2335 961 2384 Herodoti
979 2333 1131 2400 philosoph.
1145 2351 1172 2400 p.
1187 2333 1218 2382 18
1230 2333 1292 2382 coll.
1307 2333 1339 2380 21
1358 2339 1387 2382 et
1471 2375 1472 2382 ,

243 2405 388 2470 Boettiger
400 2403 542 2470 (Opusce.)
555 2404 573 2454 l.
588 2420 649 2453 mox
661 2403 679 2452 l.
693 2419 756 2468 pag.
773 2401 820 2452 183
832 2417 890 2466 seq.
907 2401 960 2452 185.
977 2400 1024 2452 188
1037 2417 1092 2466 seq.
1251 2469 1262 2480 .

310 2469 350 2536 **)
366 2473 424 2522 Vid.
439 2473 571 2522 Creuzer:
589 2473 641 2522 Die
655 2471 752 2520 histor.
766 2471 854 2520 Kunst
867 2471 892 2520 d.
906 2469 952 2520 Gr.
967 2487 992 2534 p.
1009 2469 1065 2518 1411.
1083 2468 1128 2518 148
1141 2469 1203 2520 οο11.
1218 2468 1265 2518 155
1280 2469 1317 2533 (p.
1336 2468 1388 2518 lla

245 2555 303 2605 seq.
325 2539 369 2588 121
390 2541 431 2589 ed.
451 2541 531 2601 seo.),
562 2539 592 2589 C.
611 2541 642 2588 A.
667 2539 821 2603 lloettigcr:
850 2538 955 2588 Proles.
995 2540 1036 2588 De
1053 2538 1187 2587 Herodoti
1208 2536 1324 2586 historia
1350 2537 1389 2586 ad
1471 2573 1472 2584 .

244 2609 373 2658 carminis
392 2609 464 2672 epici
482 2606 600 2656 indolem
618 2607 729 2671 propius
748 2606 898 2656 accedente
912 2605 1007 2655 Prolus
1019 2607 1042 2655 Ι.
1060 2603 1252 2654 Vinrar.1792.
1271 2605 1296 2653 4.
1315 2605 1388 2653 Pro-

244 2676 294 2724 lus.
309 2675 343 2724 11.
364 2674 438 2725 17113.
462 2675 527 2725 ibid.
551 2677 575 2723 4.
596 2681 623 2724 et
640 2675 669 2723 in
686 2675 800 2738 Ruperti
819 2679 847 2722 et
864 2673 1072 2723 schlichthorst.
1092 2673 1254 2722 Commentt.
1275 2671 1388 2736 philoll.

244 2743 345 2802 (Brem.
361 2741 435 2804 1794)
448 2743 479 2791 T.
495 2743 515 2790 I.
529 2759 554 2806 p.
567 2742 609 2791 41.
622 2743 653 2791 T.
666 2741 700 2790 11.
716 2757 739 2806 p.
754 2742 795 2790 54.
811 2741 975 2805 (Boettigeri
993 2741 1111 2806 Opusec.
1133 2739 1230 2806 colleg.
1251 2745 1278 2789 et
1296 2739 1389 2789 edidit

244 2812 264 2858 1.
286 2809 374 2874 Sillig.
398 2811 496 2860 Dresd.
518 2809 591 2860 1837.
615 2825 678 2874 pag.
698 2809 746 2857 182
764 2824 837 2872 seqq.
859 2807 906 2858 193
922 2809 1024 2873 seqq),
1056 2809 1168 2858 Geinoz.
1193 2809 1221 2857 iu
1244 2805 1326 2856 Mem.
1351 2807 1388 2856 de

245 2876 349 2926 l'Aead.
361 2877 387 2926 d.
398 2877 538 2941 Inscriptt.
547 2878 579 2926 T.
590 2875 691 2926 xxm.
701 2893 726 2941 p.
739 2875 784 2924 101
800 2877 915 2940 indeque
928 2876 1075 2926 vernacule
1087 2877 1223 2926 Gattorer.
1234 2875 1297 2924 hist.
1309 2875 1387 2925 Bibl.

245 2945 278 2994 X.
292 2961 318 3009 p.
331 2942 457 2994 att-136.
492 2945 532 2993 Ac
544 2961 578 2993 ne
592 2944 711 3004 mireris,
731 2943 774 2994 vel
789 2949 898 2992 uestrae
913 2944 1013 2992 aetatis
1026 2945 1114 3008 pehtis
1128 2947 1290 3010 argumenta
1301 2959 1389 3008 prae-

245 3011 305 3060 buit
326 3011 494 3061 Herodotus:
523 3011 646 3076 singulas
673 3011 745 3060 enim
767 3011 900 3060 Herodoti
923 3013 1110 3068 narrationes,
1141 3011 1237 3076 quales
1261 3015 1324 3060 sunt
1352 3011 1388 3060 de

246 3081 348 3130 Croeso
366 3079 480 3128 flammis
498 3079 613 3137 tradito,
636 3079 670 3130 de
688 3078 872 3143 Rhampsiuiti
891 3079 1032 3140 thesauro,
1058 3080 1091 3129 da
1109 3079 1207 3129 Cleobi
1224 3095 1258 3128 uc
1272 3079 1388 3140 Bitonc,

245 3148 278 3196 de
289 3147 478 3212 Thermopylis
498 3147 613 3212 aliisque
627 3147 759 3197 eiusmodi
771 3147 866 3208 rebus,
885 3147 1052 3197 carminibus
1065 3147 1180 3212 siugulis
1193 3147 1327 3197 tractavit
1343 3148 1390 3195 vir

245 3214 363 3280 Anglua,
389 3215 467 3264 cuius
484 3214 608 3264 libellum
626 3215 670 3264 hie
688 3215 812 3266 indicare
835 3216 923 3265 iuvat:
947 3215 1061 3266 Ballads
1084 3215 1152 3264 irem
1170 3215 1324 3265 Herodotus
1349 3215 1390 3278 by

245 3283 271 3332 J.
287 3283 318 3332 E.
333 3283 421 3344 Beda,
436 3283 559 3332 London.
577 3281 649 3333 1853.
668 3281 694 3335 8.

313 3349 372 3414 ***)
384 3352 426 3400 Ex
439 3350 490 3400 hoc
501 3351 590 3400 studio
600 3351 711 3401 Homeri
722 3356 804 3416 utque
818 3351 973 3400 imitatione
983 3351 1115 3401 sermonis
1125 3351 1264 3400 Homerici
1277 3349 1305 3399 id
1318 3365 1390 3414 quo—

246 3435 298 3484 que
320 3421 389 3469 satis
412 3423 542 3484 apparet,
568 3419 736 3470 Herodotum
753 3419 866 3468 Homeri
884 3420 1021 3480 earmina,
1047 3419 1140 3484 qualia
1156 3419 1388 3479 nunciarentur,

245 3504 299 3538 uno
317 3487 453 3538 volumine
472 3487 669 3552 comprehensu
687 3486 970 3538 etAiexandrinoruru
989 3488 1054 3536 euri.
1071 3487 1208 3552 perpolita
1226 3485 1337 3536 novisse
1358 3493 1390 3534 et

246 3554 933 3687 {thaataihtatttttababtibus,
946 3553 1388 3688 ituitlltltt‘ilittt}

248 3691 488 3750 adscribebautur,
514 3691 692 3754 discrevisse,
718 3705 787 3755 quae
809 3692 863 3756 ipsi
887 3695 1101 3756 supponerentur
1123 3692 1246 3740 earmina
1266 3689 1387 3754 Cypria:

247 3760 356 3820 virbii,
376 3759 432 3808 116.
449 3758 495 3807 117
514 3759 606 3824 ibique
626 3765 694 3810 nott.
713 3757 775 3808 coll.
790 3759 829 3817 11,
848 3757 881 3809 53
899 3757 977 3822 (biae.
991 3759 1050 3808 Vll.
1064 3775 1088 3823 p.
1102 3757 1152 3808 855
1164 3775 1239 3824 seqq.
1257 3759 1288 3809 T.
1303 3759 1338 3820 1.)
1357 3765 1388 3806 et-

247 3827 289 3887 11,
305 3825 359 3876 120.
374 3853 406 3863 -
419 3827 471 3887 IV,
484 3824 518 3874 29
531 3827 594 3879 οοΙΙ.
608 3826 649 3878 32.
661 3853 694 3862 -
707 3827 742 3888 V,
756 3825 798 3876 (17.
817 3827 881 3888 VII,
903 3825 958 3876 161.
976 3827 1015 3887 11,
1029 3825 1062 3876 23
1082 3826 1144 3877 οο11.
1158 3827 1211 3888 1v,
1224 3827 1265 3878 32.
1302 3827 1386 3876 Cous.

247 3893 374 3944 Creuzer.
388 3893 406 3943 l.
421 3893 439 3942 l.
452 3909 478 3959 p.
493 3893 542 3944 155
554 3910 611 3959 aeq.
641 3895 739 3944 Moneo
750 3893 801 3943 boc
815 3899 927 3959 proptor
939 3910 999 3955 eos,
1014 3895 1060 3960 qui
1072 3895 1185 3944 Homeri
1198 3895 1322 3944 carmina
1335 3911 1391 3960 per

247 3961 392 4010 multorum
405 3977 536 4011 annorum
549 3963 671 4026 adeoque
684 3961 837 4012 seculorum
849 3961 991 4012 decursum
1005 3968 1078 4024 orta,
1093 3963 1233 4028 postmodo
1246 3963 1355 4012 demum
1370 3979 1390 4011 a

247 4029 395 4078 Pisistrato
407 4028 523 4078 Athenis
536 4030 564 4078 iu
577 4045 659 4080 unum
672 4045 781 4094 eorpuS,
796 4031 840 4078 cui
853 4030 965 4079 Homeri
978 4046 1076 4080 nomen
1090 4031 1175 4080 fuerit
1187 4031 1388 4096 praepositum,

248 4096 369 4145 collecta
382 4111 442 4146 essa
455 4101 559 4161 putent.
589 4097 613 4147 A
626 4113 679 4162 qua
692 4097 832 4147 sententia
844 4097 925 4162 longe
940 4097 1037 4148 abesse
1049 4103 1156 4163 patrem
1167 4097 1314 4159 historiae,
1330 4113 1389 4148 nou

248 4163 373 4227 estquod
387 4179 501 4230 operose
514 4171 735 4226 commonstrem
754 4165 799 4229 qui
817 4180 876 4214 eum
889 4165 1030 4215 Pisistrati
1047 4183 1090 4216 res
1107 4173 1163 4216 tam
1176 4165 1325 4232 diligenter
1338 4182 1390 4216 ex-

247 4237 345 4298 ponat,
363 4247 427 4282 num
445 4247 505 4281 eum
518 4233 658 4283 Pisistrati
675 4235 773 4282 merita
789 4231 823 4281 do
836 4231 955 4282 Homero
972 4233 1083 4284 silentio
1101 4235 1278 4300 praeteriisse
1296 4233 1390 4284 credi-

248 4298 303 4348 bile
318 4302 376 4349 est?
412 4301 479 4350 Tum
498 4315 565 4351 sane
582 4315 635 4349 uon
652 4315 719 4366 opus
735 4300 878 4350 habuisset
889 4301 1002 4350 Homeri
1018 4307 1139 4352 aetatem
1157 4302 1270 4352 delinire
1287 4303 1312 4352 11
1319 4341 1325 4364 ,
1342 4301 1387 4364 53,

249 4383 328 4432 quarn
342 4369 492 4418 carminum
505 4369 579 4417 iamt
592 4369 627 4416 ab
639 4367 771 4418 historiae
784 4371 861 4432 patre
875 4367 1015 4418 definitam
1027 4370 1086 4419 vult
1097 4371 1218 4420 Nitzaah.
1230 4369 1336 4420 hlelett.
1351 4370 1388 4418 de

248 4437 352 4486 Hister.
372 4437 451 4485 iiam.
471 4436 540 4486 iaec.
553 4437 588 4484 il.
607 4435 637 4482 P.
651 4436 687 4484 11.
705 4451 730 4500 p.
744 4434 784 4484 21.
797 4433 844 4498 38,
867 4435 914 4485 ubi
933 4440 1017 4487 etiam
1034 4437 1104 4488 bene
1123 4445 1228 4498 monet,
1251 4453 1311 4488 curn
1331 4438 1388 4487 hac
