3026 4970
235 431 297 494 ³02
669 425 934 486 HERODOTI

236 605 316 688 ἔφη,
338 594 416 678 τούς
433 601 562 680 ξείνους
580 586 779 686 φεύξεσθαι,
798 592 878 666 ov’tl
898 593 984 666 ἑκών
1001 595 1087 666 εἶναι
1105 599 1293 686 αἰσχυνέειν
1310 595 1373 686 τὴν

234 697 410 789 Σπάρτην·
436 693 615 787 ἐθαύμασέ
629 724 664 766 τε
681 692 787 788 ὁρέων
803 694 840 767 τὸ
857 695 1073 787 ποιεύμενον,
1095 693 1153 767 ὅτε
1169 693 1210 768 or}
1228 725 1372 788 παραγε-
1455 771 1457 777 ,

234 799 373 890 νόμενος
390 803 437 894 τῷ
454 802 602 892 προτέρῳ
621 796 716 891 λόγῳ.
736 793 753 868 ὁ
774 798 811 868 δὲ
821 807 1017 886 Παυσανίης
1034 827 1070 868 τε
1088 801 1144 868 καὶ
1162 795 1179 868 ὁ
1194 795 1371 890 Εὐρυάναξ

236 898 348 972 δεινὰν
364 902 426 991 μὲν
444 897 616 970 ἐποιεῦντο
633 897 670 969 τό
687 896 732 988 μὴ
749 907 929 970 πείθεσθαι
948 897 1078 970 ἐκεῖνον
1094 908 1206 990 σφίσι,
1229 898 1372 970 δεινότε-

234 1031 295 1094 ρον
314 1004 350 1072 δὲ
369 1009 427 1091 ἔτι,
447 998 578 1071 ἐκείνου
595 1003 700 1070 ταῦτα
716 1005 919 1090 νενοηιένον,
938 997 1114 1072 ἀπολιπεῖν
1131 999 1190 1071 τὸν
1203 1000 1301 1092 λόχον
1312 999 1372 1072 τὸν

236 1216 288 1266 que
312 1199 394 1250 alitor
417 1199 450 1249 de
474 1197 518 1247 his
542 1198 671 1248 statuisse
695 1198 777 1248 video
828 1199 940 1250 nr.203.
964 1215 1028 1264 pag.
1046 1198 1114 1248 2012
1137 1215 1170 1250 ex
1189 1215 1269 1264 opere
1287 1197 1371 1264 Angli

234 1269 394 1318 Mausouem
407 1263 778 1332 (SpartaVol.1.P.2.p.126
828 1268 881 1318 viri
899 1267 974 1318 docti
992 1267 1126 1331 (Aucient
1143 1267 1219 1317 coins
1236 1267 1267 1316 ο1
1279 1265 1371 1316 Greek

234 1333 306 1400 seq.)
323 1335 421 1384 merito
439 1339 629 1398 quaerentem,
651 1333 716 1398 qnid
728 1334 777 1382 mi·
829 1335 910 1384 citios
919 1335 971 1384 and
981 1333 1063 1398 kings
1073 1340 1136 1394 otc..
1149 1333 1306 1384 illustrated
1317 1335 1372 1384 and

233 1418 292 1452 rum
305 1403 341 1452 sit
353 1403 387 1452 ab
400 1401 539 1451 Herodoto
552 1401 690 1450 cohortem
700 1401 777 1450 Pita-
828 1401 974 1468 explained
992 1402 1028 1465 by
1039 1401 1065 1452 J.
1077 1401 1231 1468 Millingeu.
1257 1401 1372 1452 London

234 1475 360 1520 natarum
373 1485 434 1519 eam
446 1469 515 1530 dici,
535 1483 605 1533 quae
620 1484 636 1518 a
648 1469 715 1519 viris
728 1468 777 1517 tri·
830 1467 905 1530 1831)
922 1469 1131 1519 Tarentinorum
1143 1484 1253 1519 numum
1266 1469 1373 1536 profert

234 1539 284 1587 bus
308 1537 426 1586 Pitanae
452 1537 606 1586 coniunctis
629 1551 678 1601 pro
702 1551 777 1585 mors
829 1537 953 1599 (Tabl.
973 1533 1030 1600 17),
1052 1538 1080 1586 in
1103 1551 1154 1601 quo
1176 1537 1260 1587 inseri
1282 1543 1312 1587 ta
1332 1536 1370 1586 le-

234 1609 358 1654 veterum
388 1604 473 1653 luerit
502 1605 664 1670 composita.
707 1603 775 1652 Add.
828 1609 928 1670 guntur
951 1603 1036 1654 verba
1061 1605 1222 1668 περιπολων
1272 1619 1372 1655 seusu-

234 1670 342 1734 K‘dchly
356 1676 384 1722 et
395 1671 519 1721 Rilstow:
539 1671 649 1720 Griech.
664 1672 775 1736 Kriogs-
828 1687 893 1720 rur:
919 1687 988 1736 quae
1005 1671 1091 1721 verba
1108 1673 1199 1722 editor
1215 1671 1319 1737 Anglus
1338 1687 1371 1722 eo

234 1753 326 1789 wesen
343 1754 407 1804 pag.
420 1737 462 1800 37,
480 1740 527 1803 qui
544 1753 596 1788 nec
609 1739 777 1788 Herodotum
828 1739 926 1801 refert,
946 1745 977 1788 ut
989 1741 1016 1788 in
1029 1739 1171 1790 condendo
1183 1741 1305 1790 Tarento
1317 1739 1371 1790 viri

234 1821 286 1856 nec
304 1805 491 1871 Thucydidem
511 1807 541 1855 in
558 1806 660 1856 talibus
678 1805 777 1855 erroris
828 1806 915 1856 tribus
944 1805 1003 1856 sive
1031 1808 1087 1856 vici
1116 1807 1235 1858 Pitanae
1264 1813 1372 1874 partem

234 1872 778 2002 lllltl'izbtlttltltitt}
828 1873 1370 2007 stt?tl.”llltlttllttll’.stlz

235 2009 404 2074 temporibus
416 2007 483 2057 belli
495 2009 615 2070 Persici)
634 2000 716 2072 λόχος
733 2007 777 2056 Pi·
829 2008 991 2058 translatum
1004 2010 1047 2058 sit.
1073 2009 1109 2057 ht
1120 2009 1253 2059 Muslloro
1265 2009 1317 2059 hoc
1330 2010 1372 2058 ita

234 2081 405 2136 tributarum,
425 2091 485 2126 eum
498 2075 666 2140 Thucydidis
684 2079 777 2124 aetate
827 2078 919 2142 potius
932 2075 1121 2141 explicandum
1134 2076 1256 2138 videtur,
1273 2081 1304 2126 ut
1315 2077 1371 2125 'ra-

235 2150 263 2192 et
275 2144 452 2208 sequentibus
465 2144 631 2208 temporibus
648 2157 702 2192 nou
720 2157 776 2191 am·
827 2145 930 2193 rentini
954 2144 1046 2208 patria
1069 2145 1210 2194 Laconum
1240 2145 1372 2194 instituta

233 2211 306 2278 plius
328 2212 467 2262 exstitisse
489 2211 641 2261 credemus.
674 2211 710 2260 Et
730 2210 776 2275 qui
827 2211 967 2261 imitentes
991 2209 1063 2275 apud
1085 2227 1114 2261 se
1139 2227 1246 2276 quoque
1270 2211 1371 2261 consti·

233 2295 321 2346 nuper
338 2281 366 2328 in
382 2278 538 2344 Specimine
557 2279 671 2340 Quaest.
691 2278 775 2327 histo·
828 2279 913 2328 tuissc
926 2279 1124 2343 perhibeantur
1136 2279 1312 2328 Pitonatoruas
1324 2295 1368 2329 co·

233 2349 299 2397 ricc.
329 2347 363 2397 de
393 2347 554 2410 Thucydide
584 2351 613 2396 et
636 2345 775 2396 Herodoto
825 2347 931 2396 hortem.
951 2346 1009 2395 Nec
1022 2345 1271 2410 deniquoadhanc
1283 2352 1371 2398 totam

234 2413 372 2477 (Berolin.
392 2413 474 2478 1851)
491 2430 557 2480 pag.
574 2413 683 2466 30—34
705 2413 775 2462 haec
826 2415 1016 2478 quaestionem
1028 2413 1127 2463 referri
1144 2429 1198 2464 non
1210 2429 1292 2480 posse
1304 2421 1371 2481 puto

233 2484 375 2546 tractavit,
388 2482 526 2544 Salomon,
539 2483 568 2532 in
580 2482 775 2547 Spartanorum
825 2481 983 2531 Pausaniae
995 2480 1084 2530 locum
1097 2481 1147 2542 111,
1162 2482 1200 2531 14.
1213 2483 1268 2544 §.2
1282 2483 1330 2532 ubi
1342 2483 1371 2532 in

235 2552 358 2600 exercitu
370 2551 456 2600 tuisse
469 2551 566 2600 statuit
580 2557 607 2599 et
618 2551 678 2614 ipse
691 2540 777 2612 λόχον
828 2549 928 2614 Sparta
951 2553 1178 2599 commemoratur
1194 2545 1279 2615 λέσχη
1296 2549 1371 2612 Κρο-

234 2618 382 2682 quendam,
403 2618 449 2681 qui
465 2617 512 2667 vel
529 2617 622 2667 esolis
635 2615 776 2665 Pitanstis
827 2615 933 2676 τανοὶν,
952 2615 996 2665 his
1014 2616 1115 2668 additis
1132 2618 1239 2668 verbis:
1263 2612 1319 2667 eloi
1337 2611 1371 2666 dl

234 2685 279 2734 vol
294 2689 370 2734 certe
390 2685 537 2734 maximam
558 2689 664 2748 partem
681 2699 714 2732 ex
731 2682 777 2731 iis·
828 2677 858 2733 oi
870 2680 1012 2763 Κροτανολ
1025 2683 1237 2735 Πιτανατῶν
1253 2685 1369 2749 μοῖρα.

234 2753 295 2801 dem
313 2753 470 2801 constiterit
486 2751 604 2815 indeque
617 2751 689 2800 hanc
701 2751 776 2799 Pita-
862 2765 927 2809 τους
941 2749 1063 2816 ξείνους]
1081 2753 1150 2802 Vide
1168 2767 1251 2817 supra
1267 2753 1313 2808 tx,
1330 2750 1369 2800 11.

234 2823 361 2868 natarum
379 2811 464 2882 λόχου
480 2819 712 2883 significationem
728 2831 774 2866 ac·
846 2819 939 2883 ibique
957 2819 1043 2884 nott.)
1065 2819 1098 2869 55
1120 2825 1148 2869 et
1169 2819 1204 2868 ad
1224 2816 1370 2868 formulam

236 2886 355 2949 ceperit:
373 2900 444 2948 quae
463 2887 587 2949 quamvis
601 2887 674 2935 inter
689 2885 775 2934 Grae·
826 2879 899 2937 ειιών
912 2879 988 2937 εἶναι
1001 2888 1030 2936 1ο
1042 2901 1117 2952 soqq.
1135 2887 1196 2948 Vll,
1211 2885 1259 2936 164
1276 2887 1371 2950 ibique

236 2967 282 3002 cos
295 2953 425 3016 frequens
438 2953 523 3001 luerit
535 2952 700 3017 appellatio,
714 2967 775 3002 eam
826 2959 895 3004 nott.
935 2955 978 3004 De
1007 2954 1091 3005 verbo
1119 2947 1268 3019 αἰσχύνειν
1296 2953 1370 3003 coni.

234 3025 328 3068 tamen
345 3020 374 3068 in
391 3018 510 3083 publicis
526 3021 609 3069 rebus
626 3019 661 3080 (ν.
677 3037 700 3068 ο.
714 3035 774 3069 oum
826 3027 894 3070 nott.
907 3022 941 3071 ad
954 3023 1015 3086 VII,
1029 3020 1062 3072 53
1075 3027 1103 3071 et
1114 3021 1148 3070 do
1161 3021 1299 3072 locutione
1313 3018 1371 3072 δει-

235 3085 337 3136 milites
347 3087 585 3136 conscriberentur
602 3093 650 3136 aut
666 3087 775 3136 omnino
826 3082 878 3138 νόν
890 3089 1040 3140 ποιεῖσθαι
1052 3093 1120 3139 nott.
1134 3089 1169 3138 ad
1178 3089 1228 3151 111,
1244 3089 1283 3138 14.

235 3155 268 3204 de
279 3154 395 3220 singulis
406 3154 678 3220 copiarumpartibus
687 3169 775 3204 sermo
861 3149 974 3207 ἐκείνου
993 3156 1085 3207 ταῦτα
1106 3150 1279 3222 νενωμένον]
1302 3157 1321 3205 i.
1344 3171 1370 3206 e.

234 3223 392 3285 haberetur)
414 3224 460 3273 vir
480 3223 631 3272 adhibitam
653 3223 775 3286 adeoque
826 3241 880 3273 cam
896 3225 938 3274 ille
961 3225 1204 3290 (Amompharetus
1222 3225 1276 3274 dux
1293 3223 1370 3285 scil.)

234 3291 321 3340 minus
330 3291 468 3358 propriam
477 3306 511 3340 ac
520 3290 678 3341 sollemnem
688 3289 777 3339 videri
826 3295 863 3340 ita
871 3307 953 3342 seeum
964 3295 1094 3342 elatrasset
1105 3307 1127 3342 e.
1138 3295 1185 3342 too
1198 3298 1265 3342 esset
1279 3295 1371 3342 σνὶνιο.

233 3360 320 3409 fuisse
333 3359 404 3409 idam
421 3359 463 3408 vir
475 3359 571 3408 doctus
589 3358 672 3410 addit.
696 3357 775 3418 Quae
826 3359 885 3407 Hes
906 3359 983 3409 chius
1004 3362 1038 3411 Π.
1061 3377 1086 3426 p.
1105 3357 1154 3409 6117
1173 3353 1309 3408 risurus·
1339 3349 1372 3408 ἐν

234 3429 348 3478 sumita
365 3428 434 3488 sint,
453 3425 619 3476 Herodotum
637 3441 654 3474 a
667 3425 775 3488 Thucy·
827 3425 867 3492 aqi
881 3375 947 3492 ἔχει.
972 3428 1040 3478 hdd.
1050 3425 1168 3492 Etymol.
1181 3441 1272 3491 magn.
1286 3423 1368 3491 poor

234 3495 297 3545 dide
311 3494 540 3561 (quemHerodoti
553 3494 637 3544 libros
650 3493 775 3557 cognitos
828 3501 856 3544 et
879 3495 1010 3545 Herodot.
1035 3497 1060 3556 1,
1085 3493 1127 3545 (18.
1152 3495 1183 3542 77
1208 3494 1274 3558 ibiq.
1298 3497 1369 3544 nott.

233 3579 287 3613 uon
299 3563 439 3626 habuisse,
453 3563 508 3612 iam
521 3561 557 3612 ad
568 3563 613 3625 Vl,
626 3561 659 3610 57
671 3561 776 3611 monui·
827 3562 900 3612 Hinc
919 3563 990 3614 male
1009 3564 1086 3613 codd.
1105 3562 1197 3626 plures
1215 3550 1371 3626 ἀναινομέ-

234 3629 311 3696 mus)
334 3632 413 3697 tangi
434 3635 482 3681 aut
496 3630 662 3697 Herodotum
684 3643 775 3678 errore
828 3645 888 3682 νον.
903 3631 981 3692 Quod
993 3647 1074 3681 unum
1087 3645 1179 3682 verum
1192 3635 1235 3678 est
1248 3623 1371 3694 νενασμέ-

233 3699 279 3748 hio
300 3699 407 3765 lapsum
430 3714 490 3748 esso
511 3699 556 3762 (ut
574 3703 685 3764 praeter
706 3696 777 3747 allos
828 3713 893 3758 νου,
911 3699 1077 3750 eSauoroiti
1094 3699 1164 3750 libro
1176 3697 1275 3746 dudum
1292 3711 1370 3746 raee-

235 3767 378 3817 oontondit
398 3767 544 3826 Maurum,
570 3781 649 3830 quem
669 3765 726 3814 rid.
748 3765 776 3814 iu
827 3767 1129 3832 peratWesselingius.

234 3833 325 3882 Lectt.
344 3833 400 3882 htt.
419 3833 442 3894 Ι,
462 3833 501 3882 15.
521 3831 552 3882 16
569 3833 632 3883 οο11.
654 3831 775 3882 Miscell.
861 3826 1015 3885 α’πολιπεῑν
1031 3829 1081 3885 τὸν
1100 3827 1201 3899 λόχον]
1220 3824 1272 3882 τὸν
1284 3824 1372 3896 λάχον

236 3899 526 3964 Laconu.pug.10tl)‚
545 3901 616 3950 haud
635 3900 701 3950 mibi
716 3915 777 3966 per·
827 3917 876 3968 pro
893 3901 996 3952 obiecti
1019 3903 1181 3952 accusativo
1199 3900 1320 3964 accipio,
1344 3900 1371 3948 si

235 3967 344 4016 suaderi
361 3967 461 4032 patiar.
492 3968 570 4017 Conl.
589 3970 673 4018 otiam
692 3969 723 4018 C.
742 3967 775 4020 Ο.
828 3969 935 4034 quidem
954 3976 982 4020 ct
998 3970 1024 4020 h.
1039 3971 1057 4019 l.
1077 3976 1104 4019 et
1116 3971 1145 4019 in
1157 3968 1279 4034 proxime
1292 3981 1371 4032 seqq.

234 4033 365 4084 Mueller:
378 4035 443 4084 Dor.
457 4034 493 4084 11.
510 4049 573 4100 pag.
586 4035 632 4095 50,
650 4037 697 4085 ubi
711 4041 775 4101 apte
827 4038 946 4100 itemque
959 4053 1020 4104 cup.
1034 4036 1068 4088 os
1084 4037 1197 4088 verbum
1214 4024 1372 4084 άπολιπεῖν

236 4101 411 4151 Caracallum
440 4102 631 4166 imperatorem
660 4103 773 4169 profert,
826 4119 904 4154 susm
921 4106 1022 4155 retinet
1033 4106 1087 4154 vim
1106 4105 1235 4154 activam.
1261 4103 1372 4152 Gravius

236 4169 401 4235 quiantiqua
411 4169 538 4218 instituta
547 4169 659 4220 imitans
669 4187 683 4220 e
694 4171 774 4236 Spar·
826 4178 907 4222 omem
928 4173 993 4237 ipsis
1007 4173 1140 4222 uidebatur
1156 4173 1278 4221 deserere
1295 4171 1369 4220 Pitu-

235 4238 309 4287 tanis
327 4237 460 4286 formasse
473 4237 575 4286 dicitur
591 4232 676 4304 λόχον
689 4239 776 4289 Πιτα-
826 4245 942 4289 automni
958 4241 1086 4291 rodonem
1102 4239 1257 4298 timentibus,
1279 4254 1325 4298 ne,
1346 4242 1374 4288 ei

235 4299 327 4372 νάτην
343 4305 503 4356 Herodiano
520 4304 567 4366 1v‚
582 4305 607 4358 8.
640 4307 715 4357 Idem
734 4308 776 4356 vir
826 4309 1222 4370 eamdeserurhsent,saeieutes‚
1235 4307 1372 4372 dequibus

235 4377 330 4426 doetus
342 4375 371 4424 in
384 4373 687 4438 AnnattGottingenss.
703 4373 775 4424 1835.
825 4391 880 4425 cum
894 4377 998 4440 reliquls
1011 4377 1118 4426 Graecia
1129 4382 1312 4437 conuenerant,
1331 4377 1372 4423 ιἰι-
