3026 4970
461 419 723 479 CALLIOPE.
746 421 804 478 IX.
826 429 958 483 33-35.
1217 423 1280 484 275

142 593 255 685 πολλῷ
271 594 411 670 πλεῦνες
428 593 497 660 τῶν
514 594 696 677 γυναικών,
714 586 802 659 οὕτω
821 585 863 676 δὴ
880 584 1098 676 ὑποστάντες,
1116 585 1156 659 τὰ
1173 585 1191 660 ὁ
1209 601 1279 662 Με-

142 692 290 781 λάμπους
308 699 536 782 προετείνατο,
555 687 655 779 ἤϊσαν
673 689 835 772 δώσοντές
853 695 888 760 oi
902 693 1012 759 ταῦτα.
1040 685 1057 758 ὁ
1077 690 1114 759 dt
1133 694 1281 764 ἐνθαῦτα

143 791 184 881 δὴ
209 796 415 882 ἐπορέγεται,
440 787 547 883 ὁρέων
564 789 687 872 αὐτους
704 793 963 882 τετραμμένους,
987 786 1068 880 φὰς,
1093 786 1136 879 ἢν
1158 789 1202 880 μὴ
1225 797 1280 864 καὶ

141 898 189 986 τῷ
211 889 366 988 ἀδελφεῷ
388 902 506 966 Βίαντι
528 897 695 984 μεταδῶσι
718 889 756 963 τὸ
778 889 988 982 τριτημόριον
1009 893 1066 979 τῆς
1096 900 1280 984 βασιληίης,

141 991 182 1065 οὐ
200 993 351 1084 ποιήσειν
363 992 402 1065 τὰ
415 995 603 1084 βούλονται.
631 1000 666 1064 oi
682 995 719 1064 dt
734 990 886 1086 Ἀργεῖοι,
903 990 1139 1082 ἀπειληθέντες
1153 999 1185 1078 ές
1197 1016 1281 1066 στει-

141 1093 218 1185 υόν,
243 1100 452 1167 καταινέουσι
475 1099 530 1166 καὶ
553 1100 668 1167 ταῦτα.
696 1091 755 1176 Ὦς
775 1097 812 1165 δέ
830 1098 885 1165 καί
903 1097 1125 1184 Σπαρτιῆται,
1151 1099 1328 1174 &timess

141 1195 204 1286 γὰρ
224 1201 342 1278 δεινοῖς
359 1201 419 1267 τοῦ
444 1201 646 1288 Τισαμενοῦ,
665 1196 795 1278 πάντως
813 1194 1022 1286 συνεχώρεόν
1039 1202 1080 1266 oi.
1112 1219 1281 1290 συγχωρη-

142 1296 273 1369 σάντων
297 1300 335 1368 dl
358 1301 414 1368 καὶ
437 1302 541 1368 ταῦτα
565 1301 633 1368 τοῖν
661 1301 898 1388 Σπαρτιητέων
922 1293 1009 1368 οὕτω
1035 1294 1076 1384 δὴ
1100 1302 1198 1370 πέντε
1222 1323 1281 1390 σφι

141 1397 386 1489 μαντευόμενος
404 1396 535 1488 ἀγῶνας
554 1397 631 1480 τούς
648 1408 821 1490 μεγίστους
845 1395 1025 1488 Τισαμενὸς
1042 1392 1059 1467 ὁ
1075 1393 1211 1488 Ἠλεῖος,
1230 1430 1282 1489 γε·

141 1595 243 1663 μῆνιν,
263 1601 294 1648 ut
305 1598 441 1648 Diodorus
459 1597 478 1646 l.
491 1597 509 1647 1.
523 1597 620 1659 tradit3
640 1612 687 1646 au·
738 1611 796 1646 rum
815 1612 832 1646 a
849 1597 941 1646 furore
958 1602 1118 1648 sanctarum
1135 1597 1208 1650 hanc
1224 1600 1281 1650 Me·

143 1670 218 1714 ctore
231 1666 373 1715 Pausania
387 1665 405 1714 l.
418 1665 436 1714 l.
450 1664 540 1730 μανία
557 1667 621 1723 ταῖς
640 1680 687 1728 ην·
738 1664 858 1730 lampodi
876 1665 994 1730 gratiam
1013 1666 1138 1715 scribens
1157 1663 1192 1717 al'r
1209 1667 1281 1718 dne-

143 1729 239 1794 νιιιξίν
252 1724 398 1794 ἐνέπεσεν,
419 1725 591 1796 ἐκφοιτῶσαι
610 1725 642 1783 dl
656 1723 687 1782 έιι
737 1748 843 1798 xagora
856 1747 916 1782 esse
930 1733 1057 1794 relatam,
1070 1737 1100 1782 ut
1113 1735 1209 1798 aequis
1221 1750 1282 1784 oum

142 1794 310 1850 advolastis
323 1790 484 1850 ἐπλανῶντο
500 1790 557 1850 α’νοὶ
570 1793 686 1865 τὴνηοέ-
737 1800 797 1865 ipso
814 1800 955 1866 ipsiusque
974 1801 1058 1850 fratre
1075 1801 1175 1851 Biante
1197 1803 1283 1866 parti-

144 1883 210 1930 ραν,
237 1859 265 1924 ές
281 1854 297 1916 ὃ
313 1861 491 1931 Μελάμπους
514 1859 529 1917 ὁ
550 1857 687 1932 Ἀμαθαίο-
738 1867 789 1917 bus
799 1883 912 1933 regnum
923 1869 1144 1919 communicaret.
1158 1869 1212 1919 Sed
1222 1871 1283 1936 quis

144 1928 686 2066 {tzittitit‘ttlsstii'slim>
737 1935 1282 2069 35:22233„illtzptldtdbidti

177 2057 250 2120 οὕτω
267 2063 303 2134 δὴ
322 2061 506 2129 ὑποσταντες]
530 2071 586 2118 tc.
605 2071 685 2118 itas.
739 2071 864 2135 equidem
893 2071 1150 2136 Schweighaeuseri
1177 2079 1282 2123 notam:

142 2141 199 2186 tum
210 2137 418 2202 domumdrgivi
428 2137 604 2202 recipientes,
616 2152 686 2203 quae
737 2140 874 2200 „Praeter
890 2141 1015 2188 dimidium
1032 2143 1117 2203 repul,
1142 2141 1213 2205 quod
1230 2142 1284 2191 sibi

140 2205 296 2270 Melampus
311 2207 460 2269 proposuit,
479 2221 500 2254 s.
519 2207 546 2254 in
562 2206 686 2254 conditio·
737 2205 891 2272 Melampus
901 2207 1098 2271 postulaverat,
1108 2210 1219 2272 insuper
1229 2209 1284 2258 ire·

141 2289 196 2322 nera
208 2289 225 2321 a
237 2272 399 2336 Melampode
408 2275 568 2336 prepositum
580 2287 685 2322 comen·
738 2273 773 2322 tri
787 2289 835 2323 suo
852 2273 1004 2338 postulavit
1020 2278 1121 2324 tertiam
1133 2278 1207 2339 repat
1218 2293 1283 2340 par·

141 2345 233 2390 tientes
250 2341 424 2398 accesserunt,
446 2341 509 2389 ίιιιεο
525 2342 575 2404 ipsi
592 2341 685 2391 daturi.
738 2347 799 2400 tem,
824 2357 922 2406 nempe
945 2341 1056 2390 tertiam
1078 2347 1185 2406 partem
1204 2343 1282 2392 dimi·

142 2407 224 2456 Haud
237 2407 320 2457 elitor
333 2407 390 2456 iere
399 2397 558 2471 ὁφιστάναι
568 2407 617 2468 ΙΙΙ,
632 2406 686 2456 127.
739 2407 808 2458 diati
819 2409 907 2472 regui,
919 2408 988 2472 quod
995 2409 1104 2472 Argivis
1115 2415 1281 2474 superesset,

144 2473 192 2523 128
205 2480 234 2524 et
246 2474 354 2538 lxma.
389 2476 432 2524 De
445 2473 551 2524 voculis
563 2463 637 2524 οὕτω
650 2467 686 2536 δὴ
739 2475 981 2538 adeoquoeertam
995 2480 1101 2538 partem
1114 2477 1207 2527 totius.
1227 2479 1283 2543 Igi-

143 2542 179 2591 ci.
199 2541 287 2591 allata
304 2543 339 2591 ad
357 2543 408 2604 lx,
427 2540 452 2592 6.
483 2541 606 2606 Sequens
623 2533 687 2591 έπο-
739 2547 794 2602 tur,
816 2541 1033 2606 quandoquidem
1052 2543 1202 2593 conditioni
1220 2545 1282 2594 sub·

143 2603 254 2674 ρέηεται
272 2610 451 2660 reddiderim:
466 2613 545 2674 plura
561 2611 627 2659 adeo
641 2624 687 2673 pe·
738 2610 909 2675 scripserunt
919 2610 1031 2674 Argivi,
1045 2611 1157 2674 accepit
1169 2611 1282 2662 Melum·

141 2679 196 2738 tiis,
215 2682 326 2741 praeter
339 2691 386 2737 ea,
405 2693 474 2742 quac
489 2679 544 2727 iam
557 2677 686 2742 petierat,
738 2692 788 2742 pus
802 2677 961 2727 cumfratre
976 2681 1104 2741 quattuor
1115 2683 1208 2728 sextas
1220 2695 1283 2746 par-

143 2745 218 2794 sliud
231 2744 295 2808 quid
308 2745 360 2794 sibi
393 2745 525 2796 ustulans.
555 2746 598 2794 lla
614 2745 686 2793 enim
738 2751 793 2805 tes,
812 2744 840 2795 id
858 2749 901 2794 est
918 2743 986 2794 duae
1002 2745 1035 2794 de
1052 2745 1141 2796 tribu's
1157 2745 1283 2811 pertibus

141 2812 357 2878 praepositionis
371 2760 418 2863 fut
431 2814 459 2861 in
471 2812 564 2862 verbis
577 2827 686 2877 compo·
737 2813 823 2864 totius
836 2829 864 2862 re
906 2813 927 2872 i,
940 2818 970 2862 ut
982 2813 1119 2863 Diodorus
1131 2813 1187 2863 Sic.
1202 2815 1243 2863 sit
1256 2819 1284 2864 et

143 2880 205 2930 sitis
219 2885 262 2930 est
272 2880 329 2942 vis,
342 2885 374 2929 ut
386 2879 490 2944 aliquid
503 2880 567 2930 addi
579 2879 623 2930 vel
639 2893 685 2929 au·
738 2880 852 2930 Pindari
865 2827 903 2929 gn

143 2947 203 3012 geri
219 2946 333 2997 indicet.
363 2947 444 2998 θοαί.
458 2963 528 3012 quae
545 2949 640 2998 notavi
658 2949 686 2996 in
772 2938 979 3014 ἀπειληθέντες
997 2939 1026 3006 ές
1042 2941 1163 3015 στεινὸν]
1183 2950 1282 3012 Vidi,

143 3015 273 3064 creuzeri
285 3014 392 3065 Melett.
403 3015 453 3064 111.
464 3031 491 3080 p.
501 3013 544 3066 iil.
563 3015 605 3065 Ad
616 3020 686 3065 stru·
738 3017 779 3066 24.
795 3017 872 3074 Vlll,
893 3015 940 3066 109
956 3017 1050 3080 ibique
1068 3023 1137 3068 nott.
1157 3019 1191 3068 de
1209 3018 1282 3068 locu·

143 3087 250 3132 ctnram
267 3083 346 3134 verbi
362 3077 550 3148 μεταδιδόναι
566 3085 603 3132 ci.
617 3089 686 3132 nott.
739 3085 822 3135 tione.
852 3084 971 3134 Verbum
989 3087 1138 3136 ιιαταινεῖν
1153 3087 1233 3152 attigi
1247 3087 1282 3136 ad

144 3149 180 3200 ad
192 3149 268 3228 Vlll,
282 3151 307 3200 5.
353 3209 360 3228 ¹
473 3215 484 3227 .
738 3153 785 3215 lll,
799 3152 840 3203 33.

143 3214 688 3350 ..ιιιιιηαιιισισιἐν
857 3293 933 3370 -0
998 3323 1022 3370 X

143 3353 360 3414 doteacumiis‚
380 3367 450 3417 quae
464 3352 688 3402 enarrstDiodo-
936 3337 979 3370 ΑΡ·
1025 3323 1108 3372 XXV·

143 3435 189 3470 rus
201 3421 249 3482 lv,
263 3419 308 3482 68,
322 3421 440 3487 Argivos
452 3419 511 3470 soil.
522 3419 689 3485 Melampodi
773 3413 886 3480 πάντας
898 3413 1072 3487 συνεχώρεόν
1085 3417 1122 3486 αι’]
1137 3423 1154 3471 i.
1169 3439 1192 3472 e.
1206 3439 1279 3487 pror·

144 3489 265 3554 gratiam
295 3489 479 3554 rependentes
511 3488 578 3536 dues
609 3487 689 3552 regni
739 3492 1019 3547 suseiconcesecrunt,
1034 3505 1103 3554 quae
1117 3490 1282 3554 soilpoetu-

144 3561 238 3620 partes
257 3571 317 3606 esse
335 3556 464 3622 largitos,
487 3555 688 3620 Melampodem
740 3556 855 3607 laverat.
879 3558 932 3606 Pro
946 3549 1059 3614 πάντας
1071 3556 1282 3620 Schweighaeu-

144 3627 237 3673 autem
250 3639 310 3674 cum
320 3625 420 3674 Biante
431 3623 518 3672 fratrc
531 3637 608 3672 suam
618 3638 689 3673 com·
740 3640 801 3675 sero
819 3625 925 3687 (Lexic.
938 3624 1040 3674 Herod.
1054 3624 1088 3674 ll.
1103 3639 1167 3689 pag.
1183 3625 1240 3686 174)
1254 3626 1282 3674 in

144 3692 301 3741 manicasse
322 3693 486 3756 portionem.
520 3691 579 3740 Nec
600 3691 689 3754 magis
741 3698 858 3742 montem
874 3696 989 3741 venerat
1005 3685 1133 3754 πάντων,
1154 3693 1282 3756 quemad·

145 3760 276 3808 convenit
299 3759 412 3808 Pindari
436 3758 590 3808 scholiasta
611 3758 688 3807 Nem.
740 3761 848 3810 modum
861 3759 926 3820 Vll,
942 3757 999 3808 llil.
1029 3761 1090 3821 Quo
1108 3765 1201 3809 tamen
1216 3776 1283 3826 opus

145 3825 192 3886 IX,
206 3825 240 3878 30
252 3825 452 3891 Melampodem
464 3827 603 3887 scribens,
617 3830 688 3890 post·
741 3844 801 3878 esee
812 3831 897 3894 negat
905 3827 1045 3876 Letrorme
1056 3827 1097 3876 in:
1108 3827 1223 3878 Journal
1234 3829 1283 3879 des

145 3907 227 3957 quam
240 3895 365 3943 mercede
382 3899 467 3959 pacta
484 3894 597 3944 duarum
610 3894 688 3959 regni
740 3895 804 3946 Sav.
820 3893 892 3944 1817.
905 3910 969 3960 pag.
983 3895 1029 3954 44,
1048 3895 1073 3944 si
1091 3894 1203 3971 quidem
1212 3888 1285 3946 noir:

144 3962 265 4025 partium
293 3961 422 4012 mulieres
452 3961 542 4012 surore
568 3963 689 4026 agitatas
739 3979 801 4026 τας,
816 3963 886 4028 quod
898 3961 972 4011 idem
984 3962 1078 4012 velem
1091 3967 1281 4028 etquodnam,

145 4030 689 4148 {estsimilis{diditi
741 4047 829 4150 :tis
842 4029 1282 4156 „t‘il‘ttctttittsdfflff

148 4163 188 4212 ita
201 4169 231 4212 ut
242 4179 320 4214 omne
330 4166 473 4232 imperium
484 4171 557 4217 esset
568 4165 690 4230 triparti-
741 4115 801 4217 ιιιιέ.
836 4113 1098 4231 ΒιιΙιΙιιειιιε,νιηιιοιιιν
1112 4115 1284 4216 Dindori.get

147 4237 214 4292 tum,
227 4232 532 4299 interldelempodidas‚
546 4233 691 4283 Biautidas
741 4233 867 4284 Dietsch.
885 4238 1046 4298 sequuntur,
1072 4233 1157 4283 edidit
1178 4229 1282 4294 πάντα,

148 4304 177 4348 et
189 4299 333 4350 Proetidas
344 4301 470 4351 divisum.
493 4302 632 4351 Dissentit
643 4301 691 4350 de·
742 4301 966 4367 quemadmodum
983 4294 1078 4352 πάντα
1091 4299 1200 4366 μᾶλλον
1211 4315 1283 4350 nunc

146 4367 230 4431 nique
243 4367 396 4420 Pausanias
408 4369 448 4432 11,
465 4368 502 4420 l8.
520 4371 544 4432 5.
562 4370 579 4418 4
596 4367 691 4418 mulie·
741 4371 844 4435 legitur
856 4371 882 4432 1,
894 4368 953 4420 206.
984 4370 1118 4436 Equidem
1131 4369 1195 4418 dedi
1213 4367 1284 4432 quod

1016 4453 1081 4522 18*

886 2879 1066 2931 choliastes.“
