2984 4962
264 442 326 504 442
676 437 989 499 ΟΟΜΜΕΝΤΑΤΙΟ

264 611 448 679 ostendimus3
471 611 524 664 olio
540 611 610 664 hunc
628 611 655 664 in
676 629 733 664 rem
747 611 886 680 disputavi
902 611 929 664 in
945 609 1033 664 Iahnii
1047 617 1075 662 et
1090 609 1192 662 Klotzii
1207 611 1281 664 Nor.
1291 609 1400 664 Annall.

262 695 366 767 pbiloll.
383 703 411 750 et
428 697 561 767 paedagg.
577 697 624 750 Vl.
640 715 667 766 p.
682 699 733 752 209
749 715 824 767 seq,
848 712 919 766 quoe
935 696 978 748 bic
992 701 1118 766 repetere
1133 713 1187 748 nou
1203 701 1291 749 vacat.
1336 695 1400 749 Non

262 781 360 850 loquor
375 782 418 834 blo
434 783 467 835 de
482 782 532 848 iis,
549 799 620 852 quae
637 781 670 833 ad
685 782 770 851 ipsam
786 787 885 834 terrem
901 781 1016 852 eiusque
1032 789 1156 833 naturam
1172 781 1327 850 pertinent,
1352 788 1402 832 sut

262 867 296 919 ad
312 866 452 934 animalia,
473 883 544 936 quse
560 866 703 936 Aegyptus
721 865 824 932 nutrit,
848 873 897 918 sut
911 867 944 918 sd
960 865 1080 918 homines
1099 882 1248 936 eorumque
1261 883 1351 918 mores
1370 883 1402 917 ne

262 957 345 1004 totam
368 951 478 1004 vivendi
500 951 648 1018 rationem,
678 957 726 1003 sut
754 951 787 1002 ad
816 950 915 1020 templu
940 951 1048 1020 alisque
1077 956 1248 1004 monuments
1268 951 1401 1017 mirande,

262 1053 333 1108 quse
348 1036 382 1090 ab
396 1037 536 1092 Herodoto
552 1036 763 1102 describuntur3
783 1036 843 1107 ipse
859 1036 929 1088 enim
944 1035 1009 1088 haec
1023 1035 1092 1088 vidit
1108 1035 1293 1106 comperitque
1308 1035 1403 1104 Aegy-

262 1128 336 1192 ptum
352 1127 435 1174 totam
449 1121 639 1192 perlustrans;
662 1121 710 1173 sed
723 1139 755 1174 es
769 1121 939 1190 potissimum
954 1119 1093 1188 intelligo,
1110 1137 1181 1190 quse
1197 1127 1341 1190 praeterea
1355 1119 1403 1172 ille

262 1207 346 1259 tradit
370 1207 403 1258 ad
428 1207 577 1276 religiones
598 1205 752 1276 spectantia
774 1211 822 1258 sut
839 1206 873 1259 sd
892 1205 1031 1260 historiam
1048 1211 1076 1258 et
1096 1222 1155 1258 cum
1176 1223 1208 1258 ee
1228 1206 1403 1258 coniunctam

262 1291 479 1359 chronologiam:
509 1309 597 1362 eoque
618 1291 787 1361 potissimum
808 1292 912 1360 refero,
934 1308 1004 1362 quae
1026 1291 1085 1342 loco
1107 1291 1158 1342 iem
1181 1307 1266 1360 snpra
1290 1289 1403 1343 laudato

262 1377 304 1440 ll,
328 1379 361 1430 119
379 1377 525 1445 legunturr
553 1375 628 1446 μέχρι
645 1372 694 1445 μὲν
715 1371 816 1430 τούτου
834 1369 903 1446 ὄψις
921 1395 950 1430 τε
971 1369 1020 1445 ἐμὴ
1042 1373 1090 1428 καὶ
1112 1369 1206 1445 γνώμη
1227 1373 1276 1429 καὶ
1296 1371 1404 1444 ἱστορίη

261 1464 348 1516 ταῦτα
370 1455 486 1531 λέγουσα
505 1455 576 1516 ἔστι·
607 1455 638 1515 ssi
656 1457 686 1515 δὲ
707 1453 763 1515 ἀπὸ
785 1463 866 1516 τοῦδε
881 1460 1046 1530 Αἰγυπτίους
1066 1457 1177 1530 ἔρχομαι
1198 1455 1297 1530 λόγους
1310 1455 1404 1529 ἐρέων,

262 1541 334 1601 κατὰ
351 1539 472 1617 ἤκουον,
495 1544 640 1615 προσέσται
655 1543 685 1599 dl
699 1539 811 1601 αὐτοῖσί
824 1567 850 1600 τι
864 1545 912 1602 καὶ
933 1548 982 1616 τῆς
996 1541 1062 1615 ἐμῆς
1078 1539 1172 1614 ὄψιος.
1202 1545 1404 1614 Aegyptiorum

262 1633 348 1700 igitur
366 1649 505 1684 sermones
527 1651 557 1684 se
575 1633 680 1684 reterre
701 1633 861 1700 prolitetur,
884 1633 967 1702 idque
984 1649 1037 1683 non
1057 1633 1116 1684 sine
1132 1629 1260 1683 cautione
1275 1631 1405 1701 quedem,

262 1717 417 1787 quassatis
433 1717 568 1782 ostendit,
591 1717 761 1769 Herodotum
777 1735 830 1769 non
847 1735 906 1770 eum
923 1716 1025 1781 luisse,
1047 1717 1093 1786 qui
1110 1723 1163 1769 tam
1183 1715 1262 1768 focile
1283 1715 1339 1767 sibi
1355 1716 1405 1768 irn-

262 1801 327 1870 poni
349 1818 449 1871 passus
465 1803 503 1854 sit
523 1807 571 1852 aut
590 1808 691 1854 temere
713 1801 791 1854 fidem
807 1804 925 1855 narratis
946 1801 1083 1854 tribuerit.
1125 1802 1297 1872 Heliopolim
1311 1809 1406 1854 autern

263 1887 421 1939 sacerdotes
435 1894 463 1939 et
476 1886 658 1957 Memphiticos
672 1886 844 1955 potissimum
857 1887 960 1953 fuisse,
977 1903 1035 1938 cum
1050 1887 1151 1956 quibus
1164 1885 1324 1938 Herodotus
1340 1889 1407 1955 (per

262 1972 428 2041 interpretes
445 1972 555 2044 opinor)
571 1977 699 2024 versatus
716 1971 767 2039 sit,
785 1971 837 2024 iem
853 1972 880 2025 in
898 1977 967 2024 nott.
981 1971 1014 2023 ad
1031 1971 1099 2039 ll,3
1118 1970 1193 2040 (Vol.
1209 1971 1231 2022 l.
1249 1989 1276 2039 p.
1291 1973 1361 2042 432)
1379 1980 1408 2024 st

263 2057 299 2122 ll,
318 2056 475 2126 ou(v01.1.
492 2075 519 2125 p.
531 2059 594 2126 11-11)
611 2056 863 2126 significavimus*)
880 2057 999 2126 indeque
1015 2056 1095 2109 etiem
1111 2057 1182 2110 haud
1198 2055 1255 2108 scio
1271 2073 1304 2107 an
1322 2074 1407 2125 repe-

262 2141 370 2194 tendum
387 2141 437 2207 sit,
456 2142 528 2210 quod
545 2142 578 2193 de
592 2141 696 2194 Thebis
712 2159 743 2192 ac
759 2143 900 2196 Thebanis
916 2143 998 2194 rebus
1014 2142 1144 2210 pauciore
1156 2140 1235 2193 nobis
1251 2141 1410 2194 traduntur

262 2227 310 2293 (cl.
325 2227 362 2294 ll,
380 2229 411 2280 15
426 2226 520 2296 ibique
534 2229 632 2293 uott.):
655 2243 816 2296 qumquem
828 2227 939 2279 Thebes
953 2243 1062 2297 quoque
1073 2227 1206 2278 Nostrum
1222 2225 1342 2293 adiisse,
1362 2245 1408 2278 sa-

262 2312 386 2364 cerdotes
402 2311 590 2364 consulturum
607 2312 675 2364 setis
690 2319 765 2379 patet
778 2331 811 2366 ex
822 2313 872 2378 iis,
889 2329 958 2382 quse
975 2312 1011 2378 ll,
1027 2313 1043 2365 3
1059 2311 1199 2380 leguntur.
1225 2310 1290 2373 Quo
1306 2312 1410 2364 eodem

261 2397 320 2448 loco
338 2397 372 2449 de
394 2399 478 2450 rebus
493 2397 692 2466 Aegyptiorum
715 2398 802 2450 sacris
818 2398 922 2450 Noster
942 2398 1006 2449 haec
1027 2396 1202 2465 pronuntiat:
1224 2390 1258 2449 rol
1274 2393 1325 2463 μέν
1352 2417 1411 2450 ναν

260 2485 328 2536 θεῖα
342 2483 398 2536 τῶν
412 2475 616 2552 ἀπηγημάτων,
632 2479 677 2536 σ1α
692 2475 813 2553 ἤκουον,
829 2477 881 2537 οὐκ
894 2479 949 2550 εἰμὶ
966 2477 1111 2550 πρόθυμος
1125 2475 1300 2551 ἐξηγέεσθαι,
1315 2477 1375 2546 ἔξω
1391 2475 1412 2551 ἢ

194 2599 199 2608 ·
260 2561 294 2622 τὰ
310 2561 450 2634 οὐνόματα
464 2561 557 2622 αὐτῶν
572 2567 691 2636 μοῦνον,
711 2571 827 2636 νομίζων
848 2561 955 2628 πάντας
969 2560 1139 2635 ἀνθρώπους
1155 2567 1216 2620 ἴσον
1231 2563 1294 2632 περὶ
1307 2560 1413 2620 αὐτῶν

260 2648 442 2707 ἐπίστασθαι·
459 2647 494 2705 τὰ
509 2647 536 2706 d'
553 2643 589 2706 ἂν
602 2647 764 2720 ἐπιμνησθῶ
780 2647 887 2724 αὐτῶν,
908 2645 963 2707 ὑπὸ
980 2653 1030 2706 τοῦ
1049 2646 1134 2720 λόγου
1148 2645 1414 2720 ἐξαναγκαζόμενος

260 2732 503 2806 ἐπιμνησθήσομαι
515 2734 569 2804 **).
608 2738 705 2806 ltaque
726 2755 780 2788 non
802 2757 834 2790 ex
857 2739 985 2808 professo
1008 2739 1042 2790 de
1065 2737 1147 2790 rebus
1169 2737 1255 2788 sacris
1272 2736 1413 2808 ipsisque

262 2823 316 2874 diis
340 2840 370 2874 se
394 2822 560 2890 scripturum
583 2839 644 2874 esse
668 2819 805 2889 declaret,
832 2823 880 2874 sed
904 2823 993 2876 obiter
1013 2831 1116 2874 tuntum
1137 2839 1188 2873 nec
1211 2821 1263 2872 nisi
1286 2821 1356 2890 ipsa
1381 2843 1413 2876 re

262 2907 341 2976 qussi
360 2913 496 2972 coactum
520 2907 602 2977 idque
619 2906 656 2956 ite
672 2907 793 2974 peragit,
813 2915 857 2973 ut,
881 2908 906 2960 si
919 2908 984 2978 quid
1000 2907 1113 2977 prodet,
1136 2905 1209 2976 quod
1226 2906 1259 2957 ad
1275 2905 1413 2960 altiorem

263 2992 356 3044 herum
381 3008 471 3044 rerum
498 2993 638 3044 scientiam
666 2991 815 3060 pertineat,
846 2993 951 3045 veniam
973 3011 988 3044 a
1007 2992 1061 3044 diis
1083 2991 1137 3044 sibi
1157 2991 1301 3058 petendam
1323 3001 1414 3059 putet

262 3077 319 3146 (ll,
335 3080 382 3129 45:
404 3073 453 3129 καὶ
475 3075 538 3144 περὶ
559 3071 608 3144 μὲν
625 3069 731 3128 τούτων
750 3077 870 3130 τοσαῦτα
889 3070 956 3146 ἡμῖν
975 3075 1083 3132 εἰποῦσι
1109 3073 1158 3130 καὶ
1184 3069 1277 3144 παρὰ
1304 3077 1414 3131 θεῶν

262 3157 310 3214 sul
331 3155 423 3230 παρὰ
445 3163 511 3214 τῶν
532 3155 655 3230 ἡρώων
673 3153 837 3231 eriperet-q
857 3163 923 3232 εἴη)
940 3171 1022 3233 utque
1037 3161 1098 3214 aliis
1115 3161 1182 3213 locis
1199 3179 1244 3224 es,
1267 3177 1346 3230 quse
1368 3165 1412 3214 di-

261 3247 348 3298 eende
363 3247 435 3312 sint,
452 3246 562 3298 silentio
580 3263 701 3316 premere
717 3245 804 3314 malit,
822 3266 855 3300 ne
870 3265 915 3300 res
929 3266 1044 3300 arcanas
1060 3246 1171 3300 effutire
1186 3245 1313 3298 videatur
1330 3249 1414 3316 (vid.

263 3331 305 3398 ll,
323 3335 366 3384 46.
383 3336 425 3384 47.
443 3335 486 3384 51.
505 3331 581 3398 171),
604 3331 677 3384 inter
700 3330 751 3383 ulie
771 3333 837 3386 haec
860 3335 1004 3402 protessus
1029 3334 1071 3397 ll,
1093 3335 1141 3384 oo:
1164 3332 1219 3384 reio
1241 3325 1271 3384 dl
1292 3331 1416 3388 εἵνεκεν

261 3409 368 3471 ἀνεῖται
382 3409 416 3470 τὰ
428 3409 474 3484 ἱρὰ
485 3414 510 3470 sl
523 3414 640 3487 λέγοιμι,
655 3417 809 3488 καταβαίην
821 3409 857 3471 ἄν
867 3420 905 3490 τῷ
917 3412 989 3490 λόγῳ
1000 3412 1027 3479 ἐς
1041 3410 1081 3470 τα
1096 3419 1155 3470 θεῖ
1160 3434 1178 3468 α
1194 3409 1310 3484 πρήγμ
1318 3436 1342 3469 α
1350 3439 1414 3490 τοι,

261 3496 300 3556 τὰ
317 3497 379 3570 ἐγώ
397 3495 513 3572 φεύγω
528 3495 679 3570 μάλιστα
694 3495 929 3572 ἀπηγέεσθαι.
965 3504 1033 3554 Cum
1051 3502 1136 3570 igitur
1152 3501 1261 3554 ruexime
1276 3503 1417 3570 refugias

262 3588 294 3640 de
313 3589 397 3639 rebus
415 3588 501 3639 sacris
522 3588 626 3654 dicere,
648 3587 686 3640 nil
702 3588 811 3656 mirum,
831 3588 872 3641 vel
893 3589 926 3641 de
947 3589 1058 3640 deorum
1079 3586 1238 3654 ordinibus,
1267 3587 1351 3656 quod
1367 3598 1419 3642 est

328 3769 353 3830 *1
372 3771 452 3820 Cous.
467 3772 550 3821 etiarn
564 3772 606 3832 ll,
622 3771 676 3822 105.
691 3770 747 3821 142.
777 3769 818 3820 Ab
836 3772 878 3820 his
895 3772 1054 3821 secerdotum
1072 3769 1254 3820 relationibus
1272 3769 1352 3820 bene
1370 3773 1417 3820 sli-

262 3840 378 3904 stlnguit
390 3840 490 3889 Noster
503 3856 545 3900 eo,
560 3855 630 3904 quoe
642 3857 691 3906 per
703 3844 866 3903 interpretem
879 3829 1025 3904 (ippqu'orl
1039 3839 1149 3902 accepit
1160 3839 1196 3897 ll,
1213 3836 1268 3898 125,
1282 3837 1337 3888 ubi
1353 3841 1417 3890 vid.

262 3912 328 3957 nott.
364 3906 443 3956 Unde
457 3909 527 3972 quorl
540 3909 656 3972 Lepsios
669 3906 844 3972 (Chronolog.
859 3907 883 3956 (1.
895 3907 1010 3972 Aegypt.
1023 3909 1043 3956 l.
1058 3923 1083 3972 p.
1095 3905 1155 3968 utu)
1169 3905 1243 3954 effici
1255 3921 1345 3970 posse
1361 3925 1418 3972 pu-

262 3979 317 4036 tot,
334 3975 501 4025 Herodotum
519 3977 608 4024 rarius
627 3992 686 4026 cum
699 3977 768 4040 ipsis
781 3975 970 4024 sacerdotibus
989 3991 1049 4024 esse
1063 3973 1240 4032 collocutum,
1260 3989 1294 4022 nc.
1310 3973 1419 4038 plera-

262 4057 313 4108 que
331 4041 432 4093 debere
450 4043 492 4093 bis
511 4045 720 4109 interpretibus,
742 4043 896 4093 hominihus
915 4042 1033 4108 plebeiis
1051 4049 1133 4106 atque
1152 4041 1278 4102 rudibus,
1299 4057 1339 4091 ex
1362 4061 1420 4106 ge·

261 4126 328 4160 uere
342 4127 447 4170 eorum,
466 4113 512 4176 qui
529 4127 600 4162 urrnc
614 4113 762 4162 Cicerones
776 4111 846 4175 apud
860 4111 945 4160 ltnlos
957 4115 1104 4170 vocent-ur,
1124 4111 1220 4158 merito
1235 4109 1421 4162 adversatus

262 4184 305 4228 est
321 4177 389 4228 Alfr.
407 4179 441 4230 de
459 4180 620 4230 Gutsehmid
637 4181 665 4230 in
682 4179 818 4242 Philolog.
837 4181 870 4228 X.
889 4196 913 4244 p.
933 4177 982 4228 643
995 4195 1050 4242 seq.
1070 4179 1105 4227 acl
1123 4177 1292 4228 Herodotum
1313 4179 1421 4243 ipsum

262 4248 321 4297 iure
342 4263 508 4312 provocans,
531 4249 577 4313 qui
595 4249 669 4312 ipsos
691 4248 850 4298 secerdotes
868 4251 994 4297 suctores
1011 4261 1119 4311 semper
1137 4243 1243 4295 indicet
1262 4251 1355 4310 etque
1380 4249 1421 4298 ab

262 4313 304 4365 his
316 4316 513 4382 interpretibus
526 4317 609 4380 probe
623 4315 777 4380 distinguit.

319 4380 465 4501 iliissmlf'
479 4399 585 4448 quoque
596 4383 720 4433 Nitzsch:
735 4383 933 4444 „Herodotca“
946 4383 973 4432 iu
984 4389 1186 4448 programmate
1197 4381 1422 4449 Duisburgensi

263 4467 326 4500 auur
408 4486 415 4502 .
452 4487 458 4500 .
