3068 4964
479 461 684 520 URANIA.
709 462 797 519 VIII.
825 469 989 523 116-118.

1244 467 1304 524 175

165 627 234 700 ἀλλ’
252 625 319 700 ὑπὸ
336 633 495 720 χειμῶνος
515 633 760 720 διαλελυμένας.
790 626 955 702 Ἐνθαάτα
974 631 1011 700 δὲ
1028 629 1239 720 κατεχόμενοι
1256 654 1305 700 σι·

165 739 219 800 τία
236 759 271 800 τε
289 733 378 801 πλίω
396 725 416 818 ἢ
435 727 502 800 κατ’
520 725 604 802 ὁδόν
628 729 826 820 ἐλάγχανον,
854 727 977 800 οὐδένα
1002 758 1039 801 τε
1064 730 1189 821 κόσμον
1213 736 1304 822 ἐμπι-

166 831 337 922 πλάμενοι,
357 835 412 902 καί
431 828 539 902 ὕδατα
555 831 833 922 μεταβάλλοντες,
851 827 1067 920 ἀπέθνησκον
1083 837 1145 902 τού
1161 839 1304 923 στρατοῦ

165 937 226 1003 του
243 932 431 1022 περιεόντος
449 940 574 1003 πολλοί.
603 939 638 1002 οί
654 935 690 1002 δὲ
708 935 817 1003 λοιποί
834 930 902 1023 ἅμα
919 937 1024 1023 Ξέρξη
1042 929 1253 1006 ἀπικνέονται
1273 940 1304 1016 ἐς

165 1033 301 1124 Σάρδις.
328 1032 420 1106 ’Ἐστι
440 1035 476 1104 δὲ
495 1037 550 1104 καὶ
567 1031 665 1116 ἄλλος
682 1030 741 1104 ὅδε
764 1033 859 1122 λόγος
884 1033 1076 1124 λεγόμενος,
1101 1030 1162 1123 ὥς,
1188 1035 1371 1126 ἐπειδη118

163 1139 286 1224 Ξέρξης
311 1131 511 1206 άπελαύνων
538 1138 570 1218 ἐξ
595 1132 765 1224 Ἀθηνέων
789 1133 925 1206 ἀπίκετο
952 1131 999 1205 ἐπ’
1024 1131 1139 1207 Ἠϊόνα
1165 1135 1226 1225 τὴν
1250 1142 1303 1210 ἐπὶ

165 1235 352 1328 Στρυμόνι,
384 1239 544 1306 ἐνθεῦτεν
568 1233 679 1306 οὐκέτι
704 1232 915 1326 ὁδοιπορίῃσι
939 1243 1106 1327 διεχρᾶτο,
1134 1235 1218 1308 άλλά
1242 1237 1305 1327 τὴν

163 1339 225 1427 μὲν
242 1335 400 1428 στρατιὴν
414 1333 566 1426 ’Τδάρνεί
583 1341 748 1427 ἐπιτρέπει
766 1335 908 1426 άπάγειν
927 1342 960 1419 ἐς
978 1336 1036 1408 τόν
1049 1334 1302 1428 Ἑλλήσποντον,

163 1435 263 1519 αὐτὸς
281 1436 313 1507 δ’
334 1441 387 1508 ἐπὶ
404 1435 480 1519 νεδς
498 1446 678 1526 Φοινίσσης
697 1437 829 1527 ἐπιβάς,
856 1444 1019 1528 ἐκομίζετο
1044 1443 1076 1521 ἐς
1099 1439 1161 1530 τὴν
1181 1437 1302 1530 Ἀσίην.

163 1539 317 1610 πλτάοντα
336 1541 375 1608 δέ
389 1569 448 1628 μιν
464 1537 588 1628 ἄνεμον
606 1548 821 1630 Στρυμονίην
837 1536 1022 1628 ὑπολαβεῖν
1040 1539 1146 1631 μέγαν
1168 1545 1223 1612 καί
1246 1571 1303 1614 κυ-

164 1705 288 1754 scribens
306 1698 412 1754 ου’δίνα
430 1697 462 1754 di
479 1699 594 1770 κόσμον.
630 1704 709 1753 Libri

165 1773 262 1837 scripti
279 1787 332 1820 non
345 1771 489 1832 addicunt,
508 1789 560 1822 nec
577 1787 644 1820 sune
662 1787 708 1820 ne-

165 1840 313 1888 cessarium
337 1840 447 1889 videtur
469 1831 629 1904 ἐλάγχανον
651 1855 708 1888 nru-

164 1913 223 1956 tarc
242 1907 270 1956 in
283 1899 460 1971 ἐλάμβανον,
480 1922 540 1956 cum
554 1898 709 1971 λαγχάνειν

164 1989 199 2023 ea
209 1975 422 2038 significatione,
435 1989 487 2039 qua
498 1974 574 2023 valet
586 1976 707 2036 nancisci,

164 2041 229 2090 aliis
242 2057 346 2106 quoque
361 2042 429 2092 locis
442 2042 596 2107 reperiatur
605 2042 637 2103 (I,
652 2042 706 2091 141.

164 2109 230 2170 VII,
248 2109 291 2158 5³.
313 2110 368 2170 144)
392 2125 452 2158 τοττι
470 2110 630 2159 accusativo
649 2111 707 2158 iun·

164 2183 250 2236 etum,
280 2178 399 2240 Itemque
423 2169 637 2240 άπολαγχάνειν
660 2178 706 2239 IV,

165 2243 462 2304 115.V,57.V11.23.

197 2305 228 2360 oi
237 2305 268 2360 di
279 2307 373 2362 λοιποί
382 2302 445 2376 άμα
455 2309 549 2378 Ξέρξη
557 2305 708 2362 α’ττιτνίον-

164 2395 210 2430 ται
221 2373 250 2437 ἐς
259 2371 377 2444 Σάρδις]
391 2379 499 2428 Paucos
510 2397 523 2428 e
534 2395 634 2444 magno
644 2381 709 2428 Pcr-

163 2463 254 2496 serum
263 2461 374 2496 numero
384 2448 412 2495 in
422 2448 515 2496 Asiam
526 2447 640 2497 rediisse
654 2447 708 2497 sel-

163 2531 211 2564 vos
222 2519 339 2564 testatur
348 2529 453 2580 quoque
460 2514 611 2578 Aeschylus
618 2515 706 2565 Perss.

163 2582 221 2632 740.
234 2580 285 2632 805
299 2583 340 2631 ed.
354 2582 453 2632 Blomf.

330 2749 397 2801 Car.
417 2750 542 2802 CXVIII.

197 2846 279 2916 λόγος
291 2845 453 2918 λεγόμενος]
474 2853 519 2902 Ita
532 2852 706 2902 I'Iorcntiuns

163 2935 223 2970 cnm
236 2920 301 2969 aliis
314 2921 405 2982 IIbrie,
425 2935 492 2985 quos
510 2935 570 2970 cum
589 2926 704 2970 reeentt.

163 2987 222 3040 edd.
235 2993 344 3038 secutus
361 3003 429 3037 sum.
466 2987 613 3052 vulgatum
628 2981 705 3052 λεγό-

161 3070 246 3120 μενος
258 3050 341 3119 λόγος
353 3071 414 3104 emn
427 3055 579 3104 Sohaeiero
592 3057 707 3106 retInuit

161 3122 308 3172 Mutthiae.
345 3123 387 3172 De
401 3126 462 3187 ipsa
474 3121 621 3182 locutione,
635 3139 705 3188 quae

162 3191 233 3240 redit
246 3190 324 3244 VIII.
341 3189 388 3238 119
404 3191 478 3252 init,
498 3189 571 3240 coni.
587 3196 655 3240 nott.
670 3190 705 3240 ad

162 3259 207 3318 IV,
224 3257 263 3306 12.
300 3257 447 3307 Caeterum
460 3273 493 3307 ex
506 3258 555 3320 iis,
570 3273 639 3322 queo
654 3259 705 3308 hoc

161 3326 253 3390 eapite
267 3329 295 3374 et
308 3327 401 3390 cepIte
418 3331 549 3390 sequente
562 3327 705 3392 proterun-

160 3399 204 3442 tur
212 3395 384 3442 narrationes
394 3393 521 3442 diversae
532 3393 567 3441 eb
578 3393 621 3456 iis,
634 3409 705 3458 quae

160 3461 258 3511 Noster
279 3465 363 3510 autea
384 3465 565 3510 enarraverat
581 3476 705 3526 quaeque

160 3528 254 3592 procul
267 3528 349 3578 dnbio
363 3529 422 3592 ipse
440 3528 474 3578 nd
487 3543 581 3578 verum
594 3530 705 3593 propius

161 3596 295 3646 accedere
309 3595 459 3646 arbitratus
472 3601 522 3656 est,
537 3597 606 3644 satis
617 3601 704 3660 patet,

161 3669 264 3728 quauta
276 3663 370 3712 Nostri
387 3679 453 3713 cura
466 3664 549 3713 tuerit
562 3667 705 3728 quantum-

160 3746 212 3794 que
224 3731 342 3780 stndium
356 3732 384 3780 iu
397 3745 430 3780 οιι
442 3730 611 3796 inquirendi,
634 3745 705 3795 quae

160 3799 213 3847 sibi
226 3799 368 3862 proposita
381 3798 486 3860 habuit,
500 3798 569 3848 adeo
582 3799 704 3848 utsiien-

159 3865 198 3914 tio
208 3879 330 3930 premere
342 3869 389 3913 nut
398 3866 618 3930 praetermittere
630 3866 705 3930 quid·

161 3947 241 3996 quam
252 3931 347 3991 nollet,
359 3933 429 3996 quod
438 3934 568 3984 traditum
580 3935 704 3999 accepis-

160 4003 217 4061 set,
235 4013 269 4048 ne
283 3999 346 4063 quid
359 4001 477 4064 posteris
490 4001 613 4063 deesset,
633 4001 704 4066 quod

161 4065 196 4115 ad
218 4082 275 4116 rem
294 4067 387 4116 iacere
407 4083 486 4132 posse
505 4069 652 4118 videretur.
670 4095 702 4104 -

160 4134 223 4184 Mox
235 4149 330 4183 omncs
344 4135 402 4184 iere
413 4135 500 4197 codd,
514 4142 629 4201 excepto
642 4135 701 4186 cod.

160 4199 273 4260 Veliae,
291 4192 321 4263 ἐξ
339 4193 504 4266 Ἀθηναίων.
520 4229 548 4238 -
565 4206 606 4254 lte
620 4203 702 4253 ίίίοιττ

160 4267 216 4316 vid.
234 4273 301 4318 nott.
321 4269 356 4320 ad
370 4270 433 4332 VII,
452 4271 493 4321 25.
505 4297 540 4306 -
556 4273 609 4321 Pro
627 4270 700 4334 vulg.

161 4329 329 4400 διεχρίετο,
348 4353 429 4402 quum
445 4338 566 4388 Bekker.
586 4343 614 4388 et
632 4339 700 4388 Din-

160 4402 228 4452 dort'.
254 4404 437 4463 retinuerunt,
467 4405 542 4456 nolui
567 4405 699 4469 recipere,

761 1705 831 1769 qnod
849 1705 876 1754 in
890 1705 1026 1766 Modiceo,
1047 1705 1221 1768 Florentino,
1240 1708 1303 1757 aIIis

760 1772 862 1838 legItur
874 1771 1037 1837 διεχρῆτο,
1049 1774 1098 1822 sed
1112 1789 1173 1823 cum
1186 1776 1302 1825 Bredov.

760 1857 786 1904 p.
812 1839 859 1890 381
892 1845 920 1890 et
943 1841 1088 1890 DietschIo
1112 1843 1222 1906 reposui
1246 1841 1303 1892 διε-

759 1906 856 1971 χρᾶτο,
870 1909 941 1973 quod
953 1923 1035 1957 unum
1044 1907 1228 1958 Herodoteum
1242 1927 1303 1960 esse

759 1977 911 2025 Brednvins
922 1977 1029 2025 statuit.
1066 1975 1118 2026 Cui
1136 1977 1224 2026 eidern
1239 1979 1304 2028 Bre-

760 2043 884 2108 dorioIp.
895 2043 960 2106 145),
974 2044 1058 2092 scribi
1071 2045 1178 2094 iubenti
1189 2037 1303 2110 ἐκιτρά-
1382 2055 1391 2084 ’-

759 2125 806 2160 πει
820 2127 868 2176 pro
882 2103 1049 2172 ἐπιτρέπει,
1068 2127 1156 2175 neque
1175 2113 1226 2162 hoc
1242 2113 1303 2164 ioco

760 2179 907 2228 obsecutus
927 2194 999 2238 sum,
1022 2195 1110 2243 neque
1130 2180 1192 2238 VII,
1212 2180 1226 2228 λ
1245 2182 1304 2242 (ubi

760 2245 814 2295 vid.
828 2247 909 2308 nott.)
928 2250 955 2294 et
972 2246 1052 2306 VIII,
1071 2247 1099 2296 3:
1119 2247 1216 2310 quibus
1233 2247 1303 2297 iocis

759 2313 919 2362 Dictsohius
932 2313 1095 2363 Bredovinm
1108 2314 1239 2376 sequitur.

794 2372 841 2429 int
854 2373 917 2436 νεὸς
930 2379 1082 2445 Φοινίσσης
1095 2372 1207 2498 ἐπιβάς]
1226 2381 1303 2430 Intra

759 2448 832 2508 VIII,
849 2446 897 2494 1²0
909 2447 953 2496 tin.
968 2453 1022 2495 ost:
1043 2441 1178 2512 ἐπιβῆναι

759 2509 819 2565 riu.
856 2514 930 2564 Alibi
941 2515 1093 2578 genitivus,
1107 2516 1209 2566 omisso
1222 2531 1302 2580 prae·

758 2584 909 2648 positione,
931 2582 1092 2632 adstruitur:
1117 2583 1150 2634 de
1173 2598 1226 2648 quo
1246 2583 1301 2635 vid.

759 2652 794 2700 ad
811 2651 913 2700 Herod.
933 2651 958 2712 I,
975 2647 1009 2699 84
1025 2655 1094 2700 nott.
1106 2677 1141 2686 —
1157 2652 1199 2700 De
1218 2652 1302 2702 verbo

757 2716 926 2783 κομίζεσθαι
951 2719 1023 2767 coni.
1048 2719 1128 2780 VIII,
1156 2717 1213 2768 107.
1259 2720 1302 2768 Ad

757 2786 845 2851 ipsam
873 2786 1059 2836 narrationem
1087 2787 1183 2836 conisr
1203 2787 1301 2836 Iustiu.

756 2855 792 2914 11,
808 2853 847 2903 13.
860 2855 884 2914 5.
896 2853 913 2902 i)
925 2869 982 2918 seq.
1005 2855 1087 2918 „lpse
1101 2855 1227 2918 (Xerxes)
1240 2869 1302 2904 cum

756 2921 1301 3055 ttttiiitituttittii·,tritu

757 3057 831 3106 tibus
843 3057 1017 3119 offendisset,
1031 3057 1184 3122 piscatoria
1196 3058 1301 3122 scaphii

755 3123 880 3190 trepidus
895 3124 1017 3174 traiecit.
1053 3125 1120 3176 Erat
1131 3141 1176 3191 res
1192 3129 1302 3190 specta·

758 3192 819 3241 culo
843 3193 929 3257 digna
952 3197 980 3241 et
1000 3192 1196 3242 aestimatione
1219 3194 1301 3242 sortis

756 3260 904 3321 humanae,
917 3274 1006 3309 rerum
1018 3259 1155 3309 varietate
1166 3260 1298 3321 miranda,

757 3329 786 3376 in
804 3328 902 3392 exiguo
919 3327 1051 3376 latentem
1068 3327 1161 3376 videre
1179 3328 1300 3390 navigio,

757 3411 836 3459 quem
854 3394 936 3460 paulo
953 3400 1018 3444 ants
1037 3396 1083 3444 vix
1102 3409 1204 3458 sequor
1220 3409 1300 3444 omne

757 3464 899 3528 capisene
914 3469 1054 3512 carentem
1064 3463 1148 3512 etiam
1158 3464 1231 3510 omni
1244 3477 1299 3511 aer·

755 3545 850 3580 vorum
871 3529 1040 3589 ministerio,
1066 3531 1143 3578 euius
1165 3529 1300 3578 exercitus

756 3603 868 3663 propter
884 3597 1085 3647 multitudinem
1103 3597 1183 3646 terris
1201 3611 1300 3661 graves

757 3667 866 3714 crant.“
900 3666 1033 3714 Iustinum
1051 3665 1174 3728 sequitur
1186 3663 1300 3714 Orosius

755 3733 791 3792 II,
809 3731 846 3782 10.
876 3733 992 3782 Veriora
1004 3731 1191 3782 ValckenarIo
1203 3732 1300 3782 viden-

756 3805 814 3862 tur,
838 3815 909 3865 quas
926 3801 1043 3850 Tuetzes
1058 3799 1129 3850 Chii.
1148 3801 1175 3863 1,
1192 3799 1244 3850 1196
1265 3801 1298 3850 de

755 3868 854 3918 Xerxis
867 3869 986 3917 traiectu
1000 3873 1119 3918 enarrat.

789 3929 918 3985 uiciovru
936 3931 969 3985 δέ
985 3951 1036 3999 μιν
1052 3926 1159 4000 άντμον
1172 3934 1299 4000 Στρυμο-

755 3999 823 4064 νίην
845 3993 1003 4066 ὑπολαβεῖν
1024 3995 1115 4067 μέγαν
1136 3999 1186 4054 καί
1208 4020 1297 4069 τομα-

754 4066 831 4133 τίην]
843 4069 956 4118 Excidit
965 4071 1064 4120 Noster
1077 4087 1091 4120 e
1104 4076 1241 4122 structure
1254 4071 1298 4122 vel

753 4137 846 4202 potius
864 4137 893 4185 in
910 4135 995 4186 aliem
1015 4139 1127 4188 transiit
1145 4140 1298 4190 accusativi

754 4209 783 4252 et
795 4203 939 4263 infinitivi,
961 4203 1043 4269 plane
1057 4211 1087 4254 ut
1099 4206 1179 4266 VIII,
1196 4207 1250 4256 111.
1265 4235 1297 4244 -

754 4272 796 4319 De
813 4271 898 4320 uerbo
915 4261 1074 4337 ὑπολαβεῖν
1086 4274 1159 4324 coni.
1172 4275 1250 4336 VIII,
1263 4276 1297 4324 84

754 4337 798 4388 fin.
811 4338 878 4396 VII,
894 4338 941 4388 170
954 4339 1046 4404 ibique
1059 4346 1127 4390 nott.
1141 4345 1169 4388 et
1181 4341 1214 4388 de
1227 4355 1296 4390 voce

752 4405 892 4472 κυματίης
904 4411 972 4456 nott.
988 4408 1077 4468 ει111,
1093 4407 1148 4458 111.
1184 4407 1297 4474 δίνηντο-

1206 2443 1238 2497 ιτί
1250 2441 1303 2512 τήν
