3040 4962
216 483 256 544 80
651 477 917 540 HERODOTI

216 648 373 742 έκυρεόδη
391 646 454 740 πρδ
471 652 532 720 rori
551 645 687 740 Ἰσδρκιυ
703 651 912 739 ναυμαχέειν.
954 647 1015 733 νύξ
1033 677 1068 720 τε
1087 654 1229 739 ἐγένετο,
1249 653 1304 720 καὶ
1322 656 1357 720 οἱ

169 769 209 828 57
219 754 434 832 διαλυθέντες
453 754 489 822 έκ
506 755 566 822 του
575 758 756 844 συνεδρίου
774 753 947 838 ἐσέβαινον
959 755 991 832 ἐς
1008 749 1065 833 τὰς
1082 754 1167 833 νέας.
1188 748 1354 824 Ἐνθαῦτα

216 851 258 944 δὴ
283 856 505 944 Θεμιστοκλέα
527 849 729 944 ἀπικόμενον
752 854 805 922 ad
828 849 890 940 τὴν
913 854 978 922 νέα
998 863 1104 943 είρετο
1127 861 1351 943 Μνησίφιλος,

213 951 298 1047 ἀνὴρ
319 952 513 1044 Ἀθηναῖος,
537 949 603 1026 δτι
628 976 688 1044 σφι
712 965 764 1042 είη
788 957 1063 1043 βεβουλευμένον.
1100 954 1291 1046 πυθόμενος
1315 956 1353 1024 δὲ

213 1055 294 1146 πρός
313 1053 433 1146 αὐτοῦ,
462 1052 506 1138 σός
530 1067 580 1145 είη
608 1058 811 1146 δεδογμένον
836 1051 975 1144 όνόμειν
1000 1053 1058 1137 τὰς
1083 1059 1161 1138 νέας
1187 1055 1269 1148 πρός
1294 1053 1353 1127 τόν

210 1155 360 1249 Ἰσθμόν,
386 1161 440 1228 καὶ
459 1155 522 1250 πρό
540 1162 598 1247 τῆς
615 1155 877 1246 Πελοποννήσου
894 1160 1111 1247 ναυμαχέειν,
1131 1158 1218 1228 εἶπε·
1242 1155 1286 1228 οὔ
1302 1185 1351 1227 τοι

212 1257 277 1352 ἄρα
294 1255 337 1356 ἢν
354 1256 537 1351 ἀπαείρωσι
555 1257 611 1340 τὰς
629 1261 705 1340 νέας
723 1255 788 1329 uiuri
807 1267 1015 1348 Σαλαμῖνος,
1034 1261 1110 1350 περὶ
1128 1255 1287 1349 οὐδεμιῆς
1305 1265 1351 1328 ἔτι

213 1368 372 1452 πατρίδος
389 1359 620 1451 ναυμαχήσεις.
645 1357 728 1431 κατὰ
745 1357 808 1450 γὰρ
826 1358 921 1440 πόλις
939 1363 1069 1430 ἕκαστοι
1087 1363 1277 1451 τρέψονται·
1297 1363 1351 1430 καλ

213 1461 290 1534 οὔτε
312 1467 416 1552 σφέας
434 1460 650 1554 Εὐρυβιάδης
667 1465 816 1552 κατέχειν
836 1459 1031 1552 δυνήσεται,
1057 1458 1134 1532 οὔτε
1153 1491 1201 1543 τις
1219 1458 1351 1552 ἀνδρολ-

213 1591 286 1634 πων
305 1561 423 1658 ἄλλος,
451 1561 536 1634 ὥστε
553 1562 598 1654 μὴ
616 1561 657 1635 οὐ
677 1565 962 1652 διασκεδασθῆναι
984 1560 1046 1651 τὴν
1063 1560 1236 1656 στρατιὴν,
1272 1559 1351 1633 ἄπο-

212 1727 300 1794 plura.
319 1718 559 1792 α’ποθενσόμενοι,
575 1729 691 1794 quodad
704 1729 757 1780 lor·
810 1726 844 1776 ab
859 1742 903 1788 eo,
923 1727 993 1791 quod
1010 1743 1072 1777 mox
1083 1728 1182 1778 Noster
1199 1727 1289 1792 posuit
1306 1725 1351 1778 δε·

212 1810 284 1846 mam
302 1797 413 1860 attinet,
438 1797 533 1846 codem
550 1797 628 1847 modo
647 1796 755 1858 dieitur,
809 1788 964 1858 δσχμένον,
985 1795 1018 1844 ad
1037 1796 1107 1860 quod
1123 1797 1211 1861 ipsum
1223 1799 1352 1860 spectant

213 1879 265 1928 quo
278 1853 517 1930 α’νιιθευσόμενοι
527 1865 559 1926 V,
570 1865 603 1913 22
617 1864 679 1914 coll.
690 1865 756 1914 Bre-
808 1855 843 1911 cei
862 1856 1160 1928 βεβουλευμέναηαοε
1178 1863 1304 1942 dicuptur
1322 1864 1351 1912 iu

212 1931 274 1981 dos.
297 1947 322 1996 p.
341 1929 403 1981 376:
432 1932 519 1996 ipsum
537 1932 663 1994 verbnm,
685 1931 757 1996 quod
808 1929 861 1978 line
875 1931 984 1995 eapitis.
1004 1931 1044 1979 Ad
1057 1931 1221 1980 locutionem
1232 1945 1352 1995 αναχειν

211 1999 368 2048 Herodotus
393 1999 531 2062 adhibuit,
559 1997 641 2064 longa
667 2001 756 2064 aptius
807 1989 939 2056 τὰς-νέας
950 1997 1022 2048 conf.
1034 1997 1080 2058 Vl,
1097 1997 1127 2047 12
1137 1999 1230 2064 ibique
1243 2005 1351 2060 nott.,a

212 2067 338 2131 proiecto
348 2067 457 2116 videtur
468 2066 502 2116 ad
513 2067 631 2116 animum
640 2066 760 2117 Gracco·
809 2079 861 2128 quo
874 2080 926 2115 non
940 2066 1083 2114 admodum
1102 2065 1205 2129 differt,
1224 2067 1294 2131 quod
1308 2081 1350 2116 se·

212 2148 269 2183 rum
298 2133 474 2183 indicandum
497 2134 756 2200 testinationcmque
808 2133 911 2196 quitur:
940 2123 1076 2198 αἰιαίρειν
1099 2126 1150 2192 τὰς
1174 2134 1252 2196 νίας,
1277 2133 1351 2182 inira

213 2201 421 2264 declarandam,
441 2216 521 2266 quam
541 2202 611 2266 quod
623 2202 716 2252 Nabar
729 2204 756 2253 in
808 2215 914 2264 quoque
931 2200 1014 2262 VIII,
1035 2201 1069 2250 00
1090 2201 1213 2250 obvium:
1237 2207 1351 2264 utroque

211 2269 379 2333 Mnemosyn.
392 2270 442 2320 ΙΙΙ.
456 2287 482 2335 p.
494 2267 545 2319 480
557 2270 686 2319 substitui
698 2271 757 2320 vult
807 2266 868 2316 loeo
897 2281 946 2332 pro
976 2269 1049 2334 vulg.
1075 2259 1217 2332 οἷπαίρυσι
1241 2269 1351 2334 reposui

211 2326 464 2403 οἱπσπλευσόμευοι.
476 2337 516 2386 Ad
525 2340 599 2388 τοῖσι
607 2328 756 2389 δπολειπο-
807 2327 981 2398 ἀπαείρωσι
1003 2335 1166 2386 Bredovium
1192 2341 1302 2386 secutus
1323 2353 1351 2401 p.

210 2399 321 2469 μένοισι
335 2405 407 2456 conl.
422 2407 457 2466 11,
474 2406 512 2468 15,
526 2407 574 2456 ubi
586 2407 657 2456 idem
671 2407 756 2471 parti·
808 2401 869 2460 103,
894 2403 918 2452 si
940 2403 1048 2468 quidem
1065 2405 1165 2454 Noster
1185 2420 1232 2469 pro
1255 2401 1351 2468 αίρειν

211 2474 312 2601 clpiupr
327 2474 420 2590 copem
433 2472 591 2590 aigniflpatp
599 2473 754 2591 ἒδλιέλιιόλρτ.

245 2555 280 2589 νυ
315 2555 344 2589 τε
372 2555 471 2604 ,χινετο
488 2557 525 2590 κα
556 2557 570 2591 ο
618 2557 649 2590 ια
667 2557 685 2590 ν
710 2557 755 2592 εν·

210 2621 254 2664 τες
272 2624 297 2656 κ.
316 2623 340 2655 τ.
358 2605 391 2671 λ]
418 2610 461 2656 De
485 2623 536 2656 usu
559 2608 754 2672 particularum

210 2687 285 2723 τε-
307 2670 357 2722 καλ
375 2675 448 2724 coni.
466 2679 533 2724 nott.
555 2675 589 2724 ad
607 2676 657 2732 IV,
676 2673 709 2725 33
727 2681 755 2726 ct

211 2741 271 2790 add.
297 2741 386 2790 Hand.
411 2742 554 2792 Annotutt.
579 2743 608 2790 in
629 2743 753 2807 Euripid.

209 2808 335 2872 iphigen.
356 2808 438 2857 Taur.
464 2811 494 2858 P.
514 2809 534 2857 Ι.
558 2809 654 2868 (lenae
679 2809 753 2873 1832)

210 2891 274 2940 pag.
287 2875 313 2924 4.
332 2875 392 2923 vid.
406 2875 480 2924 inira
493 2881 561 2925 nott.
576 2877 610 2926 ad
624 2877 696 2934 Vill,
710 2875 752 2926 83.

209 2945 261 2992 Pro
275 2935 317 3005 οἳ,
336 2947 365 2991 ut
377 2943 500 2992 nonnulli
514 2943 655 3005 exhibent,
675 2960 753 3010 repo·

210 3011 252 3059 sui
270 3001 300 3059 οί
318 3013 345 3058 et
362 3009 462 3058 sustuli
480 3009 684 3062 distinctionem
702 3013 753 3062 mi-

209 3093 302 3126 norem
328 3081 392 3126 ante
417 3071 606 3136 διαλυθέντες
634 3084 662 3129 et
687 3085 752 3130 ante

211 3135 359 3209 ἐσέβαινον
384 3145 448 3208 poni
472 3145 594 3206 solitam,
625 3147 752 3212 idemque

209 3212 264 3260 feci
277 3212 357 3274 Vlll,
371 3211 417 3274 83,
432 3219 580 3263 commotus
592 3215 753 3265 Buttmeuni

209 3280 362 3329 rationibus
380 3281 409 3329 in
426 3280 545 3330 Gramm.
561 3283 606 3331 Gr.
620 3283 718 3332 maiori
731 3284 752 3334 1.

208 3363 271 3414 pag.
286 3347 327 3396 50.
362 3348 403 3397 Ad
420 3341 453 3398 τό
470 3345 621 3412 συνέδριον
634 3350 752 3400 Graeco·

208 3431 266 3465 rum
288 3415 362 3465 conf.
386 3421 453 3466 nott.
478 3417 512 3466 ad
530 3417 596 3480 v11,
617 3418 665 3468 145
687 3419 750 3469 cell.

207 3481 399 3549 V111,75.79.

394 3653 459 3704 Car.
478 3655 566 3705 Lvu.

242 3748 444 3820 Θεμιστοκλέα]
467 3757 512 3805 lta
529 3771 544 3805 e
562 3757 701 3807 Sancrolti
718 3757 751 3807 li·

207 3820 255 3869 bro
266 3821 338 3870 edidi
350 3837 410 3870 erim
422 3823 509 3872 [laist.
521 3828 549 3872 et
561 3831 678 3874 recenti.
689 3825 750 3875 edd.

206 3903 256 4004 u
272 3887 345 4005 ue·
362 3885 584 4025 atauus,
592 3893 676 4009 uu
683 3891 750 4009 dl

206 4039 254 4139 pro
264 4022 328 4072 olim
338 4023 411 4088 vulg.
423 4021 479 4089 νῆα
490 4024 599 4076 exhibui
610 4043 670 4077 cum
680 4028 750 4077 Bek-

227 4106 273 4139 ero
291 4096 319 4140 et
335 4096 453 4141 reeentt.
473 4092 533 4143 edd.
552 4089 617 4157 νέα,
637 4095 749 4145 iubente

205 4159 343 4208 Bredovio
360 4175 385 4224 p.
403 4158 462 4208 201.
503 4161 534 4210 ln
551 4163 644 4212 verbis
661 4163 749 4226 prosi·

206 4227 257 4275 mis
270 4215 312 4276 ότι
326 4239 376 4290 σφι
392 4224 438 4293 είή
449 4225 679 4308 βεβουλευμένον
690 4245 750 4279 ver·

205 4293 268 4343 bum
282 4291 507 4361 βεβουλευμενσν
517 4297 561 4359 (de
575 4313 626 4362 quo
640 4297 693 4346 vid.
708 4295 749 4346 al-

205 4361 265 4411 lata
283 4362 317 4410 ad
333 4363 387 4428 111,
405 4363 462 4428 134)
475 4365 520 4414 vix
533 4363 658 4420 multum.
678 4363 748 4428 quod

206 4429 241 4479 ad
253 4429 483 4496 significationem
499 4435 611 4492 attinet,
630 4431 749 4480 discedit

807 2475 967 2520 constanter
982 2461 1093 2535 αἐίρειν
1109 2473 1253 2536 sumpsisse
1275 2472 1350 2522 vide-

807 2543 898 2587 tur.-
910 2541 952 2587 De
963 2539 1116 2604 Μιιτείμίιίίο
1126 2539 1198 2592 coni.
1209 2539 1349 2589 Plutarch.

806 2605 981 2656 'l'hemistoch
1005 2607 1029 2655 2.
1067 2607 1171 2670 Tangit
1192 2607 1351 2656 Herodotus

806 2672 1066 2724 Pseudo-Plutarch,
1080 2675 1117 2724 ll.
1131 2690 1194 2739 pag.
1207 2673 1300 2724 869D:
1320 2676 1349 2723 in

806 2755 858 2804 quo
870 2744 964 2790 tamen
972 2741 1081 2806 longine
1092 2743 1229 2792 immorari
1239 2758 1293 2792 non
1303 2757 1350 2792 ra·

806 2813 860 2856 cat.
897 2807 976 2857 Conf.
995 2809 1162 2873 Lahmeyer:
1181 2811 1223 2860 De
1241 2809 1348 2859 Plutar-

805 2874 868 2924 chei
880 2874 970 2924 libelli
983 2877 1029 2940 qui
1042 2877 1075 2926 de
1090 2877 1202 2944 malign.
1216 2878 1347 2928 Herodot.

805 2942 916 2992 inscrib.
932 2947 983 2992 etc.
999 2959 1062 3008 pua.
1077 2945 1109 2992 72
1122 2961 1178 3010 seq.

838 2999 874 3058 οδ
891 3025 934 3059 τοι
951 3000 1009 3074 ἄρα
1026 3009 1075 3078 ην]
1096 3013 1139 3062 lta
1157 3029 1218 3062 curu
1233 3016 1346 3063 reccath

805 3077 865 3126 edd.
885 3077 1008 3139 exhibui;
1033 3079 1185 3146 Schweigh.
1208 3087 1236 3130 et
1257 3081 1346 3131 (ialal.

804 3143 937 3194 dederant
954 3132 1032 3198 οὖτοι
1051 3147 1110 3213 (pro
1133 3138 1221 3211 σότοι)
1246 3165 1261 3198 e
1280 3149 1347 3198 Sau-

804 3213 887 3262 crolti
910 3212 1006 3263 codice
1036 3217 1146 3280 alioque
1175 3216 1258 3278 libro;
1289 3206 1347 3280 ἄρα

804 3295 864 3328 cum
886 3293 930 3330 τοι
953 3281 1074 3333 iunctum
1097 3285 1221 3362 reperias
1242 3299 1347 3349 qnoque

803 3347 884 3410 VIII,
907 3345 963 3400 100.
1003 3350 1075 3400 Olim
1097 3341 1159 3401 our'
1179 3341 1250 3417 oi'pa3
1275 3351 1347 3417 apud

803 3414 944 3466 Plutarch.
957 3416 974 3466 l.
988 3417 1006 3467 l.
1024 3409 1076 3469 ουίι
1090 3409 1147 3484 ἄρα
1164 3424 1192 3470 et
1204 3437 1265 3470 mox
1277 3410 1346 3470 οὐδὲ

803 3478 1345 3606 ιιιιυοιανξεοαα·

802 3624 846 3668 rat
857 3587 928 3684 ‘atr'
939 3568 1005 3702 ripa,
1019 3592 1097 3673 οδτοι
1106 3571 1144 3689 iis
1153 3574 1178 3674 l.
1186 3639 1209 3674 τ.
1216 3572 1346 3674 I.⁰V¹erba

802 3679 875 3736 κατὰ
893 3680 948 3754 γὰρ
965 3690 1047 3749 πολις
1065 3683 1177 3742 ἕκαστοι
1190 3686 1345 3755 τρέψονται

801 3754 910 3805 valent:
933 3764 1022 3808 etenim
1038 3761 1064 3809 r'n
1079 3775 1140 3809 suas
1157 3762 1247 3826 quique
1259 3762 1346 3810 ciuita-

801 3827 840 3870 tes
862 3837 891 3873 τε
911 3833 1057 3876 convertent
1078 3829 1136 3878 sive
1158 3843 1186 3877 ae
1206 3829 1346 3892 recipient:

801 3888 886 3938 habet
903 3893 976 3942 enim
993 3894 1196 3946 distributivam
1208 3896 1264 3944 vim
1281 3895 1306 3944 h.
1326 3895 1343 3944 l.

801 3961 970 4022 praepositio
983 3955 1071 4024 κατὰ,
1089 3969 1118 4012 ut
1137 3964 1210 4013 infra
1228 3979 1289 4028 cup,
1302 3961 1343 4012 08.

801 4024 925 4084 §.2108
943 4029 1006 4078 coll.
1023 4029 1069 4080 113
1087 4031 1180 4095 ibique
1199 4036 1267 4081 nott.
1289 4029 1343 4080 133.

801 4091 854 4153 lx,
869 4093 913 4156 ⁸25,
934 4097 1083 4162 eodemque
1098 4100 1181 4148 etiarn
1195 4099 1344 4164 pertinent,

802 4173 872 4223 quae
887 4163 920 4210 ad
935 4165 1033 4226 1x‚20
1052 4165 1139 4216 allate
1153 4171 1226 4217 arant.
1262 4166 1344 4216 Haud

801 4225 884 4276 aliter
900 4230 1074 4295 Thucydides
1092 4235 1118 4296 l,
1137 4233 1183 4285 89:
1204 4224 1344 4284 σίπέπλευ·

800 4305 855 4343 σοιν
878 4288 909 4374 ἐξ
930 4292 1141 4376 Ἑλλησπόντου
1169 4293 1207 4360 εδς
1231 4295 1344 4352 ἔκαστοι

800 4375 887 4413 κατα
906 4367 1033 4426 πολεις.
1064 4371 1127 4418 hlox
1142 4385 1202 4418 enm
1214 4369 1343 4420 Belkero

799 4431 900 4482 retinui
918 4423 987 4485 ὥστε
1004 4433 1047 4501 μή
1070 4429 1110 4486 οδ
1130 4433 1343 4504 διασκεδασθῆ-
