2984 4962
305 471 362 528 DE
385 470 489 529 VI'FA
511 471 568 530 ET
591 469 782 530 SORIPTIS
802 469 1037 530 HERODOTI.
1176 477 1233 536 451

107 645 163 692 tuta
178 640 313 694 adsersus
338 641 478 710 impiorum
499 643 731 720 acnsuperhornm
749 641 883 694 hominum
899 647 1013 696 conatus
1040 641 1142 694 tuenda
1163 641 1238 695 cerni
1346 666 1348 672 ’

108 725 242 792 volumus,
267 741 338 795 quae
358 743 417 780 eum
439 727 577 796 improbos
593 726 689 778 meriti
710 727 799 796 poeni
820 727 923 779 afliciat
939 743 1051 798 eamque
1065 725 1107 778 vel
1123 727 1155 778 ad
1173 728 1237 778 stir-

106 827 162 878 pam
189 810 295 863 illorum
320 811 491 880 extendat*),
523 814 626 866 diuinae
652 813 781 866 vindictae
806 827 916 882 queque
945 813 999 865 vim
1023 811 1103 863 hahet
1123 812 1237 880 iureque

105 891 241 963 νέμεσις
259 901 372 948 vocatur
389 897 416 948 in
432 895 591 950 Herodotea
607 892 827 962 narratione**).
857 896 926 949 lnde
946 897 1014 950 deus
1037 915 1060 949 s.
1078 895 1164 948 divini
1188 913 1238 948 nu-

105 978 182 1032 minis
201 979 305 1031 illavis
322 979 422 1047 satalia,
449 997 519 1050 quae
545 981 572 1032 in
600 981 722 1033 vindicta
746 979 945 1047 talicernitur,
968 981 1046 1034 dolos
1069 981 1238 1049 fraudesque

106 1064 171 1116 adeo
188 1071 297 1116 nectere
315 1064 423 1131 dicitur,
439 1065 540 1134 quihus
551 1064 677 1118 mortales
694 1065 829 1135 superbos
844 1066 871 1116 in
888 1066 1034 1135 perniciem
1048 1073 1121 1134 agat,
1135 1060 1238 1117 inscios

106 1165 173 1218 quae
189 1149 257 1217 ipsis
273 1148 428 1202 immineant
440 1145 595 1216 mala***):
618 1167 669 1202 nec
683 1151 792 1216 mirum,
816 1149 889 1218 quod
910 1150 1031 1204 divinum
1049 1149 1115 1203 illud
1140 1167 1238 1202 numen

106 1233 256 1285 hominibus
275 1234 309 1285 oh
321 1233 426 1286 nimiam
443 1233 599 1288 felicitatem
614 1235 686 1287 ultra
707 1235 838 1287 terminos
859 1235 986 1288 mortales
1006 1254 1036 1289 se
1057 1234 1238 1288 efferentibus

107 1325 133 1369 et
157 1317 244 1369 divini
270 1318 389 1371 numinis
416 1325 538 1372 naturam
563 1320 758 1372 affectantibus
779 1319 1021 1387 inuideredicitnr,
1040 1320 1164 1390 deusque
1179 1319 1239 1389 ipse

107 1409 219 1454 vocatur
240 1397 427 1474 φθονερός-1).
465 1403 564 1473 Neque
585 1411 674 1458 tamen
700 1405 749 1456 hee
770 1403 856 1456 divini
876 1405 993 1457 numinis
1015 1405 1167 1474 allatique
1194 1423 1239 1456 ne-

106 1486 231 1538 cessitate
244 1503 345 1540 omnem
356 1487 466 1540 liberam
479 1488 593 1541 hominis
609 1489 775 1542 voluntatem
787 1488 983 1560 arbitriumque
995 1489 1053 1542 tolli
1065 1489 1171 1542 credam
1178 1488 1238 1556 ††),

107 1571 182 1622 modo
196 1571 286 1624 iustos
301 1571 374 1624 intra
387 1574 517 1626 terminos
530 1591 620 1626 rerum
632 1571 731 1626 naturi
745 1580 828 1644 atque
848 1582 960 1628 aeterna
982 1574 1147 1627 necessitate
1169 1590 1238 1625 mor-

106 1655 151 1708 tali
175 1655 280 1725 positos
300 1656 345 1709 ille
368 1675 397 1710 se
415 1658 569 1725 contineat3
591 1675 661 1730 quos
684 1657 709 1712 si
729 1659 835 1711 excedit
856 1659 986 1729 superbid
1007 1658 1135 1725 inflatus,
1153 1656 1239 1709 divini

107 1739 224 1792 numinis
244 1746 379 1809 potestate
395 1741 544 1812 repellitur,
558 1761 608 1798 nec
624 1743 709 1795 libere
726 1761 808 1810 agere
823 1750 932 1812 potest;
949 1762 1007 1796 nam
1021 1743 1154 1814 quidquid
1172 1741 1238 1810 agit,

106 1825 133 1876 id
149 1825 256 1878 irritum
272 1825 325 1878 erit
341 1845 431 1897 neque
453 1827 600 1898 quidquam
622 1827 722 1880 valebit
743 1835 838 1880 contra
858 1836 970 1882 aeterna
990 1828 1099 1880 divinae
1118 1826 1239 1880 necessi·

106 1911 170 1962 tatis
194 1911 314 1964 decreta.
346 1913 422 1965 Haec
446 1921 534 1966 autem
562 1913 612 1965 lati
639 1913 680 1965 vis
705 1931 736 1966 ac
763 1913 837 1965 notio
864 1929 943 1983 quam
962 1912 1107 1965 coniuncta
1123 1913 1162 1964 sit
1181 1929 1239 1964 cum

106 1997 245 2063 poetarum
270 1996 453 2066 antiquorum,
481 1997 619 2066 Aeschyli,
643 1997 801 2068 Sophoclis,
830 1997 944 2050 aliorum
975 1997 1087 2050 notione
1116 1997 1150 2050 de
1182 1998 1239 2048 lato

107 2079 220 2150 eiusque
245 2083 424 2148 necessitate,
451 2083 522 2136 haud
548 2099 618 2151 opus
634 2091 677 2134 est
692 2081 818 2151 pluribus
832 2089 1052 2135 commonstrare.
1083 2081 1145 2133 Vid.
1162 2080 1240 2134 modo

107 2167 235 2218 Creuzer.
264 2165 306 2216 in:
332 2166 506 2220 Historisehe
533 2166 627 2218 Kunst
653 2167 680 2219 d.
709 2166 846 2219 Griechen
875 2186 902 2237 p.
936 2171 984 2220 152
1015 2185 1038 2219 s.
1066 2185 1092 2236 p.
1120 2169 1171 2226 119
1196 2165 1239 2217 ed.

106 2267 160 2301 sec.
179 2257 206 2301 et
222 2249 295 2300 conl.
308 2249 432 2318 charge:
450 2251 491 2302 De
507 2251 565 2317 fati,
581 2249 661 2319 quale
672 2249 822 2320 Sophocles
838 2251 891 2303 sihi
911 2252 998 2317 finxit,
1015 2257 1112 2302 natura
1127 2249 1239 2320 (Calon.

108 2335 187 2399 1859)
202 2353 229 2402 p.
253 2336 294 2385 ll.
327 2334 417 2386 Unius
436 2337 551 2403 Aeschyli
568 2335 611 2386 hic
631 2336 793 2387 mentionem
809 2335 913 2401 faciam,
931 2335 979 2403 qui
998 2333 1026 2385 in
1044 2337 1184 2387 Persarum
1200 2334 1240 2384 ia-

107 2417 169 2468 hnla
183 2418 252 2471 idern
267 2419 334 2482 fere,
353 2419 426 2488 quod
442 2419 601 2471 Herodotus
622 2419 675 2470 sihi
700 2418 842 2470 consilium
859 2418 1030 2488 propositum
1046 2419 1176 2470 habuisse
1199 2417 1239 2467 vi-

107 2503 201 2567 detur,
223 2519 281 2554 curn
302 2501 448 2569 insigniori
468 2503 583 2573 quodam
607 2503 727 2573 exemplo
749 2511 959 2556 commonstrare
981 2501 1063 2554 vellet
1082 2501 1168 2555 divini
1190 2518 1241 2553 nu·

106 2587 185 2640 minis
211 2586 282 2640 illam
305 2586 367 2654 viru,
394 2603 448 2659 qua
474 2587 629 2656 superbiam
655 2587 806 2642 mortalium
832 2605 895 2640 sese
916 2587 1089 2640 efferentium
1113 2586 1243 2656 reprimat

108 2743 308 2756 -u

172 2835 197 2902 *)
216 2838 306 2890 Prara
327 2841 471 2904 parentum
495 2853 516 2887 s.
535 2839 666 2888 malorum
691 2837 816 2888 facinora
834 2837 861 2886 in
884 2837 1001 2902 posteris
1019 2835 1179 2902 puniuntur:
1208 2835 1240 2886 dc

106 2921 159 2971 qua
171 2922 200 2956 re
213 2907 267 2957 vid.
280 2922 349 2971 quaa
362 2908 516 2956 notavimus
529 2907 563 2956 ad
576 2906 651 2956 locos
664 2905 796 2956 Herodoti
809 2903 925 2954 maxime
938 2905 1075 2969 insignes:
1089 2905 1110 2965 l,
1122 2902 1153 2953 91
1168 2903 1239 2965 (Vol.

104 2975 125 3090 ὲ.
139 2991 164 3040 p.
179 2973 303 3091 1911311,
317 2973 358 3023 80.
372 2975 395 3035 §-
409 2971 424 3023 3
438 2973 508 3037 (Vol.
522 2973 569 3023 lll.
584 2991 610 3040 p.
623 2971 694 3037 340).
708 2974 767 3036 111,
785 2972 840 3024 134.
855 2972 911 3024 137.
926 2971 973 3021 lut
993 2972 1063 3035 (Vol.
1078 2972 1127 3023 lll.
1140 2988 1166 3036 p.
1179 2969 1238 3024 637.

172 3106 211 3170 *1)
230 3109 290 3158 Vid.
309 3109 479 3174 potissimum
492 3109 518 3168 1,
532 3107 573 3159 32.
590 3109 651 3160 Vol.
666 3111 687 3160 l.
727 3144 733 3158 .
747 3107 776 3158 71
792 3113 820 3158 et
832 3109 859 3164 Ι,
873 3107 905 3159 34
923 3107 984 3158 coll.
999 3109 1056 3170 111,
1068 3106 1109 3158 40.
1124 3105 1180 3156 128.
1193 3108 1239 3167 IV,

108 3175 164 3225 100.
177 3175 235 3226 205.
248 3177 294 3238 11,
308 3177 423 3237 84111,
440 3175 583 3240 1311111,
599 3175 646 3226 108
659 3182 686 3228 et
700 3125 756 3226 109.
774 3175 828 3226 129.
843 3176 892 3238 IX,
905 3173 946 3224 04.
966 3175 1027 3225 Alb.
1041 3175 1075 3225 do
1089 3175 1184 3240 lough.
1198 3176 1239 3224 De

105 3243 259 3310 philosoph.
273 3243 402 3293 Herodot.
417 3260 443 3308 p.
456 3241 489 3292 40
502 3258 590 3309 seqq,
605 3245 651 3310 qui
664 3245 735 3294 idern
748 3261 773 3308 p.
787 3243 820 3292 50
832 3243 865 3292 de
878 3244 1047 3306 providentia.

173 3308 228 3374 m)
248 3310 327 3360 Ocni.
341 3311 375 3372 11,
394 3309 440 3360 120
453 3310 513 3360 coll.
527 3311 574 3372 lx,
588 3310 630 3361 91.
643 3313 734 3372 -IV,
749 3309 781 3360 79
794 3310 857 3360 coll.
871 3311 907 3368 ΙΙ,
923 3307 979 3359 101.

174 3377 202 3442 †)
222 3377 299 3429 Coni.
318 3379 344 3439 1,
362 3377 395 3427 32
412 3378 477 3443 ibiq.
497 3383 565 3428 nott.
584 3378 643 3428 Vol.
657 3379 679 3427 l.
693 3395 718 3444 p.
732 3378 840 3438 71.111,
854 3377 895 3426 40.
909 3377 960 3432 11.
973 3375 1030 3427 205.
1044 3377 1110 3434 111,
1126 3375 1164 3425 10.
1177 3377 1201 3437 ὅ.
1214 3376 1239 3424 5.

3 3445 4 3448 ’
105 3447 173 3507 111,
190 3444 223 3495 40
240 3445 285 3495 fin.
308 3445 368 3495 Alb.
382 3445 415 3495 de
428 3445 523 3510 Iongh.
542 3445 560 3494 l.
575 3445 592 3495 l.
610 3463 635 3511 p.
649 3445 682 3496 32
695 3461 780 3510 seqq..
799 3445 942 3508 Boettiger
954 3445 972 3494 l.
986 3460 1069 3510 supra
1080 3443 1098 3494 l.
1113 3460 1175 3509 pag.
1190 3443 1240 3492 205

104 3512 320 3580 seq.(0puscc.).
340 3513 416 3575 Quae
430 3513 568 3562 sententia
581 3513 613 3563 de
627 3513 737 3588 deorum
749 3514 843 3562 invidio
856 3512 890 3561 ad
903 3513 1063 3588 l’roooplum
1076 3527 1160 3588 usqpe
1179 3527 1239 3576 per-

106 3583 190 3632 tinuit
203 3581 282 3632 iloth.
296 3582 334 3644 ll,
348 3579 364 3630 8
376 3582 417 3632 sio
430 3578 681 3658 scribentem:'rric
695 3581 791 3646 Τυχης
809 3570 981 3658 ὄρθονος
998 3569 1102 3628 ὤδινεν
1118 3577 1176 3644 ndu
1194 3571 1240 3629 irat

100 3641 272 3728 φΡοιιιμαίιιιιις,
297 3641 358 3700 insi
375 3641 410 3698 rei
423 3664 576 3714 πραγματα
593 3663 625 3699 so
642 3663 671 3698 τε
690 3643 739 3698 καὶ
755 3647 847 3706 rator
865 3645 964 3712 σφίσιν
982 3638 1160 3710 ἐπίπροσθεν
1172 3662 1237 3710 προ-

106 3710 321 3850 wnss'rglnlldul.
334 3785 441 3851 laeger.
454 3785 550 3850 Dispp.
561 3785 662 3834 Herod.
676 3800 703 3850 p.
716 3781 764 3845 40,
777 3784 824 3834 nbi
837 3784 883 3848 qui
896 3783 1008 3833 affertur
1019 3781 1095 3834 locos
1107 3783 1167 3842 Vll,
1184 3781 1239 3844 151,

105 3871 168 3905 enm
185 3855 238 3904 huc
256 3855 344 3903 minus
361 3853 458 3902 referri
476 3868 555 3918 posse
574 3853 691 3903 credam.
728 3851 806 3914 Quod
823 3867 887 3902 vero
906 3851 977 3900 idem
989 3851 1088 3915 laeger
1106 3850 1140 3899 ab
1153 3851 1239 3900 Hero·

104 3923 171 3972 ‹loto
183 3921 243 3972 tolli
257 3922 354 3972 statuit
366 3921 501 3971 internum
513 3935 603 3971 rerum
616 3935 766 3971 connexum
779 3920 838 3970 sive
851 3919 1086 3984 pragmatismum,
1101 3933 1179 3983 quern
1192 3934 1238 3969 vo·

4 4029 5 4032 ,
106 3994 185 4052 cunt,
211 4003 271 4039 cum
295 3990 386 4039 omnia
406 3989 576 4039 extrinsecus
597 3988 724 4053 imposita
742 3987 910 4038 necessitate
928 3985 1134 4047 contineantur,
1159 4001 1239 4035 secus

105 4057 174 4106 mihi
186 4058 303 4106 videtur.
338 4058 414 4108 Inest
429 4057 524 4120 utique
537 4056 747 4122 pragmatismus
760 4055 788 4104 in
801 4053 956 4104 Herodoteo
974 4069 1069 4118 opere,
1089 4053 1137 4102 sed
1149 4053 1238 4103 diver·

105 4139 154 4174 sus
172 4124 219 4173 ille
239 4139 255 4172 a
271 4125 430 4189 posterioris
448 4124 550 4174 aetatis
567 4121 754 4174 historicorum
772 4123 894 4182 ratione,
921 4121 966 4186 qui
984 4137 1043 4170 eum
1062 4121 1097 4170 ab
1114 4121 1238 4170 humanis

106 4193 200 4242 omnia
213 4192 314 4242 ducant
326 4191 449 4242 consiliis
462 4192 550 4257 iisque
563 4192 654 4242 omnia
666 4191 813 4243 metiantur
826 4206 858 4240 ac
870 4188 1038 4251 diiudicent,
1052 4189 1086 4238 ab
1099 4189 1238 4239 Herodoto

105 4259 252 4309 discedunt
264 4259 394 4310 divinitus
408 4260 486 4325 (quusi
498 4260 589 4310 omnia
602 4259 785 4310 constituente
805 4263 833 4308 et
847 4268 867 4307 'a
879 4257 965 4308 divini
978 4257 1096 4306 numinis
1109 4257 1136 4307 vi
1149 4273 1183 4306 ea
1195 4273 1237 4306 rc-

105 4331 235 4395 pctentc,
249 4343 318 4391 quae
332 4329 373 4377 illi
385 4327 505 4378 naturali
519 4344 533 4377 e
546 4343 634 4378 rerum
648 4342 740 4388 cursis,
755 4342 833 4392 quem
846 4327 933 4390 ipsum
946 4325 1066 4376 divinum
1078 4325 1179 4374 Noster
1190 4324 1238 4372 ha-

105 4397 181 4457 buit,
201 4399 324 4460 repetere
344 4401 424 4460 atque
442 4396 581 4461 explicare
599 4395 716 4446 student.
746 4395 825 4446 eoas.
845 4393 975 4444 Cranaen:
993 4393 1047 4443 Die
1064 4392 1135 4442 Hist.
1149 4393 1238 4441 Knnst

105 4470 162 4514 ete.
176 4480 201 4528 p.
217 4461 264 4511 158
276 4477 333 4528 seq.
347 4463 387 4527 (p.
404 4463 449 4513 125
461 4479 518 4528 seq.
531 4464 573 4514 ed.
587 4463 656 4526 sec).

972 4546 1037 4610 29*
