3068 4964
455 454 718 516 CALLIOPE.
743 456 802 516 IX.
827 466 955 519 ra-—ra
1214 459 1277 521 239

136 625 293 718 στρατιὴν
310 617 370 714 ἦγε
390 629 443 696 lul
461 624 500 696 vol
518 631 672 718 Μέγαρα,
690 621 711 714 ἡ
731 626 768 696 dt
779 631 879 708 ἵππος
891 631 1103 716 προελθοῦσα
1115 625 1276 698 κατιππά-

136 751 215 799 σατο
233 727 344 819 χώρην
362 726 423 816 τὴν
440 735 628 818 Μεγαρίδα.
666 731 698 808 ἐς
722 726 847 816 ταύτην
871 725 912 816 δὴ
938 727 1104 800 ἑκαστάτω
1127 733 1185 817 τῆς
1209 725 1275 799 Ed-

136 829 249 922 ρολπης
268 827 304 900 ed
322 827 404 920 πρὸς
421 824 519 916 ἡλίου
539 827 697 910 δύνοντος
717 824 738 918 ἡ
763 827 912 921 Περσικὴ
936 826 1019 918 αὕτη
1044 827 1179 920 στρατιὴ
1201 826 1275 900 ἀπί-

136 961 219 1002 κετο.
252 927 349 1001 Marci
368 931 405 1000 dl
421 934 525 1000 ταῦτα
543 937 729 1023 Μαρδονίῳ
746 920 831 1019 ἦλθε
849 929 1001 1020 ἀγγελίη,
1027 927 1071 1011 ὥς
1092 926 1185 1011 ἆλέες
1209 941 1322 1019 τίη-15

136 1055 200 1103 σαν
212 1038 247 1102 oi
253 1029 410 1121 ’Έλληνες
423 1035 459 1102 ἐν
470 1035 518 1126 τῷ
531 1027 653 1126 Ἰσθμῷ
660 1051 666 1064 ·
685 1029 773 1102 οὕτω
786 1031 826 1121 δὴ
836 1029 942 1102 ὀπίσω
956 1031 1130 1124 ἐπορεύετο
1144 1029 1199 1101 διὰ
1211 1046 1275 1102 Δε-

135 1232 165 1280 ἰη
177 1229 339 1281 Commentt.
354 1229 681 1294 adeandemllpistolam
733 1231 829 1294 Pyrrh.
854 1246 914 1296 cap.
936 1229 974 1282 13.
997 1247 1062 1296 pag.
1085 1230 1126 1282 50.
1150 1247 1211 1296 cap.
1236 1231 1274 1280 14.

136 1314 161 1363 p.
178 1299 228 1348 275
246 1304 275 1348 et
291 1300 334 1348 De
350 1299 443 1348 Wette
461 1298 502 1346 in:
524 1297 680 1347 Handbueh
732 1313 796 1416 pap.
815 1298 857 1348 52.

136 1371 190 1416 ete.
203 1366 239 1415 11.
259 1382 285 1431 p.
298 1365 341 1416 41.
377 1364 430 1414 Sed
447 1365 525 1415 verbi
543 1357 639 1415 θέλων
652 1366 680 1414 iu

135 1433 182 1484 illo
202 1433 305 1483 Sacrae
328 1433 486 1498 Scripturae
509 1432 571 1482 loco
596 1433 680 1482 aliarn
731 1437 807 1492 κετο]
827 1434 845 1482 i.
859 1449 883 1483 e.
897 1435 923 1482 in
938 1435 1004 1484 lanc
1019 1449 1081 1484 sone
1093 1442 1202 1496 terram,
1221 1435 1274 1484 Eu-

135 1515 245 1566 prorsus
258 1515 319 1550 esse
329 1501 468 1550 notionem
478 1499 682 1563 (scildelectura'
731 1517 813 1566 nopae
835 1503 1022 1551 remotissimam
1043 1518 1157 1552 occasum
1179 1518 1274 1564 vorsus,

134 1571 221 1634 aliqua
237 1585 280 1630 re,
300 1568 351 1618 sibi
365 1571 390 1617 in
407 1570 493 1634 aliqua
509 1585 539 1618 rc
553 1567 679 1633 placere),
730 1570 849 1618 ornithia
861 1570 997 1618 Persumrm
1010 1573 1153 1626 exereitus,-
1172 1585 1225 1620 non
1237 1569 1277 1619 ul-

136 1637 247 1686 edocuit
259 1637 439 1698 stammana,
454 1635 679 1697 CarolusBaehr‚
732 1641 776 1685 tra
793 1636 964 1702 Megaricam
985 1637 1156 1688 occidentem
1181 1651 1276 1686 versus

136 1705 165 1752 in
178 1703 341 1754 Commentt.
362 1703 397 1752 ad
414 1703 489 1752 illurn
507 1703 597 1754 locum
615 1719 679 1768 pag.
732 1704 761 1752 in
772 1705 911 1768 Europam
926 1719 1083 1768 progressos
1101 1721 1161 1754 esee
1174 1705 1277 1754 Persas

134 1770 185 1820 207
210 1773 329 1836 itemque
353 1770 529 1822 Ohlshuusen
553 1771 581 1820 in
603 1771 681 1820 Com·
728 1772 871 1821 sententia
889 1779 932 1820 est
948 1772 1091 1822 Herodoti.
1131 1773 1172 1821 Ad
1190 1773 1277 1823 verba

136 1843 232 1888 menti.
253 1839 282 1888 in
299 1839 331 1888 N.
348 1839 380 1888 T.
400 1839 445 1888 IV.
464 1856 489 1903 p.
507 1835 571 1900 3863
594 1839 680 1888 Hero·
732 1830 878 1888 ἑκαστάτω
895 1837 945 1904 τῆς
962 1831 1101 1905 Εὐρώπης
1122 1841 1158 1890 of.
1177 1840 1276 1890 Matth.

136 1907 266 1970 doteique
290 1905 345 1958 loci
368 1921 478 1956 sensum
502 1906 557 1956 iam
581 1905 680 1956 dudum
733 1907 779 1956 Gr.
795 1907 841 1958 Gr.
854 1908 878 1968 ξ.
891 1905 949 1958 349.

135 1973 681 2106 llllt¹353t.¹.¹.·.⁸ttll;l.⁸’ullu

136 2125 153 2158 a
176 2107 288 2173 reliquls
309 2109 401 2158 verbis
423 2109 584 2174 seiungens;
609 2107 680 2172 quod
774 2162 785 2188 a
870 2165 877 2186 ‚
934 2075 1001 2127 οη·
1020 2077 1077 2187 ΞΝ·

135 2176 208 2228 idem
229 2181 327 2240 postea
347 2175 452 2240 placuit
468 2175 680 2241 Schweighaeu-
765 2176 840 2242 ηλθε
857 2175 988 2244 αγγελίη]
1013 2177 1086 2242 ηλθε
1104 2194 1198 2228 omnes
1216 2179 1275 2228 lore

134 2260 196 2294 sero
209 2243 258 2306 (el.
272 2244 367 2294 Leria.
382 2244 484 2294 Herod.
499 2244 520 2293 l.
534 2259 598 2308 pag.
610 2242 680 2305 182),
733 2244 809 2293 codd.
824 2249 865 2306 (ul
877 2245 923 2302 lx,
940 2245 969 2294 Μ
983 2245 1115 2306 el1,83),
1134 2261 1276 2308 quoscum

134 2313 205 2362 bene
235 2311 356 2360 monenti
384 2312 561 2377 participium
585 2305 681 2360 θέλων
732 2316 848 2361 reeentt.
868 2312 928 2360 odd.
947 2317 1058 2362 secutus
1075 2327 1143 2361 sum.
1173 2313 1213 2361 Ex
1230 2312 1274 2361 lll-

135 2380 246 2428 minimo
280 2379 358 2443 iungi
391 2393 471 2444 posse
506 2393 566 2428 eum
595 2377 680 2428 verbo
732 2377 1275 2440 dinasehaefems,malmesburiae.

782 1381 796 1423 ς
812 1360 920 1431 ταύτην
942 1358 979 1431 δὴ
1000 1355 1143 1416 ἑκαστάτω
1160 1393 1191 1402 -
1209 1360 1276 1416 α’πί·

136 2439 303 2511 ἐβουλεύετο
327 2447 399 2496 idem
420 2461 453 2496 ue
477 2445 572 2496 valere
597 2461 631 2495 ac
655 2445 680 2494 si
731 2447 903 2496 retinuerunt
924 2433 990 2511 ἧκε,
1014 2453 1045 2495 ut
1066 2445 1145 2510 VIII,
1168 2446 1224 2496 140.
1244 2473 1275 2484 —

134 2515 236 2564 Noster
247 2514 362 2563 dixisset
371 2463 466 2564 θὲλων
475 2506 594 2570 τούτους
605 2511 685 2576 πρῶ·Ι
731 2514 772 2562 Ad
789 2528 884 2563 vocem
901 2505 983 2571 ἁλέες
1004 2514 1039 2564 cl.
1057 2514 1137 2576 vul,
1155 2513 1188 2564 23
1199 2508 1235 2564 'el
1252 2516 1273 2577 1,

135 2597 186 2632 τον
203 2573 290 2639 ἕλεῑν,
316 2572 481 2647 ἐβουλεύετο
500 2578 532 2630 εἴ
545 2595 600 2638 κως
616 2586 679 2640 eto..
733 2579 780 2630 133
792 2580 885 2644 ibique
898 2585 966 2631 nott.

134 2651 238 2714 cupiens
255 2650 300 2698 dor
313 2651 421 2713 prImam
442 2665 537 2714 capere
555 2649 679 2698 delibera·
770 2641 819 2698 daal
838 2645 1001 2713 Δεκελείης]
1025 2649 1156 2698 Nimirum
1178 2665 1211 2698 ex
1227 2650 1277 2700 At·

133 2723 183 2779 alt,
196 2733 244 2782 quo
255 2723 332 2781 paeto
345 2718 373 2768 id
384 2719 508 2782 efficeret.
527 2717 585 2767 Neo
599 2716 681 2766 aliter
730 2716 790 2765 tica
803 2717 831 2765 in
843 2715 987 2767 Boeotiam
1006 2716 1213 2780 proficiscentes
1226 2733 1277 2782 per

136 2786 194 2835 lere
207 2783 360 2834 dratinus
371 2784 417 2834 Gr.
431 2787 455 2846 §-
466 2783 523 2835 531.
537 2785 680 2834 nomes·
731 2783 846 2834 Oenoiin
875 2787 903 2834 et
930 2783 1096 2836 Eleutheras
1125 2784 1277 2834 tendebant

134 2851 223 2918 plicat
245 2845 340 2902 θέλων
362 2846 480 2910 τούτους
502 2843 577 2903 ἑλεῖν
599 2842 678 2916 Idou-
731 2851 879 2913 Plataeas,
908 2852 954 2902 vid
975 2852 1064 2901 minus
1089 2853 1184 2916 utique
1211 2855 1277 2918 aptat

134 2912 232 2970 ledaco
244 2908 317 2977 ὅπως
330 2912 397 2969 ἕλοι.
434 2919 513 2981 Quod
525 2935 585 2969 oum
598 2934 680 2968 unum
732 2919 870 2985 equitibus
882 2935 1052 2985 magnaeque
1069 2919 1207 2970 hominum
1221 2926 1277 2970 tur-

134 3003 230 3038 verum
241 2985 368 3044 babeam,
381 2990 483 3037 retinui
493 3002 553 3038 eum
563 2992 680 3037 recentt.
731 2988 798 3050 bao,
813 3001 874 3037 cum
886 2987 984 3038 fauces
995 2989 1181 3052 montiumque
1194 3003 1275 3038 eacu-

136 3055 197 3107 edd.
209 3054 385 3136 perticipium
404 3049 512 3117 θέλωνς
532 3070 585 3104 non
599 3054 681 3105 aliter
731 3055 806 3104 mina
818 3059 912 3106 essent
924 3057 1101 3120 permeanda,
1116 3058 1156 3105 ita
1167 3060 1198 3105 ut
1209 3057 1276 3105 Per-

134 3121 303 3188 βουλομενοι
313 3123 432 3188 positum
441 3123 613 3184 vidimusVl,
623 3121 678 3184 139,
730 3137 776 3172 aas
789 3122 933 3174 alteravit
942 3139 1083 3188 regressos
1097 3139 1157 3173 esse
1170 3125 1275 3188 aitpro-

135 3191 183 3240 ubi
201 3191 238 3243 ei.
256 3195 324 3240 nott.
365 3191 407 3240 Ad
424 3191 509 3241 verba
531 3187 563 3240 εί
575 3205 630 3247 κως
646 3216 679 3224 -
731 3189 833 3250 babile,
848 3205 919 3254 quae
930 3191 990 3240 scil.
1003 3191 1037 3240 ab
1047 3191 1184 3240 Acharnis
1194 3191 1276 3240 duce-

136 3253 196 3308 ἓλοι
209 3259 282 3308 conf.
296 3273 379 3323 supra
391 3259 441 3320 VI,
455 3258 488 3306 52
506 3257 598 3322 ibique
612 3262 679 3307 nott.
732 3257 781 3306 bat
792 3273 841 3320 por
852 3259 1002 3308 Deceleam
1016 3262 1097 3322 atque
1109 3257 1276 3307 Paruethem

136 3353 168 3362 -
187 3325 266 3388 Quod
285 3327 386 3376 attinet
407 3325 442 3375 ad
463 3325 516 3374 loci
536 3340 681 3389 argumen·
733 3324 768 3373 sd
779 3325 936 3390 'lanagram
954 3326 1072 3388 indeque
1086 3325 1121 3374 ad
1132 3325 1275 3374 Boeotiam

135 3399 206 3454 tum,
224 3393 403 3457 Megarenses
420 3391 515 3457 procul
533 3393 615 3441 dubio
628 3393 681 3456 pri·
731 3392 866 3453 vicinam
885 3407 1009 3456 quaeque
1023 3393 1110 3441 minus
1123 3392 1228 3455 negotii
1242 3407 1275 3440 ac

136 3475 195 3510 mos
206 3459 253 3510 ille
268 3476 328 3510 eam
342 3461 376 3510 ob
390 3475 501 3510 causam
515 3465 622 3510 tentare
634 3475 680 3509 vo·
731 3459 876 3508 molestiae
893 3459 1052 3508 exhibebat.
1087 3459 1153 3522 Ipsa
1166 3461 1276 3507 Decelru

135 3528 201 3589 loir,
216 3527 286 3592 quod
299 3543 353 3578 non
366 3529 458 3593 magni
474 3529 546 3577 inter
558 3527 680 3576 Graecos
731 3531 841 3575 eentum
857 3526 958 3590 viginti
975 3525 1034 3574 fere
1053 3525 1144 3574 stadia
1161 3525 1276 3574 Athenis

136 3596 278 3646 aestimati
294 3595 369 3645 nullo
387 3596 446 3645 lere
465 3593 678 3644 locohabeban·
731 3597 837 3644 remota
862 3593 947 3642 fuisso
972 3597 1112 3652 narratur,
1137 3593 1191 3642 sita
1215 3591 1276 3642 loeo

134 3669 192 3712 tur:
212 3662 246 3712 de
266 3677 318 3728 quo
331 3663 386 3713 vid.
400 3663 512 3712 Suidam
525 3678 546 3712 s.
558 3677 585 3712 v.
598 3652 681 3726 ὖμεὶς
732 3675 863 3726 perquam
885 3665 1037 3725 opportuno
1056 3661 1155 3710 montis
1173 3662 1275 3710 Parne-

134 3731 167 3780 Τ.
183 3731 232 3780 lll.
251 3747 278 3795 p.
292 3730 351 3780 529.
371 3729 461 3780 Schol.
477 3729 593 3780 Theoer.
607 3730 679 3792 XIV,
732 3729 802 3788 this,
820 3729 865 3793 qui
878 3729 948 3778 satia
961 3729 1050 3778 editus
1068 3727 1177 3792 longum
1190 3727 1276 3776 dabat

133 3797 178 3847 48.
190 3799 284 3848 'l'zetz¹
300 3797 370 3847 Chii.
384 3799 431 3860 lx,
445 3797 493 3848 291
507 3813 546 3848 vs.
559 3797 609 3848 899
621 3813 679 3863 seq.
730 3800 918 3862 prospectum
942 3796 990 3846 ubi
1008 3811 1068 3844 orrrn
1087 3795 1277 3845 consedissent

134 3865 301 3916 Callimaoh.
317 3866 413 3931 Epigr.
430 3865 475 3929 29,
493 3865 519 3916 5.
537 3865 561 3916 9.
602 3866 680 3928 erae
731 3866 858 3914 Lacones
869 3863 942 3914 bello
952 3863 1197 3928 Peloponnesiaco,
1209 3864 1275 3912 mul·

135 3932 233 3983 attulit
245 3933 410 3983 Laroherus.
731 3936 788 3982 tum
800 3931 864 3982 inde
877 3931 1003 3982 damnum
1016 3931 1230 3981 AtheuIensibus
1243 3931 1276 3980 il·

174 3992 384 4066 κατιππολοατο]
403 4000 680 4066 Schweighaeuserus
731 3999 817 4050 latum
831 3999 918 4049 luisse
931 4003 1052 4058 constat,
1069 3999 1116 4048 viri
1128 3997 1276 4064 praeclusa

135 4069 348 4133 interpretatur:
365 4072 544 4134 perequitans,
560 4074 631 4134 equits
642 4071 681 4118 in·
732 4068 859 4130 omanue
869 4073 1022 4117 commeatu
1032 4067 1194 4132 intercepto.
1212 4067 1274 4115 Vid.

134 4152 243 4187 cursare
254 4139 389 4200 reqionem.
426 4137 496 4186 Mihi
512 4137 681 4201 praepositio
732 4134 811 4186 modo
821 4134 912 4185 Schol.
925 4135 960 4184 ad
970 4133 1106 4199 Aristoplr.
1118 4135 1188 4184 Rau.
1200 4132 1273 4183 1469.

134 4197 210 4254 κατὰ
224 4205 251 4252 iu
264 4204 316 4253 hoo
329 4205 413 4254 verbo
423 4219 484 4254 eam
494 4204 552 4252 lere
565 4205 618 4254 virn
632 4203 680 4252 ha·
732 4201 843 4253 Cornel.
866 4204 936 4268 Nep.
957 4202 1092 4252 Alcibiad.
1115 4201 1131 4249 4
1153 4201 1214 4263 lin,
1240 4201 1275 4251 ad

133 4273 202 4322 bere
224 4271 347 4333 videtur,
372 4287 452 4336 quam
472 4273 501 4320 in
524 4271 587 4320 allis
609 4272 680 4320 eius·
732 4286 811 4336 quem
827 4271 916 4321 locum
933 4270 1040 4334 reliqua
1056 4274 1179 4320 veterum
1197 4270 1273 4319 testi-

134 4339 209 4390 modi
235 4341 407 4404 compositis,
439 4343 470 4387 ut
494 4333 680 4389 καταοτασιοὲ-
732 4335 1276 4404 moniasupped1taritinterpretes.Add.

134 4407 203 4472 ζειν,
218 4407 438 4472 καταπολεμεῐν,
451 4407 546 4456 notavi
559 4407 594 4458 ad
607 4406 679 4457 Plut.
731 4405 878 4471 l'orbiger:
891 4407 1000 4457 Hsndb.
1015 4406 1040 4456 d.
1054 4405 1104 4456 alt.
1117 4403 1275 4469 Geograph.
