3040 4962
197 325 237 386 24
631 307 904 374 HERODOTI

198 493 408 580 συνέμισγον.
459 484 514 558 Ἐν
542 485 646 576 ταύτῃ
671 490 711 577 τη
735 493 901 576 ναυμαχίη]
926 481 1146 574 παραπλήσιοι
1168 478 1341 570 ἀλλήλοισι

199 597 363 682 ἐγίνοντο·
383 584 401 659 ὁ
420 586 619 678 γδρΞέρξεω
637 584 774 679 στρατὸς
792 581 859 657 ὑπὸ
876 584 1041 676 μεγάθεός
1058 612 1093 655 τε
1111 587 1166 655 καὶ
1184 583 1341 672 πλήθεος

199 691 298 774 αὐτὸς
324 687 384 762 ὑπ’
408 693 537 760 ἑωυτοῦ
555 697 688 778 ἔπιπτε,
715 690 988 778 ταρασσομενέων
1014 715 1049 756 τε
1077 689 1144 757 τοῖν
1169 690 1257 756 νεών
1283 687 1342 756 καὶ

199 795 486 884 περιπιπτουσέων
511 794 586 882 περὶ
610 787 761 879 ἀλλήλας.

802 785 890 880 ὅμως
913 791 1024 879 μέντοι
1046 785 1175 878 ἀντεῖχε
1205 789 1258 858 καὶ
1276 783 1343 858 οὐκ

200 897 282 968 εἶκε·
320 891 432 964 δεινὸν
454 890 518 983 γὰρ
546 895 653 982 χρῆμα
672 895 862 980 έποιεῦντο,
886 887 953 961 ὑπὸ
971 893 1058 962 νεῶν
1074 885 1197 978 ὀλίγων
1221 893 1252 969 ές
1276 918 1341 977 φυ-

199 996 263 1088 γὴν
289 995 484 1088 τράπεσδαι.
530 996 648 1064 πολλαὶ
671 993 733 1082 μὲν
752 989 793 1082 δὴ
811 995 879 1063 τῶν
900 987 1068 1081 Ἑλλήνων
1093 994 1165 1072 νέες
1191 997 1341 1079 διεφθεί-

199 1129 314 1190 ροντο,
341 1099 456 1168 πολλοὶ
483 1096 520 1166 ‹lt
543 1093 682 1184 ἄνδρες,
709 1097 821 1188 πολλῷ
839 1090 870 1164 δ’
892 1101 939 1164 ἔτι
962 1098 1102 1174 πλεῦνες
1126 1096 1199 1174 νέες
1216 1120 1251 1162 τε
1273 1095 1343 1162 ταῖν

118 1273 121 1278 ,
200 1199 381 1293 βαρβάρων
413 1199 468 1267 καὶ
501 1194 630 1286 ἄνδρες.
702 1191 791 1266 οὕτω
823 1196 859 1265 δὲ
891 1191 1126 1285 ἀγωνιζόμενοι
1165 1196 1343 1281 διέστησαν

155 1321 193 1380 17
201 1305 301 1394 χωρὶς
327 1299 485 1390 ἑκάτεροι.
527 1293 582 1370 Ἐν
603 1295 706 1387 ταύτῃ
735 1300 777 1387 τῇ
798 1305 964 1387 ναυμαχίῃ
989 1295 1167 1386 Αἰγύπτιοι
1189 1296 1251 1386 μὲν
1273 1297 1343 1366 των

235 1487 615 1564 παραπλήσιοι-ἐγίνοντο]
626 1487 747 1560 Α11ἱέγέ-

202 1583 294 1625 νοντο,
310 1581 376 1629 quos
390 1568 541 1629 sequuntur
553 1564 661 1624 Mutua,
676 1564 747 1612 Bek-

201 1635 265 1694 lrer,
289 1633 408 1695 itemque
428 1631 552 1680 llindorf.
577 1639 604 1680 et
622 1631 746 1681 Dietaeh.

202 1701 280 1762 Quod
290 1715 356 1748 vero
366 1698 449 1763 vulgo
459 1703 583 1747 vertunt:
593 1702 654 1760 pari
661 1699 747 1748 Marte

198 1774 337 1833 pugnatura
349 1773 401 1822 est,
419 1765 524 1815 mavult
537 1765 613 1814 reddi
627 1765 747 1815 Larelre·

202 1851 260 1886 rus:
280 1834 396 1899 aequatis
408 1833 516 1886 viribus.
530 1833 644 1893 cisarcen
654 1834 746 1897 dputes,

202 1903 247 1953 eui
277 1900 502 1966 interpretationi
530 1899 575 1950 vel
604 1902 750 1964 sequentia

202 1969 302 2026 verba,
325 1983 396 2032 qnae
417 1967 634 2033 magnitudinem
657 1969 749 2033 eopia·

203 2053 261 2086 rum
267 2037 365 2086 Xerxis
376 2034 528 2095 declarant,
537 2035 647 2085 obstare
659 2035 749 2084 oredo.

202 2104 340 2169 vulgatae
355 2103 580 2168 interpretationi
594 2102 672 2152 iavet
685 2102 750 2151 Cor·

203 2171 292 2222 aelius
302 2171 393 2236 Nepos
403 2169 464 2220 loeo
475 2186 536 2220 mox
545 2168 692 2230 laudando,
704 2170 751 2219 ubi

204 2240 277 2290 conl.
294 2241 472 2303 interpretes,
488 2239 533 2302 qui
547 2242 575 2288 et
587 2237 751 2288 locutionem

204 2307 379 2358 illustrarunt
397 2311 425 2356 et
443 2311 647 2370 argumentum,
668 2321 750 2370 quan-

204 2375 348 2438 doquidem
362 2379 438 2432 suut,
452 2375 497 2438 qui
512 2373 656 2424 victoriam
671 2372 753 2422 aliter

204 2449 286 2508 atque
301 2441 455 2492 Herodotus
469 2441 584 2490 Graecis
597 2441 729 2490 tribuant.

239 2501 325 2564 αὐτὸς
342 2497 394 2556 ὑπ’
413 2497 519 2557 ἑαυτοῦ
538 2502 650 2570 ἔπιπτε]
669 2509 710 2556 Do
723 2508 751 2556 vi

224 2573 418 2637 raepositionis
430 2565 487 2622 siud
499 2573 553 2625 vid.
567 2575 615 2632 1x‚
626 2573 658 2621 15
672 2577 700 2621 et
713 2573 751 2621 al-

204 2590 265 2688 iata
285 2639 320 2688 ad
335 2639 389 2700 lx,
410 2639 452 2688 67.
489 2639 604 2688 Confert
616 2639 752 2688 Valcken.

205 2706 326 2756 Cornelii
339 2707 454 2769 Nepotis
472 2706 558 2755 verba
576 2707 604 2754 in
617 2706 750 2755 Themist.

204 2789 265 2838 cap.
287 2771 315 2823 3:
346 2773 522 2835 „Angustias
545 2773 617 2822 enim
640 2772 751 2822 Themi-

204 2839 306 2890 stoeles
334 2837 417 2904 [inter
440 2839 582 2888 Euboeam
608 2841 750 2890 eontinen-

204 2913 313 2971 temque
324 2903 434 2971 terram]
442 2907 628 2970 quaesiverat,
641 2923 675 2956 ne
684 2909 750 2956 mul·

203 2975 320 3024 titudine
338 2974 449 3024 navium
469 2973 665 3024 circumiretur.
696 2976 750 3025 llic

204 3041 258 3092 etsi
279 3042 341 3106 pari
358 3039 463 3105 proelio
481 3041 684 3104 discesserant,
708 3048 749 3092 ta·

204 3124 266 3158 men
285 3107 379 3158 eodem
397 3107 457 3158 loco
476 3123 528 3157 non
545 3115 608 3158 sunt
620 3111 680 3159 ausi
694 3126 750 3160 ma·

204 3191 269 3224 uere
289 3175 365 3226 ete.“
401 3175 442 3224 Ad
460 3175 546 3225 verba
564 3171 662 3226 δεινὸν
684 3176 749 3244 χρῆ-

203 3259 243 3307 μα
266 3234 415 3294 ἐποιεῦντο
438 3242 510 3292 conf.
529 3248 596 3294 nott.
620 3245 654 3293 ad
672 3246 748 3306 VllI,

205 3311 235 3360 15
255 3311 315 3361 init.
353 3311 405 3360 Pro
418 3305 482 3372 περὶ
501 3299 749 3375 α’11ή1ας11ε1ε-

202 3378 265 3429 lrius
296 3378 393 3428 mallet
421 3374 486 3440 usqi
517 3368 665 3444 α’λλήλαις,
695 3397 749 3430 non

202 3445 289 3506 male,
312 3451 343 3496 ut
365 3446 471 3496 iudicat
488 3445 610 3496 Sintenis
632 3448 668 3496 ad
685 3447 748 3498 Plu·

202 3513 291 3562 tarelr.
303 3513 481 3564 Themistoel.
496 3513 534 3564 15.
546 3531 571 3579 p.
586 3513 642 3578 100,
656 3531 748 3580 quarn·

203 3595 283 3642 qnam
298 3581 382 3629 etiam
397 3583 572 3632 aecusativus
591 3582 657 3632 ferri
690 3589 747 3632 ote·

202 3646 247 3720 rit.
285 3646 345 3705 Quo
364 3648 458 3696 eodem
476 3656 602 3700 monente
620 3601 745 3712 aspirit-

203 3711 315 3776 1η1αις,
334 3714 366 3761 de
379 3715 436 3762 ollis
448 3731 526 3778 anper
540 3719 604 3767 ulios
617 3719 747 3767 inridenti-

202 3778 254 3838 bus,
269 3777 339 3828 bene
353 3778 460 3829 dieitur.
481 3782 511 3830 ln
525 3784 664 3834 Sanerosti
677 3785 747 3835 libro

202 3860 310 3910 prorsus
324 3845 402 3894 deest
414 3849 582 3912 praepositio
595 3851 669 3916 περί.
694 3853 746 3902 Re·

203 3917 287 3961 eentt.
312 3909 372 3961 edd.
397 3913 424 3961 in
446 3913 561 3977 vulgata
584 3933 677 3968 omnes
701 3937 745 3969 ae·

203 3979 377 4043 quieverunt,
392 3995 471 4044 quam
487 3997 539 4030 nee
553 3985 678 4046 equidem
692 3993 745 4036 tur·

202 4046 336 4098 baverim.
370 4047 494 4112 Namque
518 4048 626 4099 videtur
648 4054 747 4102 Noster

202 4113 245 4161 his
255 4113 345 4162 verbis
357 4110 610 4176 (περιπιπτουσέων
620 4115 685 4183 περὶ
698 4112 745 4170 eit-

202 4172 301 4244 iq'lnrl
323 4180 350 4230 id
373 4181 495 4232 indicare
518 4183 651 4246 voluisse,
676 4188 746 4251 quod

202 4245 313 4298 Curtius
330 4248 381 4313 IV,
401 4247 426 4300 3.
445 4251 468 4312 6.
491 4249 519 4304 u
537 4251 617 4306 dixit:
641 4257 746 4307 interce

800 1497 899 1560 navigia
911 1497 1045 1560 collidere,
1065 1499 1093 1546 et
1103 1497 1149 1558 lX,
1160 1495 1185 1559 ll,
1199 1499 1221 1559 5.
1232 1495 1260 1546 9:
1279 1513 1343 1560 ενρο

799 1565 885 1612 collidi
902 1567 968 1611 iuter
979 1579 1007 1612 se
1022 1579 1106 1612 nunes.
1142 1565 1221 1614 Cous.
1234 1563 1343 1626 Tlruey·

800 1631 856 1681 did.
870 1631 911 1690 ll,
926 1629 959 1680 05
976 1635 1004 1679 et
1021 1647 1091 1695 quae
1110 1631 1182 1682 adh.
1197 1633 1215 1681 l.
1230 1632 1345 1696 protulit

799 1697 952 1748 Hiinnekes
962 1697 989 1746 in
1001 1697 1158 1748 Observatt.
1172 1699 1344 1762 Thucydidd.

801 1765 960 1828 (Nlonaster.
976 1763 1062 1828 1850.)
1075 1782 1137 1831 pag.
1149 1765 1191 1816 30.
1210 1767 1287 1828 Quod
1300 1783 1345 1816 se·

800 1834 905 1898 quiturr
925 1822 1012 1898 ὅμως
1029 1827 1149 1898 μέντοι
1163 1823 1283 1898 α’ντεῖχε,
1303 1835 1344 1883 sie

800 1901 903 1965 legitur
916 1916 1021 1966 quoque
1035 1902 1061 1964 l,
1077 1899 1133 1952 180.
1147 1902 1202 1952 111.
1214 1899 1259 1962 00,
1279 1901 1345 1953 οοΙΙ.

801 1969 824 2029 I,
837 1967 893 2029 120,
905 1969 951 2018 ubl
962 1969 1062 2018 vocula
1072 1983 1102 2032 γε
1113 1969 1230 2028 additur,
1243 1969 1277 2018 de
1291 1985 1345 2033 quo

801 2051 852 2085 usn
866 2037 902 2085 es.
916 2036 987 2086 Elis.
1001 2037 1115 2098 Quaest.
1129 2037 1247 2086 Herodd.
1262 2037 1343 2101 Spee.

802 2103 824 2152 1.
843 2119 868 2168 p.
888 2101 935 2152 110
953 2103 1078 2164 [Jahrbb.
1097 2103 1231 2154 arbiror.
1250 2103 1343 2170 Snppl.

803 2169 914 2232 01.)-
933 2171 997 2221 Mox
1014 2187 1062 2236 pro
1080 2171 1153 2237 vulg.
1172 2165 1343 2236 τραπέσθαι,

805 2237 875 2301 quod
884 2238 1137 2298 retinuitlrietsch,
1149 2239 1273 2304 equidem
1283 2255 1344 2288 eum

804 2304 933 2365 sennen,
950 2305 1080 2356 Belrlrero
1093 2313 1120 2356 et
1132 2307 1271 2356 Dindorfio
1281 2307 1345 2356 dedi

803 2363 980 2437 τράπεσδαι,
1000 2374 1044 2436 qui
1062 2375 1216 2438 praesentis
1231 2373 1345 2424 infiniti·

803 2454 853 2490 vus
871 2441 898 2488 iu
914 2440 1023 2504 passivo
1037 2447 1078 2489 ost
1090 2441 1116 2490 h.
1131 2441 1344 2492 trecenarius.

804 2507 847 2555 Ci.
870 2508 953 2556 etiam
972 2507 1087 2558 Bredov.
1110 2524 1174 2572 pag.
1195 2508 1249 2558 145.
1273 2509 1343 2559 Elta.

803 2573 927 2634 (Quaest.
936 2574 1053 2624 Herodd.
1061 2575 1140 2640 Speo.
1148 2577 1169 2625 1.
1177 2577 1217 2624 iu:
1229 2577 1345 2628 Jahrbb.

803 2640 823 2688 1.
837 2639 971 2705 Philolog.
983 2641 1076 2706 Suppl.
1089 2642 1241 2707 lx.p.1·22)
1255 2648 1347 2694 tuetur

802 2701 964 2770 speraindeo
979 2709 1141 2759 infinitivum
1155 2711 1250 2760 aoristi
1262 2712 1346 2762 medii

802 2791 849 2839 pro
867 2776 977 2839 passivo
996 2776 1160 2838 adhibitum,
1171 2782 1215 2855 pt
1230 2779 1281 2836 IN,
1299 2777 1345 2840 es,

802 2843 850 2892 sed
863 2843 915 2892 hoe
932 2845 992 2910 ipso
1010 2844 1071 2894 loeo
1089 2845 1227 2910 passivum
1244 2847 1346 2911 reperi·

801 2915 858 2970 tur;
875 2910 930 2960 vid.
945 2911 984 2960 ibi
998 2917 1066 2962 nott.

836 2971 988 3043 διέστησαν
1011 2975 1095 3044 χωρὶς
1120 2969 1257 3044 ἑκάτεροι]
1283 2981 1300 3030 1.
1321 2997 1345 3031 e.

802 3046 972 3094 discesserunt
991 3045 1016 3107 (e
1030 3047 1145 3112 proelio)
1161 3051 1259 3113 utrique
1272 3064 1346 3098 seor·

801 3113 851 3161 sirn
865 3113 893 3161 in
906 3127 956 3162 sua
966 3115 1065 3178 quique
1076 3119 1183 3164 eastra:
1203 3116 1250 3164 ubl
1262 3111 1346 3180 lupis·

803 3179 911 3228 additur
928 3195 1022 3244 parem
1041 3182 1068 3230 in
1086 3183 1205 3240 modum,
1231 3199 1283 3247 quo
1302 3199 1345 3232 su·

801 3262 851 3311 pra
861 3247 906 3306 lV,
919 3245 966 3295 180
978 3249 1077 3298 Noster
1089 3250 1211 3314 scripsit:
1231 3243 1263 3299 ei
1274 3267 1346 3314 παρ·

801 3307 884 3390 divor
914 3304 1008 3364 adreio
1037 3313 1118 3381 δίχα
1154 3315 1345 3368 διαστᾶσαι
1408 3349 1412 3360 -

801 3396 941 3446 μαχονται
952 3375 1022 3445 πρὸς
1033 3373 1164 3449 nitidiore.
1184 3385 1274 3450 Ipsum
1285 3402 1345 3436 ver-

800 3449 863 3498 bum
882 3443 1033 3516 διέστησαν
1055 3451 1106 3501 hoe
1126 3452 1220 3502 eodem
1241 3453 1345 3516 signiti-

800 3522 864 3566 eatn
877 3520 1012 3583 reperitur
1026 3517 1215 3580 Ι,76ο111111,
1228 3519 1273 3570 18:
1292 3536 1345 3572 nee

800 3584 881 3634 aliter
893 3586 1028 3636 Isocrates
1047 3587 1079 3635 de
1097 3588 1283 3666 pugnantibus
1303 3589 1344 3650 (ia

799 3652 915 3769 Philipp.
930 3653 954 3713 ἕ.
965 3653 1008 3716 30)
1018 3671 1024 3702 z
1045 3644 1163 3712 οὐδενος
1174 3647 1345 3715 δια1ι1οντος

798 3734 884 3796 quoto
926 3714 1085 3787 διέστησαν.
1126 3724 1167 3771 lle
1192 3737 1244 3772 usn
1267 3725 1344 3773 vocis

799 3801 931 3848 εκατερος
944 3788 997 3837 vid.
1012 3795 1080 3838 nott.
1100 3790 1134 3838 ad
1147 3790 1201 3848 lll,
1216 3789 1232 3838 8
1250 3795 1278 3838 et
1296 3791 1342 3852 lX,

800 3851 838 3902 10.
880 3854 933 3902 Ριο
961 3844 1165 3921 α’γωνιζόμενοι
1189 3856 1342 3923 Sehweigh.

798 3921 893 3969 mallet
906 3910 1123 3987 ἀγωνισάμενοι.

984 4091 1049 4141 Car.
1070 4093 1156 4142 XVII.

816 4179 877 4238 ΥἘν
900 4185 988 4256 ταύτῃ
1005 4190 1040 4258 τῇ
1061 4192 1215 4260 ναυμαχίη]
1240 4195 1341 4244 Secun-

798 4256 915 4307 cundum
925 4257 1073 4309 Diodorum
1080 4261 1126 4324 XI,
1136 4259 1166 4312 13
1177 4262 1248 4312 inter
1258 4263 1342 4314 Grae·
