3074 4960
239 419 280 480 94
670 408 939 477 HERODOTI

238 612 336 674 μενος
359 587 414 654 καὶ
437 587 504 654 ταῖν
527 581 637 655 ἀλλων
650 580 817 674 Ἑλλήνων
834 603 979 676 μυεῖται·
1005 589 1060 656 καὶ
1078 583 1140 675 τήν
1156 583 1292 675 φωνήν,
1315 589 1372 674 τής

238 683 385 774 ἀκούεις,
417 690 453 756 ἐν
475 685 579 776 ταύτῃ
603 690 646 776 τῇ
667 683 749 776 ὁρτῇ
771 685 968 776 ἰακχάζουσι.
1021 684 1111 776 Πρὸς
1137 691 1241 757 ταῦτα
1267 694 1373 756 εἰπεῖν

238 785 453 878 Δημάρητον·
472 795 561 875 Σίγοι
577 815 612 857 τε
630 789 685 856 καὶ
702 791 821 878 μηδενὶ
839 785 927 881 Ille
939 786 998 858 τὸν
1015 787 1115 876 λόγον
1123 791 1250 864 ,τοῦτον
1268 798 1371 877 εἴπης.

237 883 280 976 ήν
297 887 360 978 γάρ
384 917 433 958 τοι
459 891 491 970 ἐς
509 892 645 976 βασιλέα
668 885 849 980 ἀνενειχθῇ
871 887 911 959 τὰ
936 896 1017 959 ἔπεα
1034 893 1153 978 ταῦτα,
1177 885 1372 976 ἀποβαλέεις

237 987 299 1078 τήν
317 987 480 1078 κεφαλήν·
504 997 563 1059 καί
576 1011 614 1059 σε
636 987 712 1060 οὔτε
731 988 795 1078 ἐγώ
815 989 999 1080 δυνήσομαι
1017 989 1202 1082 ῥύσασθαι,
1226 986 1297 1060 οὔτ’
1316 987 1372 1058 ἀλ-

237 1101 293 1172 λος
317 1086 509 1181 ἀνθρώπων
532 1087 612 1160 odei
637 1088 692 1172 εἷς.
746 1088 820 1161 ἀλλ’
841 1088 889 1181 ἔχ’
908 1089 1045 1181 ἥσυχος·
1064 1094 1140 1182 περὶ
1166 1093 1203 1161 di
1220 1094 1373 1182 στρατιῆς

237 1196 338 1279 τήσὸε
359 1205 469 1262 θεοῖσι
493 1191 635 1282 μελήσει.
679 1190 743 1264 Τόν
765 1194 827 1282 μὲν
852 1190 893 1280 δή
917 1197 1020 1280 ταῦτα
1043 1195 1250 1284 παραινέειν·
1275 1196 1311 1261 ἐκ
1336 1192 1372 1260 di

237 1295 299 1364 τοῦ
319 1297 493 1385 κονιορτοῦ
509 1296 564 1363 καὶ
588 1297 644 1382 τῆς
663 1298 777 1382 φωνῆς
795 1297 954 1382 γενέσθαι
977 1296 1096 1382 νέφος,
1120 1296 1175 1363 καὶ
1193 1315 1372 1383 μεταρσιω-

236 1396 301 1466 θὲν
323 1397 487 1486 φέρεσθαι
511 1397 564 1464 ε’πὶ
581 1404 771 1484 Σαλαμῖνος
796 1398 848 1464 ἐπὶ
871 1393 907 1464 nd
924 1393 1148 1484 στρατόπεδον
1165 1391 1201 1465 sd
1219 1397 1286 1464 τάν
1305 1390 1373 1467 Ἑλ-

237 1495 357 1584 λήνων.
394 1491 480 1566 oiim
506 1497 542 1566 dl
569 1492 689 1576 αὐτούς
712 1508 852 1586 μαθεῖν,
876 1493 925 1565 ὅτι
948 1493 983 1565 sd
1006 1493 1165 1566 ναυτικὸν
1186 1493 1222 1565 τὰ
1244 1499 1372 1586 Ξέρξεω

236 1593 437 1666 ἀπολέεσθαι
455 1600 575 1686 με’λλοι.
601 1636 604 1642 ‚
634 1600 746 1666 Ταῦτα
768 1597 829 1686 μὲν
853 1590 992 1678 Δικαῖος
1016 1593 1033 1667 ὁ
1059 1595 1244 1678 Θεοκύδεος
1269 1605 1371 1686 ἔλεγε,

237 1696 440 1788 Δημαρήτου
458 1726 493 1768 τε
511 1701 566 1767 καλ
584 1695 694 1768 ἄλλων
711 1697 890 1790 μαρτύρων
907 1697 1159 1787 καταπτόμενος.

236 1861 310 1912 haud
326 1861 467 1911 serendum
491 1867 518 1912 et
540 1863 568 1911 in
589 1857 705 1928 μνέεται
721 1878 777 1912 mu·
830 1862 1054 1928 epiuuedsnu.
1067 1861 1372 1912 ursatum-Paulo

237 1930 357 1980 tendum.
402 1929 480 1992 Quue
504 1935 654 1994 sequuntur
678 1931 776 1980 verbs:
831 1935 896 1980 unte
914 1925 1032 1996 βασιλέα
1050 1931 1113 1980 dedi
1130 1946 1179 1996 pre
1196 1927 1326 1995 βασιλῆα.
1340 1956 1372 1965 -

236 1990 290 2061 τήν
302 1989 416 2062 φωνήν,
434 1995 484 2062 τῆς
496 1987 623 2058 ἀκούεις,
643 1988 674 2048 ἓν
690 1989 779 2062 ταάτη
830 1998 948 2047 Verbum
975 1992 1053 2064 με’λει
1083 2013 1144 2048 eum
1167 1999 1372 2062 praepositione

237 2064 272 2130 τῇ
291 2055 360 2129 ὁρτῇ
384 2059 562 2129 ἰακχάζουσι,
594 2064 701 2116 velent:
731 2067 779 2114 λαο
829 2061 895 2128 περὶ
908 2066 1082 2115 coniunctum
1095 2066 1246 2115 invenimus
1257 2065 1302 2122 VI,
1315 2063 1371 2129 101,

235 2147 309 2195 νοτε,
329 2149 401 2198 quam
418 2135 506 2196 aredis,
528 2133 554 2181 in
571 2133 618 2183 λον
630 2133 700 2194 festo
717 2133 778 2182 Iac·
830 2133 876 2182 ubi
889 2133 1059 2183 laudavimus
1069 2133 1186 2197 Strsnge
1199 2133 1241 2182 in:
1255 2131 1371 2184 Seebod.

236 2200 305 2250 edum
315 2205 438 2256 invocant,
449 2201 516 2261 sive,
527 2205 558 2248 ut
567 2199 778 2264 Schweighaeu·
830 2205 858 2249 et
869 2200 949 2250 lehn.
962 2199 1061 2253 Annei.
1075 2201 1168 2266 Suppl.
1178 2199 1205 2249 Il
1213 2237 1219 2260 ‚
1232 2199 1257 2250 3.
1271 2216 1297 2264 p.
1312 2197 1372 2261 400,

237 2283 313 2317 serus
325 2267 457 2317 reddidit:
475 2268 521 2318 doc
532 2269 600 2317 uocis
616 2283 690 2327 εοιιο,
709 2283 780 2333 ηκτοι
831 2268 877 2332 qui
890 2269 972 2317 etium
990 2268 1042 2317 hue
1060 2269 1145 2318 refert
1162 2267 1279 2316 similem
1295 2265 1373 2316 verb'i

236 2337 316 2394 ααάλο,
329 2337 355 2385 in
367 2337 476 2385 eiusdem
483 2336 545 2397 sesti
555 2335 712 2385 sollenniter
721 2335 780 2384 Iue-
800 2394 802 2398 ι
832 2333 995 2398 φροντίζειν
1012 2341 1176 2386 structuram
1195 2335 1276 2397 VIII,
1294 2333 1328 2383 36
1346 2339 1373 2382 et

236 2404 305 2453 eleum
316 2403 453 2453 celebrant.
485 2403 551 2452 Inde
565 2395 779 2468 ἔπεξιακχάζειν
831 2403 890 2463 VII,
905 2401 963 2453 236.

237 2471 309 2536 apud
325 2471 451 2534 Aeschyl.
475 2471 549 2536 Sept.
573 2487 597 2520 e.
615 2472 701 2521 Theb.
719 2469 778 2532 632,
865 2461 896 2521 lu
919 2463 951 2520 dl
972 2468 1023 2521 τοῦ
1040 2467 1200 2534 κονιορτοῦ]
1226 2461 1258 2518 dl
1276 2485 1290 2518 e
1308 2467 1372 2518 Flo·

236 2539 282 2591 ubi
295 2537 438 2587 Blomlield
451 2540 478 2586 iu
492 2539 632 2588 Glossario
647 2538 779 2589 nonnulle
830 2545 899 2588 rent.
919 2543 1067 2588 ureeentt.
1085 2539 1143 2587 iure
1167 2542 1306 2600 receptum
1324 2551 1372 2600 pro

235 2604 357 2667 protulit.
393 2605 506 2654 'I'rulete
529 2606 681 2654 adhibltum
701 2621 778 2670 repe·
830 2599 958 2670 vulgdd.
977 2597 1371 2670 Ρτομεταρσιωθὶνίοὸοοολ.

235 2671 292 2720 rius
306 2671 377 2735 apud
389 2673 513 2736 Longum
527 2673 556 2719 in
569 2672 713 2720 Pestornll.
727 2673 776 2734 111,
830 2673 959 2736 Hermog.
976 2672 994 2723 l.
1012 2673 1030 2722 l.
1050 2678 1140 2723 exstat
1151 2668 1311 2750 μετάρσιον
1328 2685 1372 2734 γε·

238 2736 266 2784 ll
293 2729 497 2802 (λακχάσαντες
526 2735 576 2786 καλ
600 2728 777 2800 εάἀσανιες).
830 2731 965 2815 ηὸμενον,
995 2740 1114 2804 itemque
1138 2737 1299 2790 ἀπολέσθαι
1324 2753 1372 2803 pro

237 2805 383 2853 Caeterum
399 2805 451 2854 hoe
465 2821 498 2853 ex
511 2805 642 2854 llerodoti
660 2805 722 2854 loeo
734 2821 777 2854 ss·
829 2800 1015 2856 ἀπολέεσθαι.
1051 2809 1109 2858 Vox
1121 2803 1283 2872 μετάρσιος,
1301 2821 1371 2870 quse

236 2871 272 2919 tis
285 2875 376 2935 petet,
391 2871 454 2920 felli
467 2887 524 2932 eos,
540 2872 584 2936 qui
595 2873 778 2922 Athenienses
830 2873 901 2922 idem
922 2873 998 2924 valet
1016 2878 1097 2938 atque
1114 2869 1266 2939 μετέωρος,
1290 2888 1373 2937 supra

235 2937 309 2988 solos
333 2938 367 2987 sd
391 2937 535 2988 Eleusinis
558 2939 691 2989 admissos
716 2954 777 2989 esse
830 2941 1075 2998 exstslvll,188.
1110 2943 1177 2991 Inde
1195 2942 1264 2992 scite
1281 2941 1373 2990 eonte-

235 3009 370 3065 statuant,
384 3006 418 3055 ud
429 3020 498 3069 quus
509 3005 607 3070 cuique
617 3022 681 3064 vere
693 3006 777 3056 Grue·
830 3009 869 3056 uit
880 3009 967 3058 Cobet
979 3009 1156 3072 (Mnemosyn.
1165 3010 1211 3059 III.
1221 3005 1314 3074 pust)
1323 3023 1372 3073 pro

237 3089 269 3122 ce
282 3072 385 3122 homini
399 3073 489 3122 editus
501 3073 620 3138 pstebIt3
634 3074 706 3124 solos
718 3073 778 3124 ber·
828 3070 1024 3140 μεταρσιωθὲν
1034 3076 1177 3140 legendum
1188 3092 1249 3128 esse
1259 3071 1340 3141 μετιί
1345 3091 1372 3138 ρ-

236 3141 317 3190 beros
330 3141 456 3190 exclusos
473 3156 533 3191 esse
548 3145 680 3205 putamus.
716 3141 776 3192 Vid.
829 3156 906 3193 σιον
923 3135 1037 3208 ἀρθὲν
1054 3146 1094 3206 (ut
1111 3145 1140 3193 in
1152 3144 1289 3209 ArIstoph.
1302 3145 1371 3207 qu.

237 3207 267 3257 C.
280 3209 327 3258 Fr.
341 3210 495 3258 Hermann:
512 3208 721 3260 Guttesdienstl.
733 3209 778 3260 Ala
831 3209 904 3260 1362.
914 3212 979 3262 Pae.
990 3211 1042 3275 80),
1058 3227 1118 3262 curn
1129 3211 1300 3276 μεταρσιυῦν
1312 3225 1372 3262 ver-

235 3276 317 3326 lerth.
336 3276 361 3325 d.
376 3275 485 3326 Grieeh.
504 3277 527 3337 ξ.
540 3277 581 3327 31.
600 3282 656 3328 not.
674 3276 707 3326 20
725 3277 776 3326 ibi·
829 3277 892 3328 bum
916 3281 953 3328 stt
976 3279 1066 3330 melae
1091 3284 1173 3330 notus
1202 3285 1229 3330 et
1252 3279 1320 3329 vitio
1344 3278 1373 3326 in

236 3359 287 3409 que
304 3343 396 3397 leudd.
415 3343 604 3408 (ed.see.).-
623 3346 778 3396 Proximum
831 3345 1178 3397 Greeeitsten'rinveetum.
1208 3347 1248 3396 Ae
1263 3345 1371 3395 sanein

240 3401 411 3479 ἀποβαλέεις
427 3405 481 3477 τήν
500 3407 631 3478 κεφαλήν
652 3414 778 3477 Wytten-
830 3414 969 3480 Thesauro
992 3416 1074 3480 Ling.
1101 3415 1199 3464 Graec.
1222 3415 1255 3463 V.
1277 3429 1304 3478 p.
1322 3411 1372 3460 892

234 3480 316 3531 buch.
336 3480 371 3531 ud
389 3480 529 3530 Plutarch.
546 3481 655 3531 Morull.
673 3482 695 3530 1.
713 3497 776 3546 pag.
829 3483 911 3532 Dind.
925 3473 1037 3547 eruetur
1049 3483 1182 3532 Herodoti
1199 3481 1287 3531 locum
1307 3479 1373 3530 alle·

238 3547 285 3598 132
308 3564 325 3598 u
344 3549 390 3600 Gr.
407 3548 535 3599 lsudetus
554 3553 696 3614 comperet
718 3564 778 3598 uum
829 3555 925 3599 runtur
937 3555 1043 3600 tuntum
1055 3549 1110 3599 loci
1123 3549 1263 3599 Eustuthii
1281 3553 1308 3598 et
1319 3548 1373 3597 'Is-

235 3615 377 3692 Plutsrchi
390 3615 438 3678 (11.
451 3633 479 3692 μ.
495 3615 523 3666 11
537 3617 580 3680 Β.)
594 3617 667 3666 dictu
680 3617 776 3666 simili:
830 3619 912 3680 lieni,
928 3620 956 3667 In
969 3617 1067 3681 quibus
1078 3617 1130 3666 hoe
1143 3616 1256 3667 verbum
1269 3616 1371 3680 reperi-

234 3679 485 3750 τηυκεφαλήνουχ
496 3679 778 3749 ἓξειςε11.φ.101511.
828 3691 880 3734 tur.
921 3685 1053 3734 Ilerodoti
1075 3683 1314 3744 verbaiudieant,
1339 3697 1372 3732 ex

235 3749 276 3810 (in
293 3751 347 3799 vit.
365 3752 508 3802 Artaxerx.
530 3767 591 3817 cap.
606 3751 643 3816 9.)
661 3741 778 3810 ἀπολεῖς
828 3752 941 3818 pulvere
954 3752 1002 3802 illo
1012 3753 1141 3816 vocisque
1154 3767 1220 3802 sono
1233 3751 1372 3800 exstitisse

239 3840 265 3854 ν-
286 3809 339 3880 τήν
357 3811 496 3881 κεφαλ’ν.
536 3821 568 3868 In
589 3833 665 3900 seqq.
685 3820 778 3870 verbis
828 3821 927 3870 nubem
944 3835 1059 3884 eumque
1076 3820 1104 3868 in
1121 3819 1237 3870 sublime
1250 3819 1371 3869 levatum

236 3871 300 3960 οὔτε
319 3874 371 3947 ἐμοὶ
384 3911 415 3919 -
428 3834 491 3935 ells'
507 3875 591 3944 ἀλλος
613 3879 777 3950 ανθρώπων
828 3887 996 3938 Salaminem
1014 3902 1108 3936 versus
1122 3885 1175 3947 („in
1188 3889 1236 3937 der
1250 3887 1373 3949 Ηίολλνορ

236 3943 319 4002 uudl
342 3945 376 4000 sl
380 3967 393 4009 ς
406 3967 474 4028 ‚eum
498 3955 526 4002 vi
544 3955 660 4017 quedam
678 3955 706 4002 iu
723 3955 777 4004 fine
828 3956 892 4005 πτολ
908 3955 1045 4018 Salamie“)
1068 3954 1102 4003 ad
1124 3955 1186 4019 ipse
1205 3955 1372 4006 Graecorum

236 4019 358 4068 additum
374 4014 457 4070 ουδὲ
480 4014 530 4078 εἷς
548 4037 627 4072 nemo
645 4037 699 4071 non
716 4037 777 4072 sen·
829 4027 922 4071 eastre
935 4037 996 4070 esse
1009 4021 1137 4071 deletam.

235 4086 299 4146 τίεις
331 4086 426 4136 eodem
454 4087 532 4137 modo
562 4089 614 4151 lx,
638 4088 684 4138 80:
715 4079 777 4139 luel
862 4081 1036 4154 Δημαρήτου
1053 4103 1083 4138 τε
1099 4077 1371 4154 καλάλλωνμαρτά-

236 4146 358 4232 ἐσθῆτός
377 4168 408 4219 γε
425 4153 556 4218 ποικίλης
574 4149 656 4220 λόγος
668 4147 777 4221 ἐγίνετο
830 4171 886 4219 ρων
903 4151 1131 4221 καταπτόμενος]
1161 4158 1180 4206 i.
1198 4173 1222 4206 e.
1241 4159 1374 4206 Demarati

236 4215 319 4271 ουδὲ
333 4215 398 4300 sle.
828 4228 983 4290 aliorumque
996 4226 1114 4274 inuocans
1126 4226 1300 4274 testiinonium
1328 4223 1371 4272 Cf.

270 4282 315 4353 ἔχε
327 4291 441 4354 ησυχος]
456 4289 628 4340 Adiectivum
639 4290 667 4340 in
677 4291 720 4341 his
731 4290 777 4340 nd·
829 4292 880 4352 VI,
895 4289 928 4340 68
941 4297 969 4342 et
981 4292 1107 4342 Eustath.
1122 4293 1156 4341 nd
1169 4292 1212 4341 Ili.
1224 4308 1250 4356 p.
1266 4291 1327 4352 155,
1340 4289 1373 4340 '28

235 4355 606 4410 hiberiobservstLureher.
621 4359 777 4408 eitunsEu·
830 4373 851 4410 s.
873 4357 932 4421 117,
948 4359 993 4422 34,
1018 4360 1067 4410 ubi
1088 4351 1303 4424 καταπτόμενος
1325 4357 1372 4408 ille
