3066 4964
265 433 328 494 404
675 425 990 488 ΟΟΜΜΕΝΤΑΤΙΟ

264 595 294 654 ἐκ
313 592 414 654 τούτου
429 599 514 668 δῆλον
535 589 581 652 ότι
599 590 693 656 Ξύλυυ
712 599 756 652 δει·
770 590 887 666 γράφειν
902 594 950 650 κοιλ
971 588 1023 651 ούκ
1034 589 1159 662 Ὀξύλου.
1191 596 1271 660 Quae
1286 595 1398 648 diversi-

264 693 308 738 tas
329 684 445 737 nominis
467 677 561 748 Λύξου
584 690 612 735 et
632 677 727 742 Ξύλου
748 682 882 752 quomodo
904 681 1064 752 explicanda
1087 689 1115 733 et
1138 697 1202 734 num
1216 680 1249 732 ad
1271 679 1399 732 dialectos

265 769 467 840 provocandum
494 769 543 836 eit,
565 769 676 838 quaerit
691 767 874 820 Trechirner:
896 766 989 819 mihie
1009 765 1167 836 corruptela
1185 773 1274 818 ortum
1294 765 1400 817 videtur

265 861 411 924 utrumque
427 861 455 906 et
466 848 560 912 Ξύλου
576 859 604 905 et
614 845 739 919 Ὀξύλου,
755 852 875 920 indeque
886 845 980 917 Λύξου
996 867 1078 906 unum
1090 868 1183 904 rerum
1195 851 1280 904 habeo
1294 853 1399 920 δρυοτο-

265 956 320 1010 que
336 938 469 1008 appellari
487 938 612 992 existimo
627 945 732 1007 patrem
746 936 891 994 Herodoti.

349 1024 466 1078 Matrem
490 1023 591 1076 Suidaa
613 1023 631 1075 1.
654 1023 673 1076 1.
696 1028 778 1074 vocat
797 1021 883 1090 Dryo,
904 1037 983 1092 quarn
1004 1020 1079 1090 quod
1103 1020 1157 1072 alio
1174 1021 1232 1074 loco
1248 1019 1285 1088 (a.
1301 1038 1328 1075 v.
1345 1021 1401 1072 Πα-

264 1104 363 1170 νύασις
384 1108 418 1164 Τ.
435 1109 488 1160 111.
505 1127 533 1178 ρ.
551 1107 599 1175 22)
622 1106 741 1178 appellat
763 1107 850 1160 llhoeo
866 1099 985 1176 (Ῥοιό),
1006 1105 1034 1158 id
1049 1112 1077 1158 et
1090 1105 1179 1175 ipaum
1195 1123 1229 1158 ex
1249 1104 1402 1173 corruptela

265 1195 381 1248 fluxiore
397 1193 512 1246 ridetur.
529 1193 574 1244 Tu
589 1193 662 1252 conl.
679 1191 794 1245 eundem
801 1189 1039 1246 Tzachirneruml.
1049 1189 1067 1245 l.
1075 1207 1139 1260 pag.
1153 1193 1191 1245 13.
1202 1195 1242 1244 14.
1257 1189 1403 1242 Praeterea

268 1281 435 1334 Theodorum
447 1279 560 1331 fratrem
573 1277 762 1330 allectSuidae
776 1275 792 1334 l.
812 1275 829 1328 1.
847 1275 898 1345 (ll.
912 1279 936 1328 2.
949 1293 976 1345 ρ.
988 1278 1021 1328 55
1034 1275 1075 1328 ed.
1088 1275 1189 1334 Bernh.
1203 1274 1270 1327 Vitt.
1287 1275 1399 1328 Graece.

264 1365 378 1436 Scriptt.
386 1381 413 1434 p.
421 1365 456 1417 80
465 1381 524 1434 aeq.
532 1363 575 1418 ed.
583 1361 810 1436 wouterman),
822 1367 965 1429 cognatum
976 1361 1114 1430 Ρσοχστίυ,
1127 1361 1230 1430 epicum
1243 1360 1350 1430 poetam
1358 1378 1400 1412 ce·

263 1447 450 1502 leberrimumr
466 1441 610 1510 Πανύασις
622 1441 794 1516 Πολυάρχου,
806 1439 1038 1516 Ἁλικαρνασσεύς,
1047 1438 1253 1514 τερατοσκόπος
1265 1443 1314 1497 καὶ
1323 1463 1401 1514 corq-

264 1531 314 1604 τὴς
327 1527 411 1604 trev,
427 1524 458 1594 ils
473 1535 638 1605 σβεσδεῑσιιν
652 1527 704 1602 τὴν
725 1525 873 1600 ποιητικὴν
888 1523 1077 1599 ἐπανήγαγεν·
1092 1529 1195 1598 Δοῦρις
1212 1526 1242 1583 δὲ
1256 1527 1403 1590 Διοκλέους

264 1638 292 1674 τε
306 1620 395 1672 παῖδα
409 1611 549 1688 άνέγροιψε
561 1617 609 1672 καλ
620 1612 740 1688 Σάμιον,
755 1611 856 1685 ὁμοίως
865 1612 894 1669 δὲ
905 1613 953 1669 κοιλ
961 1604 1109 1686 Ἡρόδοτος
1125 1607 1292 1685 (Ἡρόδοτον
1304 1632 1401 1685 propo-

265 1705 324 1756 suit
331 1703 499 1772 wesseling.
512 1704 540 1756 in
548 1703 697 1758 Dissertat.
704 1702 807 1754 Herod.
819 1719 882 1770 pag.
894 1703 920 1755 9.
934 1701 1053 1771 itemque
1062 1701 1155 1768 lleyoe
1170 1699 1302 1752 etFunlre
1314 1699 1331 1752 l.
1343 1717 1402 1752 mox

265 1788 283 1841 l.
300 1805 362 1859 pag.
381 1791 439 1855 134,
454 1789 524 1841 Stoll
537 1788 565 1840 in
583 1786 743 1842 zeitschrift
757 1789 777 1838 1.
795 1785 1040 1844 Alterthumewiee.
1058 1788 1133 1848 1844,
1153 1789 1246 1852 nudi,
1263 1801 1326 1854 pag.
1341 1787 1401 1837 451.

266 1873 327 1926 Alia
346 1880 436 1926 tentat
451 1873 629 1926 Tzachirneri
647 1872 664 1926 1.
683 1871 700 1924 l.
719 1888 780 1940 pag.
799 1873 839 1938 10,
855 1871 902 1924 ubi
924 1870 978 1928 vid.
999 1864 1244 1944 ρ1σειι)Θυύριον·
1265 1863 1403 1938 ἱστόρηται

265 1954 296 2012 δὲ
314 1953 458 2020 Πανύασις
473 1951 624 2024 Ἡροδότου
644 1959 694 2010 τοῦ
717 1952 857 2026 ἴστορικού
878 1950 1041 2025 ἐξάδελφος·
1065 1952 1160 2025 γέγονε
1185 1949 1237 2024 γάρ
1261 1949 1403 2015 Πανύασις

267 2036 446 2113 Πολυάρχου,
462 2035 477 2096 ό
494 2035 523 2096 δ’
534 2036 684 2110 Ἡρόδοτος
698 2036 808 2112 Λύξου,
828 2042 877 2094 τοῦ
895 2035 1059 2110 Πολυάρχου
1074 2035 1214 2110 ἄδελφοῦ·
1234 2035 1306 2102 τινὲς
1323 2033 1351 2092 δ’
1368 2031 1402 2092 σύ

265 2122 369 2198 Λύξην,
384 2121 453 2181 άλλόι
467 2120 557 2198 Ῥοιό,
578 2120 629 2196 τὴν
648 2125 749 2196 μητέρα
763 2120 930 2198 Ἡροδότου,
955 2120 1134 2188 Πανυάσιδος
1154 2119 1279 2195 ἀδελφὴν
1299 2119 1404 2193 [στόρψ
1504 2159 1505 2166 ι

266 2231 328 2276 συν,
353 2206 385 2266 Ὁ
401 2208 431 2266 δὲ
445 2207 589 2273 Πανύασις
604 2209 698 2281 γέγονε
712 2205 782 2265 κατά
801 2207 852 2280 τὴν
867 2207 902 2280 oq'
917 2205 1084 2280 ὀλυμπιάδα,
1098 2205 1169 2265 κατὰ
1183 2209 1215 2265 δι’
1226 2229 1304 2272 τινας
1315 2209 1404 2282 πολλῷ

265 2292 460 2372 πρεσβύτερος·
484 2295 578 2367 γε’χονε
596 2291 649 2368 γάρ
662 2291 707 2352 ἐπὶ
723 2299 778 2351 τόν
792 2298 951 2366 Περσικῶν·
970 2290 1095 2368 ἀνῃρέθη
1110 2289 1137 2350 δ’
1153 2290 1208 2350 ind
1227 2289 1405 2365 Λυγδάμιδος

265 2385 315 2438 τοῦ
341 2385 433 2452 τρίτου
454 2377 677 2452 τυραννήσαντος
691 2375 911 2451 Ἁλικαρνασσοῦ.
940 2381 971 2435 ln
993 2397 1047 2452 quo
1068 2381 1144 2448 loco,
1166 2381 1219 2434 alia
1241 2389 1272 2433 ut
1292 2381 1404 2448 mittem,

267 2486 338 2539 qnae
353 2469 386 2522 ed
401 2466 583 2537 Panyarim*)
604 2468 698 2538 potina
714 2485 794 2538 quam
807 2467 841 2520 ad
856 2467 1025 2520 Herodotum
1041 2467 1198 2536 pertinent,
1219 2465 1246 2519 id
1264 2483 1346 2519 unum
1361 2465 1407 2517 hic
1504 2473 1505 2480 ’

267 2555 452 2623 quaerendum
475 2553 600 2621 ridetur,
622 2569 740 2623 quonam
761 2552 933 2621 cognationis
954 2551 1064 2604 viuculo
1087 2557 1204 2622 uterque
1233 2552 1319 2605 luerit
1339 2567 1405 2603 con-

267 2638 395 2690 iunctae:
414 2653 574 2708 quamquam
596 2637 640 2690 vel
663 2638 712 2690 hac
733 2638 761 2689 in
787 2655 817 2690 re
833 2637 971 2691 diversum
992 2635 1020 2688 in
1037 2635 1142 2690 modurn
1158 2637 1208 2690 iam
1224 2643 1332 2690 reteree
1346 2642 1407 2686 ata-

268 2722 356 2775 tuieae
377 2722 437 2792 ipae
452 2721 553 2775 Suidae
575 2721 652 2774 locus
668 2721 737 2774 satia
752 2721 850 2774 docere
866 2727 974 2790 puteat,
991 2740 1006 2774 e
1021 2721 1100 2774 cuius
1116 2722 1223 2788 verbis,
1240 2721 1317 2774 modo
1333 2739 1408 2773 oum-

266 2811 355 2858 mutes
376 2800 554 2868 Ποινυάσιδος
578 2799 704 2876 oidelerio
724 2806 753 2858 in
769 2800 933 2874 Πολυάρχου
951 2799 1086 2876 άδελφὴν,
1109 2806 1137 2858 id
1152 2807 1206 2859 eibi
1221 2807 1347 2859 effecisse
1363 2805 1409 2856 vi—

268 2890 349 2943 detur
370 2891 465 2957 Ileyee
488 2891 529 2944 De
544 2891 678 2946 Herodot.
696 2891 747 2944 rit.
773 2897 801 2944 et
822 2891 902 2944 itinn.
927 2908 990 2960 pag.
1010 2895 1051 2958 15,
1070 2897 1100 2943 ut
1121 2898 1170 2943 aut
1194 2891 1334 2960 patrueles
1357 2898 1412 2942 aut

267 2973 370 3026 amitini
387 2974 507 3042 luerint3
524 2975 552 3027 in
570 2992 625 3044 quo
640 2991 773 3028 aaeeneua
795 2982 837 3028 eat
854 2975 953 3028 Funke
974 2976 1088 3031 Jahrbb.
1104 2978 1124 3030 f.
1140 2975 1273 3044 Philolog.
1291 2992 1319 3030 u.
1335 2975 1411 3028 Pae—

268 3059 331 3126 dag.
360 3057 481 3110 xxxix.
509 3078 535 3129 p.
554 3063 613 3124 134,
640 3060 785 3129 utriusque
808 3060 1040 3131 propinquitatem
1059 3061 1093 3114 ad
1114 3061 1411 3130 idgeuuarevocane‚

268 3143 341 3214 quod
358 3160 409 3195 nor
425 3159 552 3198 uocemue
570 3147 812 3200 Geechroirterlind.
844 3145 993 3215 Equidem,
1015 3146 1062 3216 qui
1078 3147 1199 3198 mutandi
1214 3146 1414 3199 necessitatem

268 3228 368 3282 rurllarn
376 3246 439 3282 eree
450 3229 580 3297 arbitror,
589 3230 651 3282 huic
662 3231 827 3297 sententiae,
840 3230 1061 3302 quaePenyaeim
1073 3237 1101 3284 et
1107 3231 1277 3284 Herodotum
1289 3233 1414 3283 fratrum

269 3313 426 3384 (Polyarchi
441 3320 469 3367 et
483 3315 593 3383 Lyrae)
609 3315 681 3368 lilioa
701 3315 806 3383 reddit,
822 3315 933 3368 alteram
946 3316 1019 3385 apud
1034 3316 1144 3369 Suidem
1160 3317 1271 3369 ohetare
1287 3315 1416 3385 credam,

268 3417 301 3452 ex
317 3415 372 3470 qua
386 3399 521 3452 Herodoti
537 3406 623 3453 mater
636 3400 722 3454 fuerit
735 3399 900 3468 Panyaridia
916 3418 1010 3468 soror,
1032 3401 1151 3471 indeque
1165 3401 1301 3469 Panyaaie
1314 3401 1415 3453 Hero-

268 3483 325 3538 doti
347 3484 515 3538 avunculus:
535 3491 618 3554 atque
641 3486 710 3538 hanc
730 3485 893 3539 sententiam
914 3485 957 3540 vel
980 3493 1094 3555 propter
1113 3494 1263 3556 temporum
1281 3485 1417 3540 rationes

269 3567 302 3620 ad
318 3585 411 3622 rerum
425 3569 511 3638 magia
527 3571 657 3624 accedere
671 3577 749 3641 puto,
764 3587 843 3641 quarn
860 3571 972 3624 eandem
984 3587 1094 3640 quoque
1110 3578 1316 3642 proposuerunt
1329 3570 1416 3624 Nae-

268 3651 332 3704 lrius
347 3653 382 3706 ad
396 3653 518 3708 Choerili
532 3656 628 3724 fragm.
643 3663 671 3709 et
689 3656 857 3709 Tzaohirner
868 3654 1033 3724 Panyaaidia
1047 3656 1181 3724 Fragram.
1196 3673 1260 3727 pag.
1274 3659 1317 3709 14.
1347 3655 1417 3719 Qui

268 3737 339 3790 idem
360 3739 434 3807 quod
448 3739 561 3794 alterum
577 3740 722 3808 Panyaairn
740 3740 870 3811 proponit
882 3741 1010 3794 minorem
1026 3745 1107 3807 natu,
1121 3739 1287 3810 Panyaeidia
1304 3741 1419 3810 po‘e'tae

337 3951 363 4016 ²¹)
382 3953 424 4003 De
442 3953 595 4019 Panyaside
612 3957 694 4020 polita
710 3959 772 4021 post
789 3955 946 4006 Fabricium
965 3957 993 4007 in
1005 3955 1078 4008 Bibl.
1093 3957 1192 4008 Graec.
1210 3957 1232 4007 I.
1246 3973 1272 4022 p.
1284 3955 1334 4008 734
1346 3971 1419 4024 aeq.

270 4019 363 4086 plurea
375 4028 559 4086 exposuerunt
572 4025 686 4074 excitati
699 4039 715 4072 a
728 4023 908 4074 Taechirnero
921 4024 938 4074 l.
952 4024 970 4074 1.
984 4042 1009 4091 p.
1023 4026 1046 4075 2.
1073 4027 1115 4076 Tu
1127 4025 1181 4076 vid.
1194 4027 1368 4092 potissimum
1383 4027 1419 4079 J.

270 4086 388 4138 Trandr:
410 4087 545 4152 Panyasis
562 4090 655 4141 Helio.
674 4091 860 4157 symporiaoua
885 4093 1000 4147 Graece.
1024 4097 1114 4159 podta.
1142 4093 1266 4160 Upeulae
1287 4091 1361 4144 1833.
1386 4097 1418 4146 4.

271 4156 302 4205 Ρ.
316 4155 492 4206 Trachirner:
511 4157 553 4207 De
570 4158 735 4224 Panyaeidis
751 4157 844 4209 Helio.
863 4161 937 4226 epici
955 4163 1054 4226 politae
1072 4165 1131 4212 vita
1149 4167 1177 4212 et
1189 4161 1321 4212 carminn.
1336 4162 1370 4210 P.
1389 4163 1419 4212 1.

271 4223 418 4275 Vratialav.
437 4221 510 4274 1836.
529 4225 544 4274 4
562 4231 643 4290 atqua
660 4227 797 4294 inprimia:
816 4227 979 4291 Panyaeidia
992 4229 1202 4280 Halicarnaaaei
1219 4228 1418 4280 Heracleadis

270 4291 447 4354 Fragmenta.
472 4291 634 4344 Praemieeie
646 4295 681 4345 de
693 4295 857 4359 Panyasidiu
869 4297 927 4347 vita
940 4303 967 4345 ot
980 4298 1147 4348 carminibus
1163 4297 1416 4348 commentationi-

271 4357 322 4406 bua
336 4358 377 4408 od.
396 4358 511 4408 Piatoth.
530 4359 701 4411 Tusohirner.
718 4363 867 4414 Vratieluv.
887 4361 959 4414 1842.
977 4366 1001 4414 4.
1025 4365 1071 4417 Fr.
1084 4365 1132 4416 Ph.
1146 4365 1273 4416 Funclre:
1293 4365 1338 4413 De
1350 4365 1417 4416 Pa-

272 4424 394 4488 nyaaidie
406 4425 499 4475 Helio.
512 4427 570 4476 vita
583 4441 616 4476 ac
628 4429 716 4492 poesi.
740 4429 825 4481 Bonn.
842 4429 913 4481 1837.
927 4429 952 4481 8.
