3026 4970
241 411 303 474 296
678 399 946 462 HERODOTI

233 574 263 668 ἡ
283 580 323 648 δέ
338 581 405 647 ἐστι
422 571 486 648 dard
503 577 564 646 τοῦ
578 570 730 644 Ἀσωττου
745 569 801 642 καὶ
818 576 875 662 τῆς
893 569 1019 664 κρήνης
1034 576 1092 660 τῆς
1102 581 1307 664 Γαργαφίης,
1328 567 1384 643 ἐπ’

239 669 265 770 ᾖ
289 675 603 768 ἐστρατοπεδεύοντο
626 673 717 764 τότε,
743 677 824 745 δίκα
847 681 1003 756 σταδίους
1027 671 1211 765 ἀπέχουσα,
1236 671 1384 763 πρὸτῆς
1490 677 1491 684 '

242 781 438 851 Πλαταιέων
454 776 574 860 πόλιος.
593 782 694 866 νῆσος
713 778 749 847 δὲ
766 774 854 847 οὕτω
871 771 913 846 ἂν
926 786 976 864 τίη
989 771 1174 870 ἐνήττείρῳ·
1193 774 1384 867 σχιζόμενος

242 978 348 1032 monuit
363 977 386 1038 §-
399 975 450 1026 470
462 981 519 1026 not.
548 975 668 1026 Verbum
683 971 785 1040 διέχων
837 972 996 1037 neationes,
1022 988 1071 1024 eas
1094 989 1187 1024 omnes
1208 973 1269 1038 plns
1291 973 1383 1024 minus

243 1047 272 1110 (i.
287 1061 311 1096 a.
323 1060 464 1109 separans,
477 1042 606 1106 dirimens)
620 1043 701 1092 affert
712 1043 786 1093 Tho·
837 1042 925 1094 falsas
939 1056 998 1092 cese
1012 1041 1142 1091 observat
1150 1042 1239 1090 liruse
1252 1041 1269 1090 l.
1283 1041 1302 1091 l.
1315 1058 1382 1107 pag.

241 1129 301 1164 maa
313 1113 387 1178 Mag.
401 1127 424 1162 s.
438 1129 463 1160 v.
478 1106 566 1176 διέχει
579 1126 642 1175 pag.
658 1109 713 1160 134.
738 1110 784 1160 Sic
836 1108 895 1159 492.
925 1109 958 1160 ld
971 1109 1041 1174 quod
1053 1109 1177 1174 inprimis
1190 1109 1266 1158 cedit
1278 1110 1307 1158 in
1320 1125 1385 1159 eam

241 1181 400 1231 Alcibiades
421 1179 522 1228 dicitur
546 1171 697 1242 διασχὼν
719 1169 785 1234 τοὺς
836 1177 916 1226 huius
934 1177 1055 1241 regionis
1073 1176 1216 1242 campique
1232 1175 1384 1226 Plataeen-

242 1246 395 1305 πλουσίους
423 1242 472 1296 καί
502 1238 638 1308 ἐνδόξους
667 1235 787 1307 ἐραστὰς

244 1315 316 1382 apud
328 1313 468 1364 Plutarch.
482 1314 537 1363 Vit.
547 1312 637 1362 Alcib.
649 1311 673 1373 4,
688 1312 735 1361 uhi
747 1313 786 1362 di·

242 1384 351 1434 rissendi
360 1382 437 1432 notio
449 1382 550 1431 transit
564 1381 593 1430 in
605 1378 786 1444 significatio-

242 1465 305 1500 nem
321 1450 472 1500 remouendi.
508 1448 572 1498 Alia
593 1447 648 1496 vid.
669 1447 698 1496 in
715 1447 786 1495 The·

241 1533 324 1568 saaro
342 1517 423 1580 Ling.
444 1515 543 1566 Graec.
562 1516 599 1566 11.
619 1531 645 1580 p.
661 1513 724 1563 1454
743 1513 785 1563 ed.

243 1583 371 1634 Dindort'.
389 1608 422 1619 —
445 1583 505 1632 Hoc
527 1587 618 1632 autem
640 1581 716 1639 loco,
739 1581 786 1632 ubi

243 1650 417 1702 Plataeenais
440 1663 548 1716 pugnae
571 1650 671 1714 incipit
692 1663 787 1698 narra·

241 1719 299 1780 tio,
322 1717 395 1767 haud
414 1717 532 1767 alienum
551 1718 603 1766 erit
619 1731 730 1768 monere
747 1715 786 1765 le-

243 1790 348 1846 ctores,
367 1784 401 1834 ad
414 1799 462 1848 ea,
482 1799 553 1848 quac
570 1783 604 1834 de
621 1783 684 1848 ipsa
696 1798 788 1848 pugna

242 1853 380 1916 locisque,
405 1851 549 1915 inquibus
567 1855 718 1915 pugnaturn
737 1856 786 1912 est,

245 1918 317 1984 apud
346 1917 513 1968 Herodotum
541 1917 704 1982 produntur,
734 1917 786 1966 rite

243 1985 425 2050 intelligenda
454 1985 565 2034 multum
594 1985 689 2035 facere
713 1983 788 2033 docti

243 2053 328 2118 Angli
345 2051 457 2114 librum,
476 2053 522 2117 qui
537 2052 710 2102 inscribitur:
733 2051 786 2100 To·

243 2117 788 2238 tttttltt”sithilia'tlt

244 2255 299 2306 aad
316 2255 363 2304 the
381 2225 467 2305 Rriins
484 2255 515 2304 oi
529 2254 574 2304 the
593 2253 657 2317 City
673 2202 786 2312 onyiis,

243 2323 281 2440 hp
293 2321 361 2372 lobn
374 2321 496 2388 Spencer
508 2321 656 2386 Stanhope.
673 2320 787 2371 Londoa

244 2390 257 2440 1
282 2389 318 2440 17.
331 2388 361 2453 8,
382 2389 484 2440 additis
500 2388 579 2440 simul
598 2389 705 2454 mappis
722 2405 785 2454 geo·

243 2457 384 2523 graphicis
396 2459 480 2508 totius
492 2457 614 2522 regionis
626 2455 788 2506 delineatio·

243 2540 292 2576 nes
317 2525 523 2586 exhibentibus,
550 2523 584 2574 ad
609 2539 676 2589 quaa
700 2523 788 2573 editor

241 2593 328 2657 opera
355 2591 491 2642 Allasonii
521 2593 692 2657 potissimum
722 2605 787 2640 usus

245 2675 305 2709 esse
323 2659 422 2708 fertur:
443 2659 480 2708 ct.
496 2659 580 2707 etiam
592 2659 732 2708 Letronne
746 2658 786 2706 in:

242 2725 359 2776 Journal
380 2726 406 2774 d.
424 2725 530 2775 Savaria
551 2723 623 2774 1817.
645 2740 710 2790 pag.
728 2723 786 2774 720.

244 2793 322 2852 Quae
344 2792 373 2841 in
398 2792 447 2842 illo
468 2791 539 2842 libro
561 2791 705 2842 exhibetur
725 2791 787 2840 Pla-

243 2860 367 2908 taeensis
384 2858 511 2924 planitiei
524 2858 706 2919 adumbratio,
727 2874 787 2908 earn

244 2927 347 2990 repetit
364 2926 452 2974 Kruse
470 2923 560 2986 (cuias
576 2927 630 2975 vid.
649 2925 728 2975 Atlas
745 2941 786 2976 nr.

244 2993 291 3042 vl.
311 2991 373 3042 coll.
386 2991 461 3042 Hell.
474 2992 515 3056 11,
532 2991 554 3042 l.
567 3009 630 3058 pag.
644 2991 702 3042 591.
716 2991 786 3056 492),

244 3059 345 3125 quippe
371 3060 504 3124 optimam
530 3075 578 3109 suo
606 3059 722 3123 iudicio,
758 3061 787 3110 in

244 3143 311 3192 qua,
337 3141 514 3192 quaeeunque
531 3127 687 3178 Herodotus
708 3143 786 3178 enar·

245 3198 299 3256 ret,
314 3195 384 3244 bene
397 3195 514 3245 inveniri
526 3195 640 3260 possint.
664 3195 786 3246 Eandem

244 3277 364 3328 quoque,
393 3263 489 3328 paucis
514 3263 676 3328 quibusdam
700 3267 786 3313 muta-

244 3331 294 3392 tis,
308 3329 432 3380 exhibuit
445 3330 532 3392 (laih,
552 3331 629 3380 cuius
641 3330 696 3380 vid.
709 3330 787 3382 Atlas

244 3397 353 3464 planch.
366 3395 400 3447 26
416 3397 480 3448 οοΙΙ.
494 3398 615 3462 Analyse
628 3397 676 3448 des
689 3397 787 3450 Cartes

152 3501 160 3516 .
243 3481 307 3530 pag.
322 3465 364 3514 27.
383 3466 422 3515 Le
440 3465 571 3530 philolog.
591 3466 636 3516 IV.
655 3481 719 3532 pag.
737 3465 788 3515 279

244 3547 319 3597 seqq.
332 3533 364 3582 V.
378 3549 442 3598 pag.
458 3531 506 3582 190
516 3549 572 3598 seq.
588 3532 637 3582 195
649 3549 724 3598 seqq.
737 3531 788 3583 226

244 3615 321 3666 seqq.
345 3600 395 3652 273
412 3615 489 3665 seqq.
519 3601 586 3666 Agri
603 3601 786 3664 Plataearum,

244 3667 364 3732 itemque
392 3667 485 3734 oppidi
517 3669 603 3733 ipsius
631 3674 658 3719 et
686 3684 787 3731 eorum,

244 3750 314 3798 quae
334 3740 412 3784 entra
433 3735 561 3800 oppidum
583 3737 638 3786 sita
655 3740 719 3786 sunit
735 3753 787 3786 me·

244 3808 351 3852 moratu
361 3802 452 3864 digna,
463 3803 677 3867 descriptionem
689 3819 703 3853 e
713 3809 788 3854 vete·

244 3883 301 3918 rum
315 3868 477 3933 scriptorum
494 3868 563 3920 locis
576 3869 700 3920 exhibuit
711 3871 787 3920 Frid.

244 3935 393 3987 Miinscher
414 3936 443 3984 in
463 3943 666 4000 programmate
685 3938 727 3987 De
745 3954 787 3988 re-

162 4044 165 4050 .
244 4003 295 4054 bas
304 4001 511 4052 Plataeensium
521 4005 632 4060 (lianau
644 4004 786 4070 l8ll)pag.

243 4068 337 4130 3-10,
349 4069 508 4133 addiditque
518 4071 602 4121 etiam
612 4071 735 4122 tabulam
745 4088 787 4122 se-

245 4137 362 4186 cundum
380 4141 503 4185 veterum
520 4139 681 4202 scriptorum
695 4145 787 4192 aucto·

246 4203 355 4252 ritatem
368 4201 547 4256 delineatam.
575 4205 652 4268 Quae
666 4212 730 4257 ante
743 4209 789 4258 do-

246 4277 350 4320 ctorum
373 4270 480 4322 illorum
504 4273 651 4338 anglorum
677 4291 788 4341 operam

245 4338 406 4390 terebantur
424 4341 514 4405 campi
528 4339 702 4394 Plataeenais
720 4343 788 4394 deli·

837 1245 875 1294 ais
887 1243 1114 1305 delineationem,
1135 1258 1216 1310 quam
1233 1243 1384 1293 celeberri-

838 1327 895 1362 mus
918 1310 1128 1374 Barthelemyus
1151 1311 1181 1360 in
1204 1326 1286 1376 opere
1311 1312 1385 1360 satis

837 1378 964 1445 vulgato,
984 1378 1055 1442 quod
1067 1377 1228 1428 inscribitur
1239 1378 1386 1428 Anachar-

838 1447 891 1508 sis,
923 1445 1062 1508 cahibuit,
1092 1445 1210 1495 testibus
1231 1446 1332 1496 Krusio
1356 1451 1395 1495 et

838 1513 959 1574 Clarkio,
967 1513 1106 1562 cuiusvid.
1118 1513 1233 1563 Trarels
1244 1512 1311 1574 11,3.
1319 1529 1384 1578 cap.

838 1581 888 1630 111.
899 1598 923 1646 p.
932 1578 964 1628 78
977 1595 1034 1644 seq.
1054 1579 1108 1642 Qui
1121 1580 1192 1630 idem
1205 1585 1338 1630 accurate
1352 1581 1385 1630 il·

838 1647 892 1697 lam
910 1648 1050 1712 regionem
1072 1661 1198 1697 emensus
1223 1647 1294 1712 apud
1312 1647 1386 1696 indi-

838 1730 924 1832 genas
942 1713 1032 1763 adhuc
1054 1730 1164 1780 pugnae
1185 1714 1386 1765 celeberrimae

853 1798 941 1832 amam
960 1783 1118 1832 conservari
1139 1782 1250 1843 asserit,
1277 1797 1310 1831 ex
1329 1797 1387 1847 qua

839 1851 923 1900 etiam
948 1864 1072 1914 campum
1098 1849 1245 1913 quendam,
1274 1851 1303 1899 in
1330 1865 1386 1915 quo

838 1917 905 1967 olim
917 1921 1068 1982 pugnatum
1082 1917 1180 1980 fuerit,
1200 1917 1325 1966 indicare
1339 1934 1384 1967 ao-

837 1983 914 2035 leant
932 1989 1074 2034 extensum
1092 1984 1127 2033 ab
1145 1999 1178 2034 eo
1190 1985 1276 2048 Asopi
1289 1991 1385 2050 ponte,

838 2053 884 2116 qui
896 2063 969 2100 nunc
979 2052 1091 2102 Marsae
1104 2055 1226 2115 vocetur,
1239 2067 1300 2101 curn
1312 2051 1386 2102 Tbe-

837 2119 879 2168 bis
899 2119 928 2168 ia
944 2118 1164 2184 Peloponnesum
1185 2120 1242 2170 sive
1260 2120 1386 2170 blorcam

838 2185 1076 2251 proficiscentibus
1088 2186 1258 2251 superandus
1270 2187 1321 2250 sit,
1340 2203 1386 2237 ns-

840 2267 891 2316 que
905 2253 1059 2303 adsacrum
1076 2269 1154 2318 quem
1168 2253 1311 2318 appellant
1324 2254 1386 2304 ion·

838 2325 894 2370 tem
911 2320 1046 2384 hodieque
1068 2322 1252 2386 superstitem.
1288 2322 1386 2372 Distat

839 2385 886 2437 ille
897 2387 975 2438 locus
988 2403 1069 2438 unum
1082 2387 1200 2440 milliare
1213 2404 1230 2438 a
1242 2389 1306 2438 vico
1320 2389 1385 2440 Pla·

839 2461 907 2504 tane
924 2457 1140 2520 septentrionem
1159 2459 1186 2506 et
1203 2455 1337 2506 orientem
1350 2458 1387 2506 ai-

839 2522 895 2572 mul
918 2537 1028 2584 versum
1052 2523 1134 2587 inqua
1157 2539 1190 2573 eo
1212 2523 1298 2574 multa
1316 2524 1386 2574 ferri

838 2589 977 2656 plumbire
1008 2590 1164 2656 fragmenta
1193 2589 1282 2640 adhuc
1307 2591 1385 2642 inve·

838 2658 951 2707 niuntar
968 2656 1003 2706 ab
1021 2657 1135 2720 incolis,
1160 2658 1206 2723 qui
1224 2673 1257 2707 ex
1274 2673 1306 2708 eo
1324 2660 1384 2724 ipso

838 2723 918 2775 simul
929 2730 1011 2790 atque
1022 2740 1055 2774 ex
1065 2725 1168 2790 insigni
1178 2725 1256 2775 buius
1265 2724 1321 2776 loci
1332 2727 1386 2777 icr-

839 2791 941 2842 tilitate
957 2807 1035 2841 suam
1049 2793 1204 2858 opinionem
1219 2793 1290 2842 tueri
1303 2809 1385 2858 qnam

838 2861 956 2909 maxime
979 2859 1097 2910 student.
1136 2860 1194 2910 Nec
1216 2874 1283 2910 sane
1305 2862 1394 2925 quid--

840 2941 919 2992 quam
938 2941 999 2977 esse
1016 2927 1075 2992 ipse
1094 2925 1332 2991 tucionensis,
1350 2945 1385 2979 ex

839 3009 890 3059 quo
914 2994 949 3043 ab
974 2993 1073 3044 incolis
1097 2994 1169 3044 salso
1190 2995 1275 3045 stetui
1297 3009 1384 3062 appa-

838 3067 907 3111 reat.
937 3061 999 3111 vid.
1013 3061 1031 3112 l.
1044 3061 1063 3111 l.
1077 3078 1103 3127 p.
1117 3060 1150 3111 84
1162 3077 1220 3126 seq.
1247 3062 1327 3128 Ipsus
1340 3079 1385 3114 ur·

838 3129 881 3178 bis
891 3130 994 3180 veteris
1007 3129 1100 3180 ruinas
1113 3129 1185 3179 idern
1197 3129 1295 3180 scribit
1307 3129 1383 3197 (pag.

837 3195 871 3246 86
888 3197 957 3262 seq.)
981 3213 1011 3247 se
1029 3197 1171 3248 invenisse
1191 3197 1220 3247 in
1237 3197 1298 3248 loco
1317 3213 1384 3264 quo·

838 3264 900 3313 dam
914 3263 1089 3315 Cithaeronis
1101 3265 1239 3329 proiecto,
1254 3265 1298 3314 cui
1311 3280 1385 3316 nunc

838 3347 936 3382 nomen
946 3332 1158 3392 Paeneo-Castro,
1169 3337 1289 3382 remotas
1300 3347 1385 3384 unum

839 3399 997 3450 milliarium
1021 3416 1038 3450 a
1059 3400 1122 3450 vico
1141 3398 1227 3449 Coela
1248 3399 1383 3463 (chbic),

839 3468 886 3532 qui
898 3468 977 3517 unius
990 3467 1073 3518 borae
1086 3467 1185 3516 itinere
1197 3467 1284 3518 distat
1295 3468 1384 3518 avico

838 3535 971 3596 Platana;
1007 3549 1077 3598 quac
1106 3535 1204 3584 ruinae
1239 3535 1385 3599 grandium

839 3602 974 3653 moenium
992 3601 1172 3652 fundamenta
1191 3602 1328 3667 praebent
1349 3619 1384 3654 ac

839 3675 1004 3720 structuram
1016 3669 1097 3719 valde
1111 3668 1214 3730 nedem,
1227 3669 1298 3720 unde
1311 3671 1385 3722 inter

840 3737 1032 3802 Cyclopiorum
1050 3737 1095 3800 qui
1107 3737 1236 3786 dicuntur
1246 3751 1384 3788 murorum

839 3803 970 3872 reliquias
988 3804 1112 3854 exhibuit
1129 3819 1235 3870 quoque
1247 3805 1382 3855 Dodnell.

839 3873 867 3920 in
885 3887 968 3937 opere
985 3873 1096 3938 saepius
1111 3877 1176 3922 ants
1190 3871 1313 3924 laudato.
1343 3872 1383 3922 Ac

839 3939 908 3989 nihil
920 3954 987 3990 sane
1000 3939 1111 3988 dubium
1123 3954 1196 3989 nunc
1209 3954 1270 3989 ease
1283 3944 1383 4004 potest,

840 4022 909 4072 quae
933 4023 1016 4072 prope
1037 4007 1126 4056 vicum
1147 4006 1250 4058 Kokbla
1270 4007 1299 4057 in
1321 4007 1383 4058 loco

839 4073 948 4140 paulum
960 4075 1043 4138 edito,
1054 4089 1106 4139 quo
1116 4075 1195 4139 ipsae
1206 4074 1383 4126 Cithaeronis

839 4141 1014 4193 declivitates
1041 4142 1069 4191 in
1091 4141 1237 4208 planitiem
1257 4141 1381 4203 tendunt,

839 4209 1015 4261 inveniuntur
1022 4210 1098 4260 urbis
1109 4213 1236 4260 vetustae
1246 4211 1384 4260 moenium

838 4277 960 4342 vestigia
985 4277 1094 4344 aliaque
1119 4277 1231 4338 rudera,
1262 4277 1297 4328 ad
1320 4277 1383 4328 Pla·

839 4346 993 4395 taeensium
1006 4347 1114 4410 arbem,
1133 4347 1186 4396 hoc
1203 4345 1265 4398 loco
1278 4349 1381 4396 exstru-
