3074 4960
507 453 711 516 URANIA.
735 457 824 517 VIII.
852 465 909 520 104.
931 469 991 520 105.

1254 467 1314 527 155

180 629 254 704 δεος
272 625 490 713 ἐπαμμένους,
510 623 696 714 ἐκτάμνων,
714 621 858 714 ἀγινέων
876 625 999 697 έπάίεε
1018 631 1050 710 ἐς
1063 628 1190 717 Σάρδις
1207 658 1243 700 τε
1260 635 1315 702 καὶ

125 805 127 808 ¹
168 721 315 812 Ἔφεσον
331 724 507 814 χρημάτων
523 723 685 815 μεγάλων.
722 725 811 817 παρά
832 725 895 818 γάρ
916 744 1002 798 τοῖσι
1020 727 1216 820 βαρβάροισι
1233 761 1315 821 τιμι-

179 823 300 914 ωτεροί
315 833 378 896 είσι
396 832 431 896 ol
446 824 617 917 εὐνοῦχοι,
642 835 769 910 πίστιος
788 834 899 899 είνειια
915 833 973 918 τῆς
991 828 1113 919 πάσης,
1139 835 1207 902 τοῖν
1226 829 1335 924 ένορ-’

178 935 269 1016 χίων.
306 923 427 1008 άίλους
444 956 479 998 τε
499 926 540 1016 δὴ
561 928 748 1011 Πανιώνιος
767 933 898 1020 ἐξέταμε
915 929 1068 1020 πολλοὺς,
1089 928 1146 1002 ἅτε
1163 931 1315 1024 ποιεάμε-

178 1055 235 1108 νος
262 1031 298 1097 ἐκ
323 1027 443 1098 τούτου
469 1027 530 1118 τὴν
557 1029 636 1119 ζόην
659 1033 715 1100 καὶ
735 1029 775 1119 δὴ
794 1033 995 1102 αα1τοῦτον.
1031 1033 1105 1122 καὶ,
1132 1029 1173 1102 ori
1195 1031 1259 1125 γάρ
1277 1032 1317 1105 τά

177 1127 285 1199 πάντα
312 1128 490 1219 ἐδυστύχεε
515 1126 533 1200 ὁ
556 1125 761 1222 Ἑρμότιμος,
788 1129 978 1203 άπιανὲεται
1005 1136 1041 1204 ἐκ
1066 1137 1134 1205 των
1157 1141 1317 1227 Σαρδίων

177 1295 222 1344 nis
238 1286 296 1344 άπὸ
314 1295 342 1346 in
359 1296 451 1346 verbis
468 1285 522 1346 εἶπ’
544 1291 633 1362 ἐργων
654 1289 720 1351 άνο·

178 1354 320 1412 σιωτάτων
337 1362 383 1424 (eu
399 1380 477 1428 opere
494 1367 659 1432 iniquissimo,
677 1371 720 1416 bn-

176 1429 427 1497 probiseimoiatiigi
440 1433 474 1482 ad
486 1433 532 1496 lv,
546 1433 588 1484 22.
601 1434 665 1490 Vll.
678 1433 720 1484 28.

177 1497 218 1546 Ad
233 1498 303 1548 haec
317 1492 385 1563 ἔργα
402 1492 580 1550 dresserum
590 1503 660 1566 quod
670 1501 722 1551 No·

176 1570 235 1614 ster
249 1565 336 1616 refert
352 1559 406 1630 τὴν
423 1558 558 1632 ἐντομὴν,
580 1569 653 1618 idem
670 1569 720 1629 111,

177 1631 210 1680 49
220 1631 294 1694 (coll.
306 1634 353 1694 VI,
366 1633 391 1684 9.
397 1633 440 1696 3⁶2)
450 1635 519 1684 dicit
530 1633 646 1702 πρῆγμα
655 1628 722 1686 άπά-

177 1699 296 1750 σδαίον.
313 1701 344 1750 ln
354 1702 474 1766 proxime
484 1703 661 1768 sequentibus
670 1719 719 1768 pro

178 1759 325 1828 ἐκτάμνων
336 1769 429 1819 Naber
443 1770 471 1818 in
483 1771 653 1834 Mnemosyn.
666 1771 717 1821 III.

177 1851 203 1900 p.
220 1833 279 1885 301.
296 1833 344 1884 481
363 1838 505 1902 proposuit
521 1828 663 1901 ἐκταμάν,
686 1855 719 1888 ac

176 1901 259 1967 psulo
269 1908 353 1952 antea
363 1904 391 1952 in
400 1904 505 1953 verbis:
519 1904 636 1970 μεγίστη
648 1905 720 1964 τίσις

178 1962 199 2034 ἥ
205 1967 246 2033 δη
266 1959 439 2033 α’δικηδέντι
462 1962 572 2035 ἐγένετο
590 1973 718 2038 Burgese.

176 2037 302 2106 Prolegg.
320 2039 349 2086 in
360 2039 513 2100 Thucydid.
526 2055 590 2104 pag.
606 2039 654 2090 195
670 2057 719 2106 pro

176 2093 234 2169 ἥδη
251 2105 334 2154 scribi
353 2105 411 2154 vult
424 2099 475 2171 δή;
485 2113 620 2158 -neutrum
633 2109 720 2158 edito·

176 2187 220 2221 res
233 2173 401 2222 recentiores
413 2179 590 2238 receperunt,
603 2191 655 2226 nec
669 2192 721 2241 ego

176 2239 363 2304 recipiendum
376 2240 450 2290 duxi.
487 2241 665 2292 Locutionem
679 2241 718 2292 εί-

177 2304 242 2364 δεος
255 2297 434 2371 ἐπαμμένους
447 2310 530 2373 attigi
543 2309 578 2359 sd
590 2311 616 2369 1,
632 2309 679 2360 199
692 2317 720 2360 et

177 2373 287 2424 crudele
304 2374 378 2424 istud
390 2377 528 2439 negotium
542 2378 720 2427 exscindendi

177 2441 312 2504 genitalis
330 2439 378 2507 pe'r
394 2443 486 2493 Asism
505 2443 663 2494 factitatum
685 2445 719 2495 sd

176 2501 225 2570 III,
238 2507 280 2558 48.
294 2510 340 2568 Vl,
357 2507 394 2560 19.
408 2509 449 2560 32.
472 2512 515 2560 De
529 2511 617 2561 forma
630 2503 716 2575 ἐπαμ-

175 2569 279 2640 μένους
289 2577 483 2627 coni.Bredov.
511 2577 621 2643 sg.29⁴2.
644 2580 717 2629 Eeu·

175 2643 237 2694 dem
255 2643 370 2693 formam
387 2659 422 2693 uu
443 2661 473 2694 er
486 2594 574 2695 goher
591 2647 717 2706 (inMne-

175 2725 278 2774 mosyu.
292 2711 349 2762 XV.
366 2728 392 2777 p.
407 2711 419 2760 l
457 2711 466 2774 )
483 2712 512 2762 in
529 2712 643 2764 Stobaei
656 2713 718 2764 Flo-

175 2777 255 2844 rileg.
274 2779 403 2840 LXXIX,
421 2779 454 2828 52
473 2785 548 2830 recte
566 2782 716 2844 revocarit,

175 2861 223 2910 pro
241 2844 421 2910 νυ1ρ.“δείας
438 2837 541 2912 φάσιος
562 2841 717 2914 πεπαμέ-

176 2927 236 2987 vop
249 2915 373 2963 scribens
386 2904 558 2979 ἐπαμμένον.

209 2975 332 3046 αγινέων
345 2972 448 3032 ἐπάίεε
461 2973 490 3039 ἐς
503 2976 613 3044 Σάρδις
626 2998 656 3034 τε
668 2979 718 3034 καί

167 3037 293 3112 Ἐφεσσν
310 3043 461 3114 χρημάτων
476 3042 616 3116 μεγάλων]
635 3053 719 3102 Duce-

174 3115 218 3165 δαί
234 3117 276 3166 ille
293 3115 353 3166 scil.
368 3133 465 3181 pueros
481 3125 609 3168 castratos
620 3119 719 3170 Sardes

178 3183 363 3248 Ephesumque,
386 3183 429 3234 ubi
445 3200 490 3235 eos
505 3186 581 3236 mullei
598 3189 719 3237 uenderet

173 3251 289 3316 pecunia.
305 3249 428 3316 Utroque
439 3253 510 3302 enim
519 3253 580 3303 loco
590 3269 718 3318 magnum

174 3333 314 3368 servorum
325 3323 408 3383 atque
418 3320 601 3370 eunuchorum
612 3322 665 3371 luit
677 3322 717 3372 io-

174 3401 233 3434 rum
247 3386 492 3452 commerciumque
508 3388 536 3436 in
548 3389 641 3438 varias
653 3389 717 3439 inde

174 3453 315 3503 interioris
337 3455 501 3519 praesertim
519 3455 601 3506 Asiae
624 3460 717 3520 partes

174 3519 360 3571 deductorum.
400 3523 432 3572 Iu
456 3537 485 3571 se
506 3538 531 3586 q.
555 3538 569 3572 e
593 3522 718 3588 pluribus

176 3587 253 3637 codd.
266 3579 480 3653 δοδίένορχίων
489 3539 533 3647 ἐπί
544 3589 591 3648 VI,
603 3589 656 3653 32),
669 3591 717 3640 ubi

175 3655 223 3704 alii
236 3646 383 3720 ένορχέων.
402 3657 444 3706 'Iu
457 3657 638 3708 νίδ.11τοδον.
652 3673 715 3722 μσς.

173 3721 232 3772 298.
268 3722 309 3772 Ad
327 3738 406 3787 quem
423 3724 513 3774 locum
529 3725 600 3775 hsec
614 3725 717 3774 adseri-

175 3791 230 3854 psit
245 3791 273 3839 V
274 3790 437 3842 alchenar.
458 3791 535 3852 „Cur
547 3797 638 3842 autem
651 3793 716 3842 Per·

175 3873 222 3906 sse
233 3847 388 3922 εάνοάχσυς
398 3849 517 3909 ἐποίουν
524 3851 592 3918 τούς
603 3853 716 3919 ναίους,

174 3925 308 3975 rationem
322 3925 412 3976 reddit
423 3927 504 3976 Dion.
516 3926 655 3991 chrysost.
670 3929 717 3978 Or.

174 3991 233 4041 XX.
251 4007 314 4058 pag.
329 3992 417 4044 2703.
435 3994 490 4044 vid.
503 3993 605 4046 Herod.
617 3994 669 4052 Vl,
684 3995 718 4046 32

174 4059 293 4110 Brisson.
313 4059 355 4109 De
373 4075 449 4126 regn.
467 4062 542 4112 Pers.
560 4062 596 4113 11.
614 4079 639 4126 p.
656 4062 716 4113 295.

175 4127 207 4175 ln
219 4125 272 4177 bac
285 4126 415 4188 historia,
432 4133 544 4194 propter
561 4129 716 4180 crudelissi-

174 4209 255 4258 mam,
268 4211 349 4259 quam
358 4195 391 4245 de
400 4196 530 4246 Puniouii
538 4196 634 4246 liberis
644 4213 716 4248 sum·

174 4261 243 4325 psit,
260 4261 410 4312 vindictum
423 4261 572 4314 lectoribus
589 4264 665 4315 nullt
676 4266 715 4315 ‹li-

175 4343 245 4393 gnus
258 4328 403 4394 adparebit
414 4331 598 4382 Hermotimus
609 4334 716 4383 mireri-

175 4394 283 4459 cordit,
303 4399 384 4461 quem
402 4397 430 4446 in
449 4397 514 4449 lists
528 4399 716 4470 Xenophontis

773 1297 948 1362 Cyropsedis
961 1295 1006 1364 [V,
1016 1299 1041 1358 2,
1054 1297 1096 1352 28.
1109 1299 1141 1362 V,
1155 1299 1181 1364 3,
1196 1299 1226 1352 15
1239 1316 1315 1367 seqq.

773 1365 807 1427 V,
819 1367 844 1426 4,
859 1365 881 1414 1.
894 1365 954 1424 vn,
968 1366 992 1428 5,
1006 1364 1047 1416 30.
1060 1367 1136 1429 vlu,
1148 1369 1172 1430 4,
1186 1365 1212 1432 2]
1230 1368 1315 1419 iscile

773 1433 895 1484 movebit
908 1433 1063 1484 Gadstas.“
1081 1434 1211 1486 Narravit
1224 1441 1315 1486 autem

772 1500 873 1550 Noster
888 1500 959 1550 haec
976 1515 1059 1550 unsm
1073 1517 1133 1551 eum
1146 1502 1179 1552 ob
1193 1519 1315 1566 causam,

772 1575 802 1616 ut
814 1565 903 1624 τίσιος
918 1567 993 1617 illius
1010 1569 1064 1617 vim
1080 1569 1230 1634 insigniore
1243 1586 1315 1620 com·

771 1635 902 1699 probaret
919 1634 1056 1700 exemplo;
1075 1651 1145 1700 quae
1164 1638 1225 1702 ipss
1241 1637 1316 1687 haud

771 1701 828 1750 alia
850 1702 908 1751 lere
932 1707 974 1752 est
995 1708 1078 1768 atque
1095 1697 1219 1768 νέμεσις,
1244 1721 1314 1770 quae

770 1783 848 1819 suum
866 1769 963 1832 cuique
982 1769 1090 1832 tribuit,
1115 1771 1188 1821 iusta
1208 1773 1315 1822 unicni-

771 1851 822 1902 que
836 1851 870 1886 ac
879 1835 974 1887 debita
984 1851 1171 1900 remunerans,
1184 1839 1257 1890 bona
1270 1840 1316 1889 bo-

770 1905 827 1966 nis,
845 1903 919 1953 mela
931 1904 1012 1954 malis
1024 1905 1191 1970 rependens:
1215 1907 1315 1971 quade

771 1971 1244 2103 1115111113511115111515181ι111αν111114,
1267 1975 1333 2091 1111

772 2105 834 2156 coll.
850 2105 907 2157 199.
942 2106 1015 2156 Hinc
1028 2107 1225 2158 Hermotimum
1238 2110 1313 2171 VIII,

772 2171 822 2222 106
833 2174 932 2224 Noster
944 2173 1080 2224 dicentem
1098 2175 1181 2225 iacit:
1201 2167 1315 2235 ἐδόκεές

771 2255 801 2290 τε
814 2233 903 2298 θεοὺς
914 2233 1012 2306 λη’σειν
1029 2235 1078 2290 clu
1091 2232 1225 2306 ἐμηχανῶ
1236 2237 1313 2294 τότε·

771 2306 806 2358 οἴ
818 2322 849 2357 σε
865 2301 1024 2384 ποιήσαντα
1042 2297 1158 2370 άνάσια,
1177 2301 1254 2375 νόμον
1272 2309 1315 2360 δι·
1342 2361 1348 2374 ,

771 2373 843 2439 ιιαίῳ
860 2389 1014 2438 χρεωμενοι
1035 2365 1185 2440 ὑπήγαγον
1201 2392 1227 2425 τι.
1246 2391 1271 2426 τ.
1289 2377 1313 2426 ί.

770 2443 851 2491 Ησοο
868 2456 933 2491 vero
955 2439 1031 2490 τίσιν
1053 2442 1112 2490 eive
1134 2437 1249 2506 νέμεσιν
1265 2459 1314 2508 per
1381 2497 1386 2506 ,

768 2508 902 2559 Herodoti
914 2509 1008 2558 Musas
1025 2523 1141 2573 regnare
1160 2511 1314 2576 scriptoris-

769 2591 822 2641 que
836 2575 927 2626 enimo
945 2575 1002 2626 alte
1015 2576 1175 2641 impressam
1187 2578 1312 2638 haerere,

770 2659 830 2694 cum
842 2643 914 2693 hsuc
924 2643 958 2693 ob
969 2657 1080 2694 causam
1090 2645 1269 2708 potissImum‚
1283 2650 1315 2695 ut

769 2710 829 2762 scil.
847 2709 922 2760 illiue
944 2711 1000 2761 vim
1023 2711 1175 2776 explicaret
1197 2716 1225 2763 et
1241 2729 1314 2764 com-

770 2783 946 2836 monstraret,
963 2778 1095 2829 historice
1107 2779 1271 2831 scribendae
1284 2797 1313 2831 sc

770 2846 878 2896 dedisse
895 2846 1036 2908 videatur,
1058 2845 1132 2897 baud
1148 2862 1201 2898 uno
1219 2863 1234 2898 s
1252 2847 1313 2899 loco

769 2913 942 2978 intelligitur.
982 2914 1108 2965 Meminit
1131 2920 1223 2965 sutem
1242 2917 1314 2966 eius-

769 2982 831 3032 dem
856 2981 897 3031 rei
913 2981 1072 3033 Athenaeus
1095 2997 1201 3048 quoque
1218 2983 1265 3034 Vl.
1286 3001 1312 3049 p.

768 3047 858 3099 tuus.
876 3073 908 3084 —
931 3049 963 3100 Iu
980 3064 1055 3114 seqq.
1075 3049 1138 3101 dedi
1162 3042 1192 3101 ἐκ
1211 3045 1314 3101 τούτου

768 3109 823 3182 τὴν
834 3107 903 3182 ζόην
914 3116 993 3166 libris
1005 3118 1130 3181 scriptis,
1151 3133 1218 3182 quos
1231 3119 1314 3169 etism

769 3189 919 3250 sequuntur
930 3183 1074 3233 Beklrerus
1085 3191 1113 3234 et
1124 3189 1241 3236 recentt.
1256 3186 1312 3236 edi·

769 3257 851 3312 tores,
862 3252 901 3300 ita
912 3251 1079 3301 iubentibus.
1091 3245 1313 3303 Δ111ἐιιτοάτων.

803 3312 839 3369 σά
850 3311 904 3382 γάρ
916 3310 951 3368 τά
962 3310 1058 3368 πάντα
1068 3309 1218 3384 ἐδυστύχεε
1231 3310 1313 3384 ὀἙρ-

768 3379 897 3451 μόνιμος]
918 3387 935 3436 i.
954 3399 978 3435 e.
997 3387 1157 3451 nequeenim
1172 3401 1313 3452 usquequa·

769 3470 816 3520 que
836 3455 928 3516 inselim
944 3460 1002 3502 erut
1016 3453 1196 3510 Hermotimus,
1214 3457 1244 3502 ut
1266 3455 1313 3517 qui

768 3536 899 3570 summum
913 3521 981 3570 licet
993 3521 1172 3569 infortunium
1181 3519 1314 3570 subiisset
1373 3549 1375 3552 >

769 3604 816 3648 so,
836 3588 906 3652 quod
924 3591 1061 3636 eustratus
1075 3591 1134 3635 erat
1147 3586 1251 3648 lectus,
1270 3591 1313 3637 ta·
1400 3599 1402 3609 ⁴

768 3671 830 3705 men
843 3671 974 3704 summam
987 3653 1058 3718 apud
1071 3669 1162 3718 regem
1176 3659 1238 3718 post
1250 3655 1314 3706 iniit

769 3723 900 3785 gretiam:
925 3721 996 3788 quod
1013 3721 1122 3770 omuino
1140 3722 1261 3786 pertinet
1277 3724 1312 3774 ed

768 3792 861 3842 Nostri
890 3789 1069 3849 sententium,
1100 3788 1255 3840 luculenter
1283 3791 1313 3841 iu

768 3858 907 3908 Amasidis
919 3857 1008 3907 literis
1022 3857 1173 3921 expositam
1192 3857 1253 3920 (111,
1267 3858 1310 3922 40,

768 3927 816 3975 ubi
828 3926 881 3976 vid.
895 3924 989 3987 noth),
1009 3941 1042 3974 cx
1055 3939 1108 3989 qus
1120 3939 1200 3975 nemo
1212 3931 1311 3977 morta·

768 3993 834 4042 lium
846 4006 951 4043 summe
967 3991 1104 4042 felicitate
1121 3996 1229 4051 utatur,
1247 3994 1311 4058 qnin

768 4061 797 4110 iu
815 4060 888 4110 mals
907 4060 1024 4120 ineidat,
1042 4075 1132 4124 neque
1148 4074 1251 4111 summo
1269 4062 1311 4110 in·
1382 4089 1385 4095 ·

768 4128 898 4190 fortunio,
911 4143 999 4177 rerum
1009 4128 1189 4178 secundarum
1200 4143 1311 4192 prorsus

768 4211 879 4262 expers,
901 4195 950 4244 sed
968 4196 1105 4258 fortunnm
1122 4196 1149 4244 iu
1167 4201 1310 4260 utrumque

767 4267 872 4327 partem
880 4263 1011 4327 pervices
1022 4264 1135 4328 quisque
1145 4264 1310 4328 experiatur.

766 4331 867 4396 Auigu
895 4330 965 4380 huec
990 4345 1095 4395 quoque
1118 4329 1309 4380 Hoffmeister:

767 4397 1309 4465 tlittlichueligib'seWoltuusicbthe·
