3040 4962
238 449 277 512 32
673 447 939 508 HERODOTI

235 620 375 688 καὶτῶν
393 621 518 708 Καρῶν
536 621 655 691 δέεσθε
677 616 717 688 cd
736 615 820 688 αὐτὰ
837 614 918 708 ὑμῖν
935 621 1069 690 ποιέειν.
1123 625 1155 687 εἰ
1177 619 1213 688 ii
1237 622 1374 708 μηδέτε-

236 748 297 810 ρον
322 718 451 790 τούτων
477 715 550 790 οἷόν
575 748 611 790 τε
637 728 810 808 γίνεσθαι,
838 717 912 790 ἀλλ’
940 716 1000 790 ὑπ’
1032 717 1214 808 ἀναγκαίης
1239 724 1374 810 μέζονος

234 823 432 912 κατέζευχθε
456 817 476 910 ἢ
496 818 580 891 ὥστε
598 817 820 910 ἀπίστασθαι,
846 816 944 910 ὑμέες
961 850 1000 910 γε
1027 825 1063 892 έν
1079 826 1127 914 τῷ
1144 829 1247 914 ἔργῳ,
1272 819 1374 892 έκεᾶν

233 931 489 1012 συμμίσγωμεν,
518 926 768 1010 ἐθελοκακέετε,
795 926 997 1013 μεμνημένοι
1023 920 1073 992 ὅτι
1100 919 1162 992 ἅττ’
1182 919 1293 1012 ἡμέων
1319 951 1373 1011 γε·

233 1023 369 1112 γόνατε,
400 1027 454 1094 καλ
478 1021 528 1094 ὅτι
548 1020 697 1114 ἀρχῆθεν
730 1020 751 1111 ἡ
784 1032 888 1114 ἔχθρη
917 1022 999 1114 πρὸς
1031 1023 1090 1094 τὸν
1112 1022 1284 1114 βάρβαρον
1311 1021 1372 1094 ’ἄπ’

235 1120 347 1215 ὑμέων
375 1121 456 1215 ἡμῖν
480 1129 604 1213 γέγονε.
651 1129 890 1216 Θεμιστοκλέης
921 1127 958 1194 δὲ
982 1133 1086 1195 ταῦτα
1111 1134 1252 1216 ἔγραψε,
1280 1129 1373 1195 δοκέ-

235 1253 285 1297 ειν
312 1231 400 1317 έμοί,
429 1223 481 1296 ἐπ’
502 1223 673 1316 ἀμφότερα
691 1229 814 1315 νοέων,
840 1233 896 1296 ἵνα
922 1222 1109 1314 ἢλαθόντα
1135 1224 1175 1297 τὰ
1198 1225 1373 1317 γράμματα

232 1331 370 1416 βασιλέα
391 1327 510 1410 Ἴωνας
536 1327 658 1418 ποιήσῃ
670 1329 890 1416 ’μεταβαλεῖν
916 1331 971 1397 καὶ
996 1331 1154 1416 γενέσθαι
1181 1325 1262 1418 ττρός
1289 1331 1372 1397 ἑωυ-

231 1433 315 1518 των,
340 1425 377 1520 ἢ,
405 1433 480 1499 έαεί
502 1458 538 1499 τε
564 1426 746 1519 ἀνενειχθῇ
769 1432 824 1498 καλ
843 1433 1015 1519 διαβληθῇ
1030 1427 1111 1518 πρὸς
1128 1433 1268 1518 Ξέρξεα,
1295 1425 1371 1498 ‹irt-

231 1551 330 1612 στονς
348 1529 470 1620 τοιήση
488 1527 695 1613 τούςἼωνας
713 1533 849 1600 καὶτῶν
866 1533 1078 1621 ναυμαχιέων
1091 1526 1214 1612 αὐτους
1231 1527 1369 1621 ἀπόσχῃ.

231 1763 330 1828 quidem
339 1777 388 1812 nen
397 1765 475 1812 εολιαιι
484 1778 527 1812 uos
537 1765 592 1827 ipsi,
605 1779 689 1812 υτνωιι
700 1766 776 1813 etiarn
828 1763 982 1828 Schweigh.
993 1764 1022 1812 in
1031 1763 1099 1812 Lex.
1106 1762 1237 1812 Herodot.
1244 1761 1314 1826 11.p.
1323 1760 1371 1812 125

233 1829 351 1889 Caribus,
369 1836 395 1878 ut
408 1832 472 1880 idem
482 1832 595 1894 faciant,
612 1833 775 1894 persuadete.
828 1833 931 1881 reddit:
951 1833 976 1880 ιἰι
994 1836 1233 1896 utramquepartem
1247 1833 1370 1894 οοριλιοεε,

144 1943 147 1950 r
231 1898 284 1948 Pro
302 1897 376 1962 vulg.
389 1889 473 1962 ὑμέες
491 1914 505 1948 c
522 1898 682 1948 Florentino
698 1915 775 1964 repo·
827 1915 879 1948 rem
897 1899 1049 1948 deliberans.
1085 1899 1127 1946 Tu
1140 1897 1176 1946 ci.
1191 1897 1274 1946 etium
1287 1913 1372 1962 supra

231 1965 273 2014 sui
290 1956 386 2030 ὑμεῖς,
410 1965 480 2029 quod
496 1964 669 2015 Herodotcus
687 1983 776 2016 sermo
828 1967 938 2028 V111,3.
974 1967 1027 2015 Pro
1040 1963 1163 2030 βασιλῆα
1177 1964 1240 2014 dedi
1252 1959 1371 2029 βασιλέα

231 2033 339 2096 flagitat
352 2033 418 2095 (vid.
433 2033 550 2084 Bredov.
566 2049 629 2099 pag.
643 2032 693 2082 282
706 2035 775 2100 seq.)
828 2039 856 2083 et
868 2051 917 2100 pro
930 2033 1002 2098 vulg.
1013 2027 1200 2098 μεταβολέων
1212 2032 1309 2096 scripsi
1321 2046 1381 2096 pe-¹

231 2100 357 2164 idemque
372 2101 427 2150 feci
442 2101 515 2149 infru
529 2101 642 2166 cep.2t).
655 2101 712 2152 143.
727 2102 776 2150 144
827 2099 964 2167 ταβαλεῖν
978 2105 1089 2150 secutus
1103 2100 1218 2149 Βεοιλον.
1232 2115 1296 2176 pag.
1308 2099 1368 2161 327,

230 2167 310 2216 huius
323 2167 386 2217 libri
400 2173 427 2218 et
440 2169 487 2231 lx,
501 2167 543 2218 87.
574 2161 774 2220 Formulamdn
826 2171 952 2234 idemque
972 2168 1122 2228 incivili,
1143 2166 1241 2232 (ibpru
1259 2165 1370 2230 ακοβα·

229 2233 282 2284 τοῦ
293 2229 380 2300 μέσον
394 2229 508 2297 ἕζεσθαι
523 2237 605 2302 attigi
618 2237 653 2286 nd
666 2237 716 2298 111,
730 2237 773 2287 83.
826 2232 922 2287 λέειν
933 2251 1068 2301 reponens
1081 2227 1196 2301 οἱποβοιλ
1205 2237 1266 2284 εῖν.

230 2303 374 2354 Schneier.
388 2303 434 2366 (ud
447 2303 586 2354 Plutarch.
600 2305 655 2355 Vit.
668 2305 728 2354 Vol.
740 2305 773 2354 V.
861 2297 927 2354 ἐπεί
941 2317 970 2352 τε
983 2295 1142 2380 α’νενειχθη·
1160 2298 1208 2352 καλ
1222 2299 1371 2368 διαβληθῇ

229 2387 255 2436 p.
269 2369 311 2434 39)
332 2379 473 2436 computet
486 2387 545 2422 curn
560 2372 603 2421 his
622 2373 693 2437 quod
705 2373 773 2438 legi·
826 2366 896 2436 πρὸς
909 2365 1029 2436 Ξέρξεα]
1049 2385 1087 2420 sc.
1101 2386 1135 2419 τα
1154 2362 1319 2434 γράμματα,
1340 2375 1371 2419 ut

229 2445 274 2488 tur
291 2439 362 2504 apud
380 2439 520 2490 Plutarch.
535 2441 588 2490 vit.
601 2441 712 2492 Aristid.
730 2439 774 2490 10:
826 2441 896 2489 haec
909 2439 994 2489 vcrbn
1007 2441 1030 2488 si
1043 2442 1191 2488 renunciata
1204 2453 1224 2486 s.
1236 2441 1319 2488 relata
1329 2453 1370 2487 es-

230 2497 360 2556 έκττοδών
376 2505 427 2556 τοῦ
444 2501 569 2572 πολέμου
585 2506 728 2572 γίνεσθαι.
742 2535 773 2544 -
824 2514 880 2556 rent
894 2507 1000 2570 (Xerxi)
1018 2512 1043 2554 et
1055 2507 1080 2554 in
1092 2508 1237 2555 culrcmm'nrn
1253 2509 1304 2554 sive
1316 2508 1368 2554 rri-

229 2573 335 2622 Voculu
354 2566 386 2622 di
403 2574 428 2624 h.
444 2575 462 2622 1.
475 2591 530 2624 non
543 2576 602 2622 sine
616 2576 643 2624 vi
657 2575 774 2638 quedam
826 2577 896 2624 urinis
908 2576 1073 2638 crispicionem
1082 2575 1193 2622 adducta
1202 2574 1373 2638 npudiprum„

229 2640 319 2704 positu
331 2640 376 2689 vel
389 2642 480 2704 potius
493 2641 613 2704 repetitu
626 2647 680 2698 cst,
700 2657 774 2689 mou·
827 2641 904 2691 Ιοιιεο
920 2648 1051 2705 suspectos
1066 2641 1125 2690 sive
1139 2642 1192 2702 fide
1210 2640 1298 2690 dubius
1310 2641 1370 2689 red-

229 2707 467 2756 strunthcrscro
480 2707 506 2756 iu
517 2709 588 2756 Actt.
600 2706 705 2772 philcii.
717 2709 774 2756 Mo·
826 2711 916 2758 flerent
930 2723 1030 2773 cosque
1049 2725 1065 2757 u
1082 2723 1175 2772 pugna
1188 2707 1283 2756 navali
1296 2722 1368 2756 nmo·

230 2788 308 2825 nuce.
322 2773 342 2824 1.
362 2789 424 2838 μορ.
440 2773 483 2824 93.
518 2775 560 2822 'I'u
576 2775 631 2824 vid.
650 2779 718 2826 nott.
738 2775 774 2823 a'd
825 2781 928 2826 vetent.
964 2776 1045 2824 Haud
1064 2776 1145 2824 aliter
1161 2773 1317 2824 Herodotus
1339 2775 1368 2824 in

229 2840 337 2892 Vnus,
825 2843 908 2892 simili
930 2859 959 2892 rc
980 2845 1029 2900 lx,
1049 2841 1144 2891 usin.
1179 2843 1307 2892 Nostrum
1329 2842 1367 2891 lu·

262 2897 323 2957 dii’
336 2897 388 2958 ὑπ’
398 2897 559 2972 ἀναγκαίης
568 2906 684 2974 μέζονος
693 2903 773 2959 κατέ·
825 2927 885 2960 cum
899 2911 1033 2960 excitavit
1046 2910 1077 2960 G.
1088 2911 1237 2959 Hermann.
1247 2909 1366 2974 Opuscc.

228 2972 341 3040 ζευχθε]
361 2975 378 3024 i.
394 2991 417 3026 c.
434 2977 482 3025 sed
497 2981 521 3025 si
534 2979 650 3040 prasion·
666 2983 773 3028 necessi·
823 2978 927 3028 Acndd.
947 2977 994 3029 IV.
1016 2993 1043 3042 p.
1064 2976 1111 3027 103
1134 2977 1167 3026 dc
1188 2977 1287 3026 vocula
1305 2969 1367 3027 ἐπεὶ

228 3049 281 3092 tute
294 3059 366 3108 ριιααι
379 3049 405 3092 nt
417 3043 445 3106 (a
455 3043 558 3107 Persis)
569 3045 678 3107 deficere
687 3045 771 3109 possi·
825 3060 976 3110 exponens,
1003 3060 1071 3108 quac
1090 3044 1136 3094 hic
1153 3045 1251 3094 fortius
1269 3049 1368 3110 urgent

228 3113 273 3172 tir,
294 3113 355 3160 estis
372 3111 491 3160 adstricti
508 3125 529 3160 s.
549 3115 639 3162 οοαελί.
676 3113 716 3160 Ad
733 3111 771 3162 lo·
824 3113 1017 3171 conditionem,
1033 3127 1102 3174 cunr,
1117 3113 1140 3162 si
1151 3103 1239 3162 ἐπεὰν
1250 3112 1368 3162 dixisset

229 3178 621 3244 cutionemWesselirrg.bcne
633 3179 771 3230 anenno-
823 3180 991 3240 Hcrodotus‚
1013 3179 1052 3228 nil
1076 3181 1129 3229 nisi
1151 3181 1285 3229 incertum
1303 3195 1366 3229 esse

228 3244 470 3309 schylii'rometh.
493 3245 771 3312 108.Sopnoct.1³hi-
823 3247 986 3308 indicasset,
1018 3247 1170 3296 futurumne
1200 3246 1267 3296 illud
1292 3251 1368 3296 esset

228 3313 293 3364 loct.
314 3311 386 3363 1022.
405 3314 447 3363 ni.
464 3312 521 3364 123.
555 3315 612 3364 Nec
631 3315 771 3365 dissimilis
822 3331 874 3364 nec
896 3329 944 3376 ue;
969 3315 1086 3378 indeque
1109 3313 1209 3364 reddit:
1237 3318 1261 3364 ιι·
1281 3313 1366 3377 (quod

227 3381 330 3432 locutio
350 3382 422 3448 apud
434 3381 604 3432 Herodotum
617 3383 643 3442 1,
660 3382 688 3431 ll
708 3381 771 3432 coli.
822 3386 915 3432 tamen
928 3383 952 3431 si
964 3380 1023 3431 fieri
1036 3387 1140 3446 posset,
1154 3383 1259 3431 evitare
1273 3381 1365 3446 cupic-

227 3451 278 3512 1X,
300 3447 339 3500 lu.
357 3477 390 3486 -
411 3450 444 3500 In
461 3465 537 3514 seqq.
560 3443 642 3514 ἔργον
660 3451 692 3499 de
712 3451 771 3516 ipsu
823 3449 882 3514 bnt)
899 3454 1055 3514 cognovisset
1069 3449 1181 3500 Xerxes.
1217 3449 1294 3510 Quod
1313 3465 1364 3498 uec

225 3535 311 3584 μαηαα
321 3517 519 3584 accipiendum,
529 3521 560 3566 ut
569 3517 686 3583 saepius,
700 3517 772 3582 spud
822 3517 888 3566 mihi
901 3517 947 3567 illc
961 3518 1097 3582 persuasit
1109 3532 1160 3566 nec
1173 3516 1365 3566 Bn-cumleinio

226 3585 413 3648 Thucydidem
431 3586 606 3652 pracsertim,
627 3585 702 3635 cuius
715 3585 769 3635 vid.
822 3585 1005 3648 (Gricchisch.
1019 3585 1091 3634 Mod.
1111 3601 1136 3649 p.
1155 3583 1231 3647 237),
1250 3585 1296 3648 qui
1312 3584 1364 3633 hoc

227 3651 636 3714 1,105.107.11,8u.111‚108.
655 3652 767 3714 nulv,
822 3657 897 3702 certe
926 3653 986 3702 loco
1015 3652 1073 3701 talc
1101 3653 1249 3702 discrimen
1278 3652 1364 3702 statui

230 3717 268 3766 14.
282 3717 378 3784 indi.
391 3719 431 3769 34.
446 3720 486 3772 72.
498 3719 540 3770 uu.
556 3719 602 3770 131
617 3725 670 3769 etc.
702 3721 768 3770 Ver·
820 3735 900 3785 posse
923 3724 1022 3785 negat,
1055 3719 1125 3783 quod
1147 3719 1191 3769 vel
1208 3719 1303 3767 additi
1319 3717 1364 3767 rel

228 3785 289 3834 bum
309 3783 477 3849 συμμίσγειν
495 3788 575 3850 attigi
595 3787 630 3836 ud
644 3787 706 3849 VII,
725 3787 768 3838 85.
820 3789 920 3838 omissi
929 3775 1073 3837 voculidv
1086 3787 1114 3836 in
1127 3786 1229 3836 talibus
1240 3787 1365 3835 enuntia-

227 3852 268 3901 Ad
301 3843 503 3902 ἐθελοκακέετε
533 3854 606 3903 coni.
637 3859 704 3905 nott.
734 3855 769 3904 ad
820 3854 1286 3904 tiseiflcistutucrntHermauuus.
1309 3853 1363 3904 Vo-

228 3921 265 3982 V,
285 3917 326 3970 78.
821 3921 900 3972 culae
914 3914 975 3971 έπελ
989 3937 1049 3970 cum
1062 3922 1237 3972 coniunctivo
1251 3921 1363 3971 coniun-

262 3980 379 4054 ἔγραψε]
400 3986 551 4052 Schweigh.
569 3993 597 4038 et
615 3988 703 4038 (rann
723 3989 768 4039 de·
821 3994 882 4039 ctsc
908 3989 1034 4054 exempla
1057 4005 1091 4038 ex
1114 3989 1215 4038 Atticis
1246 3989 1365 4038 afferunt

227 4055 326 4105 derunt
344 4049 474 4120 ἔγραφε,
495 4055 572 4106 cuius
590 4055 650 4107 loco
670 4057 769 4122 quode
820 4056 1169 4122 Sophocl.Antigon.1025
1187 4055 1285 4120 Oedip.
1304 4055 1365 4105 Col.

228 4123 368 4174 Snucroiti
385 4123 455 4174 libro
468 4123 609 4190 alteroque
623 4125 770 4190 assumpsit
823 4123 900 4184 12203
911 4123 1064 4174 chomeri
1073 4139 1124 4174 usu
1133 4124 1237 4173 monuit
1246 4124 1363 4173 lineum·

227 4191 393 4240 Sclrcni'erus
405 4185 531 4256 ἔγραψε,
545 4193 572 4242 id
583 4195 769 4242 cnmreccntt.
820 4191 884 4240 lein.
904 4190 922 4242 l.
941 4192 958 4242 l.
977 4207 1041 4257 μορ.
1059 4193 1123 4254 242,
1142 4197 1289 4257 praeterea
1305 4191 1362 4240 rid.

187 4251 190 4258 '
228 4259 288 4311 cdd.
302 4259 427 4308 omnibus
441 4261 515 4310 tenni
528 4260 573 4311 vel
585 4265 698 4325 propter
710 4249 769 4310 tvi·
820 4259 958 4326 Hurtung:
978 4253 1068 4309 Lehre
1081 4275 1106 4310 v.
1118 4260 1143 4310 d.
1156 4257 1262 4308 Partik.
1277 4258 1302 4306 d.
1316 4257 1362 4308 Gr.

227 4335 333 4391 γραψε,
354 4327 424 4391 quod
440 4327 520 4378 initio
538 4327 637 4393 capitis
653 4341 768 4390 sequen·
821 4327 933 4390 Spruch.
948 4328 984 4379 11.
997 4344 1023 4392 p.
1035 4325 1133 4376 296.-
1146 4329 1189 4376 De
1202 4325 1286 4375 verbo
1299 4323 1363 4375 δια-

227 4395 263 4448 tn
281 4394 389 4460 legitur.
402 4421 434 4430 -
453 4386 500 4446 ἐπ’
511 4384 662 4462 ἀμφότερα
680 4387 769 4444 νοέων
820 4385 936 4460 βάλλειν
948 4395 1018 4446 conf.
1034 4399 1102 4444 nott.
1116 4395 1150 4444 nd
1162 4395 1200 4460 V,
1214 4391 1255 4444 50.
1269 4391 1311 4444 97.
