3074 4960
216 465 275 526 102
647 431 915 516 aaronem

216 638 298 719 δεω,
324 635 502 701 Λεωνίδεω
523 628 560 698 δὲ
577 623 747 716 ἀδελφεός.
802 623 942 715 ἱζόμενοι
967 625 1004 694 δὲ
1029 627 1064 696 ἐν
1087 627 1134 718 τῷ
1154 621 1276 719 Ἰσθμῷ
1298 629 1354 696 καὶ

215 730 446 822 συγχώσαντες
463 727 524 818 τὴν
541 733 734 820 Σκιρωνίδα
751 723 849 814 idio,
876 723 957 816 μετα
974 729 1086 816 τοῦτο,
1111 722 1155 808 ὥς
1177 747 1237 816 σφι
1256 731 1412 830 Idaeaque

215 835 502 922 βουλευομένοισι,
529 829 723 920 οίκοδόμερν
747 825 801 898 διὰ
823 831 884 898 τοῦ
904 824 1040 918 Ἰσθμοῦ
1064 844 1179 918 τεῖχος.
1232 825 1289 898 ἅτε
1317 829 1355 899 δὲ

216 937 360 1004 ἐουσέων
390 930 564 1023 μυριάδων
590 934 739 1002 πολλέων
763 933 818 1000 καὶ
842 927 964 1010 παντὸς
992 925 1114 1018 ἆυδρδς
1138 931 1354 1020 ἐργαζομένου

214 1034 311 1124 ἤνετο
328 1032 364 1104 τδ
377 1041 490 1126 ἔργον·
509 1035 563 1104 καὶ
581 1029 645 1124 γὰρ
663 1040 753 1104 λίθοι
771 1034 825 1101 καὶ
839 1038 975 1101 πλίνθοι
993 1033 1048 1100 καὶ
1060 1029 1141 1114 ξύλα
1159 1033 1214 1101 καὶ
1232 1031 1355 1121 φορμολ

218 1225 247 1293 ἐς
260 1249 331 1300 quae
340 1233 507 1284 Vale-kedar.
522 1233 654 1282 excitavit
665 1232 687 1294 I,
704 1229 759 1282 1119.
812 1245 874 1280 men
888 1230 958 1280 Koiri
967 1233 1047 1292 aeolo,
1062 1230 1079 1280 i.
1092 1246 1115 1280 e.
1126 1234 1192 1282 mala
1203 1233 1251 1294 oio,
1265 1231 1355 1297 prouti

215 1303 271 1364 III,
288 1301 349 1362 140,
364 1301 435 1362 alia,
449 1302 484 1350 iia
498 1301 581 1360 adde,
595 1315 664 1365 qnae
678 1299 761 1348 attuli
811 1298 929 1348 similem
951 1298 1086 1362 quendam
1112 1300 1251 1349 tramitem
1273 1315 1355 1364 super

217 1369 252 1419 ad
269 1370 306 1432 V,
329 1368 359 1417 12
382 1373 409 1418 et
431 1369 589 1418 Buttmann.
612 1367 639 1416 in
660 1368 757 1417 Demo·
811 1365 948 1415 Rhaetiae
977 1366 1043 1430 iuga
1076 1365 1221 1416 deductum
1256 1366 1353 1428 adhue,

215 1437 304 1486 athen.
326 1435 440 1486 Midian.
465 1453 491 1501 p.
513 1435 560 1484 115
583 1435 624 1484 ed.
646 1435 758 1485 secund.
812 1433 882 1497 qued
894 1448 974 1482 nemo
986 1434 1085 1495 nescit,
1097 1439 1200 1484 vocant
1213 1435 1285 1484 Viam
1298 1434 1355 1484 Mo·

215 1504 324 1554 Referri
347 1518 452 1568 quoque
476 1503 529 1552 hue
550 1503 651 1568 poterit
688 1501 759 1567 quod
810 1504 867 1550 ίοιιι.
882 1499 1355 1566 PlurimadabitReinganum:Daa

216 1585 299 1635 supra
310 1571 383 1630 VIII,
398 1567 439 1619 60.
453 1573 476 1632 ς,
490 1569 501 1618 l
515 1569 629 1635 legitur:
650 1538 683 1628 ἐς
696 1560 760 1634 τὴν
811 1567 995 1632 altebiegaris
1005 1567 1070 1632 pst
1081 1583 1156 1634 seqq.
1167 1568 1353 1618 Add.Leake:

216 1663 248 1672 -
265 1627 431 1687 δπειοιεῖται
449 1631 535 1686 τέκνα
551 1651 581 1686 τε
599 1633 648 1686 καὶ
660 1637 760 1701 γυναί-
810 1635 946 1684 Nortbern
959 1634 1064 1684 Greeee
1078 1636 1113 1685 II.
1125 1652 1151 1701 p.
1165 1636 1214 1685 414
1233 1641 1259 1686 et
1273 1651 1353 1701 prae-

216 1718 271 1762 ιιες.
281 1731 311 1740 —
321 1705 362 1753 De
378 1703 541 1762 Cleombroto,
556 1705 600 1768 qui
612 1719 674 1754 raro
688 1703 761 1768 apud
812 1703 892 1768 cipue
906 1701 1027 1752 Curtius:
1042 1701 1253 1768 Peloponnea.1.
1264 1701 1355 1768 pag.9

215 1775 324 1822 veteres
337 1775 574 1834 commemoratur,
589 1771 641 1820 etsi
653 1775 759 1836 patrem
812 1775 840 1819 et
858 1785 920 1834 pag.
938 1767 986 1830 26,
1004 1769 1131 1819 Visoher:
1153 1771 1354 1837 Eriuneruugg.

216 1838 314 1888 habuit
331 1853 424 1901 regem
441 1837 608 1904 fratremque
623 1837 760 1888 nobilissi·
813 1851 862 1887 aus
886 1835 1090 1886 Griecbeniand
1112 1853 1175 1903 pag.
1195 1837 1243 1887 126
1266 1843 1293 1888 et
1312 1839 1353 1888 in:

216 1920 287 1955 mum
297 1905 458 1967 Leonidam,
470 1905 543 1954 coni.
551 1905 651 1955 Herod.
660 1905 706 1966 IX,
721 1904 759 1956 10.
810 1903 925 1954 Jahrbb.
944 1905 962 1953 1.
973 1903 1108 1970 Philolog.
1119 1906 1245 1955 LXXIII.
1259 1923 1285 1972 p.
1299 1903 1353 1966 138,

242 1963 435 2037 συγχώσαντες
446 1965 669 2038 τήνΣιιιρωνίδα
680 1963 759 2039 ὁδὸν]
811 1971 858 2021 ubi
875 1971 946 2021 bana
968 1972 1052 2034 viam,
1078 1988 1158 2036 quam
1180 1963 1250 2023 ὁδδν
1271 1977 1356 2022 vocat

217 2041 318 2102 „IIaud
330 2039 500 2090 incommode
513 2039 647 2089 redditur:
666 2039 764 2090 obatra-

216 2113 311 2156 oeeruat
323 2110 400 2156 aiom:
420 2111 449 2156 at
465 2121 519 2156 non
532 2109 639 2171 utique,
653 2111 682 2156 ut
695 2109 762 2157 Lar-

814 2039 925 2101 Noster,
951 2039 1035 2088 talem
1057 2039 1142 2090 tuisse
1159 2046 1250 2106 putat,
1275 2056 1356 2105 quam

813 2105 858 2157 vel
888 2106 1012 2171 plaustra
1040 2122 1182 2172 permeare
1210 2108 1356 2173 potuerint.

217 2175 315 2224 cherua
333 2175 529 2239 interpretatus
549 2182 604 2236 est,
627 2175 699 2224 terrei
718 2177 762 2225 ud-

216 2241 298 2306 9eatd,
313 2242 343 2290 in
352 2257 478 2292 saxorum
488 2244 651 2306 praesertim
662 2247 761 2302 monte,

217 2309 265 2358 sed
277 2324 417 2371 saxorum,
435 2313 516 2374 puta,
536 2309 643 2375 ingenti
661 2325 761 2374 nonge-

216 2379 269 2438 rie,
291 2392 361 2441 quae
374 2377 471 2426 muniti
484 2376 552 2426 valli
566 2378 700 2427 rationem
713 2377 759 2426 ha·

216 2445 307 2505 beret,
333 2459 384 2508 quo
403 2443 553 2494 interclusa
570 2445 653 2494 tuerit
670 2445 716 2495 via
733 2449 761 2495 et

217 2511 347 2578 prohibiti
367 2510 579 2572 adscendentem
599 2513 652 2562 nisi
669 2513 761 2577 potius

216 2577 359 2642 inteiligas
380 2578 508 2627 subrutam
530 2585 555 2628 et
577 2581 685 2628 dirutam
705 2595 762 2629 erae

216 2648 271 2694 vioe
280 2647 445 2706 munitionem,
453 2647 492 2693 ita
503 2649 533 2694 ut
544 2651 571 2695 et
582 2646 665 2695 fossis
673 2651 700 2695 et
710 2647 762 2696 rui-

218 2712 260 2760 nis
270 2711 425 2776 intercepta
435 2712 480 2761 via
491 2712 593 2762 esset.“
606 2713 712 2762 Scarus
720 2717 730 2762 i
733 2729 761 2776 ρ-

217 2779 322 2828 bueus.
337 2779 365 2826 in
379 2779 445 2827 Lex¹
456 2779 559 2828 Herod.
570 2794 590 2828 s.
601 2795 627 2828 v.
638 2779 763 2844 συγχοῦν

218 2844 265 2906 (ΙΙ.
278 2861 304 2908 p.
317 2843 386 2906 290).
405 2846 528 2911 Langiua
540 2846 689 2896 vernacule
702 2849 761 2896 red-

218 2911 302 2960 didit:
320 2911 487 2961 aeraebrmen.
528 2914 578 2962 Vto
590 2913 704 2964 Scironia
717 2913 761 2975 (de

219 2993 271 3043 quo
283 2977 338 3027 vid.
350 2979 469 3028 Pansan.
480 2981 501 3040 1,
511 2979 553 3028 44.
564 2981 587 3040 ἕ.
601 2979 631 3028 16
640 2997 697 3045 seq.
711 2981 761 3030 ibi·

219 3061 270 3110 que
278 3043 395 3094 Siebelia
405 3061 468 3111 pag.
480 3047 534 3096 157.
545 3047 634 3096 Strab.
643 3049 688 3097 IX.
698 3065 760 3113 pag.

218 3111 266 3164 3111
286 3129 307 3162 s.
324 3111 412 3166 600A.
432 3119 460 3163 et
476 3116 577 3164 Xrnae:
597 3115 716 3176 Ηε11.1,
736 3117 760 3165 2.

218 3195 280 3246 pag.
291 3177 338 3230 321
353 3181 422 3244 seq.)
435 3182 558 3247 Megaris
572 3183 702 3232 Isthmum
715 3199 761 3248 pe-

813 2174 885 2238 Ipsis
909 2174 1046 2224 montibus
1069 2190 1167 2224 nomen
1188 2175 1275 2225 fertur
1296 2191 1355 2226 esse

813 2242 925 2291 Heraens
940 2241 1029 2303 Burro,
1049 2242 1176 2306 quoniam
1193 2242 1228 2292 ad
1245 2247 1351 2308 septen·

813 2308 930 2359 trionale
954 2310 1085 2359 montium
1109 2309 1182 2359 latus
1204 2311 1354 2360 Turaarnm

812 2376 961 2441 portorium
980 2378 1007 2440 (i.
1023 2393 1046 2427 e.
1062 2378 1185 2434 oeroeni,·
1202 2393 1265 2427 nam
1281 2377 1355 2428 Burro

813 2449 932 2494 montem
953 2459 974 2494 s.
994 2443 1092 2494 coliem
1115 2445 1265 2509 quemlibet
1287 2445 1355 2495 indi·

814 2511 870 2568 cati
884 2512 947 2561 oiim
962 2513 1138 2562 constitutum
1152 2517 1219 2562 erat

847 2573 897 2628 ίίτε
920 2572 952 2629 δὲ
975 2571 1097 2629 ἐουσέων
1118 2573 1268 2644 μυριάδων
1288 2581 1355 2631 πολ-

813 2640 893 2706 λέων]
920 2640 951 2696 δέ
975 2663 990 2696 ο
1012 2647 1134 2697 Floreat.
1158 2663 1219 2698 eum
1239 2653 1356 2699 reeentt.

814 2713 926 2763 exhibui
943 2729 990 2778 pro
1009 2707 1060 2778 δὴ,
1084 2715 1153 2778 quod
1175 2731 1236 2766 enm
1254 2715 1355 2766 Sebae-

814 2781 872 2830 fero
890 2782 1003 2830 retinuit
1020 2781 1165 2832 Matthiae,
1205 2785 1258 2834 Pro
1281 2783 1355 2848 vulg.

812 2842 976 2913 μοριαδέων
992 2849 1090 2914 scripsi
1127 2851 1241 2901 robante
1254 2851 1355 2900 Breda-

813 2916 858 2965 vio
871 2931 934 2981 pag.
947 2914 998 2966 253
1009 2913 1097 2982 μυριοῖ
1119 2933 1167 2978 ων,
1180 2923 1211 2967 ut
1220 2919 1280 2980 vn,
1294 2917 1354 2978 1873

813 2983 910 3032 eadem
923 2983 1010 3034 forma
1023 2989 1115 3034 exstat
1127 2986 1181 3046 III,
1195 2985 1236 3035 59.
1250 2987 1299 3049 IX,
1312 2985 1353 3035 711.

813 3050 854 3098 λδ
866 3040 949 3116 ἤνετο
964 3051 1035 3100 conf.
1049 3057 1117 3102 nott.
1132 3052 1167 3102 ad
1179 3053 1206 3112 I,
1224 3051 1279 3103 189.
1293 3053 1354 3111 VII,

813 3115 846 3166 20
859 3123 887 3166 et
900 3118 934 3168 ad
943 3109 1056 3168 ἐλίνυον
1066 3125 1134 3170 nott.
1147 3121 1181 3170 ad
1191 3121 1213 3182 Ι,
1225 3119 1266 3170 67.
1287 3135 1354 3184 φορ-

812 3181 862 3248 μολ
874 3189 937 3233 sunt
948 3186 1052 3249 corbes,
1071 3189 1198 3243 canulro:
1216 3187 1252 3238 cf.
1266 3187 1354 3239 Theo-

218 3247 339 3297 tentibus
352 3254 412 3298 erat
423 3249 603 3313 permeanda,
618 3250 761 3302 exordiens
814 3253 874 3302 crit.
888 3251 967 3315 ldyil.
980 3254 1057 3314 XXI,
1073 3253 1113 3305 13.
1125 3281 1159 3290 -
1171 3255 1250 3316 Quod
1265 3256 1299 3305 ad
1313 3271 1354 3304 ar·

219 3329 272 3380 qno
285 3315 345 3366 loco
358 3316 502 3380 Megarica
514 3316 616 3367 desinit
629 3317 761 3382 planities
812 3323 969 3384 gementum
999 3322 1111 3384 attinet,
1141 3323 1174 3373 de
1203 3323 1255 3373 hoo
1279 3338 1355 3372 muro

217 3398 352 3449 rupesque
375 3389 523 3449 exsurgunt
544 3384 690 3449 Molariae,
714 3386 762 3436 ubi
812 3387 881 3436 haee
894 3387 1022 3452 leguntur
1035 3389 1106 3454 apud
1117 3390 1267 3440 Diodorum
1280 3389 1355 3440 Sinu-

218 3457 298 3516 porta
310 3451 436 3501 Scironia
450 3467 519 3517 qnae
532 3453 685 3503 vocabatur
697 3453 761 3504 oiim
812 3453 866 3503 lum
879 3455 925 3516 XI,
941 3453 982 3504 16:
1002 3448 1032 3505 ολ
1043 3449 1075 3506 δὲ
1087 3451 1221 3522 σύνεδροι
1233 3449 1354 3508 τοΞνἙλ-

218 3523 359 3568 exstructa
377 3525 445 3570 erat.
482 3520 548 3578 Inde
567 3535 648 3586 super
665 3537 761 3587 acopu-
812 3513 905 3586 λήνων
922 3513 1042 3588 ὁρῶντες
1059 3515 1112 3589 τὴν
1128 3523 1184 3574 ταῖν
1201 3514 1217 3574 ὅ
1236 3525 1291 3574 λων
1308 3539 1354 3574 τα-

219 3585 258 3634 ios
275 3600 395 3650 saxaque
411 3590 530 3638 Scironia
548 3603 617 3652 quae
636 3589 762 3638 dicuntur
813 3581 905 3655 ραγὴν
916 3586 965 3640 κοιλ
981 3583 1034 3655 τὴν
1049 3582 1119 3656 ὅλην
1132 3541 1267 3676 iunipiro
1285 3583 1354 3656 ἐψη-

220 3652 375 3714 aSnirone,
391 3655 569 3705 celeberrimo
582 3655 700 3718 latrone,
716 3657 761 3722 qui
813 3655 936 3721 φίσαντο
955 3655 1045 3708 διατει
1066 3657 1137 3719 ίζειν
1157 3651 1207 3709 τὸν
1229 3655 1354 3724 Ισθμόν·

218 3717 281 3796 inde
295 3725 502 3782 praetereuntes
515 3723 661 3788 diripuisse
679 3729 761 3788 atque
812 3720 861 3774 καὶ
883 3717 954 3790 ταχύ
971 3724 1027 3776 τοῖν
1045 3675 1134 3791 ἐργων
1155 3721 1353 3779 συντελεσθέν-

219 3785 393 3834 rnterieeisse
407 3788 504 3852 fertur,
523 3791 570 3840 via
583 3790 703 3841 ducebat
714 3807 762 3841 sex
812 3807 868 3841 των
892 3785 951 3842 διὰ
979 3791 1041 3858 τήν
1066 3793 1275 3858 προθυμίαν
1296 3791 1354 3844 ani

219 3849 341 3899 miiliarr.
355 3853 486 3906 Romanu.
501 3856 660 3915 adKineta,
674 3859 702 3908 in
715 3875 761 3924 pe·
813 3853 849 3908 τὸ
866 3859 1004 3925 πλῆθος
1025 3859 1088 3910 τῶν
1112 3852 1355 3927 ἐργαζομένων

219 3917 423 3969 rieulosissimis
437 3921 761 3990 habitahorrendumque
812 3919 848 3975 οί
869 3921 922 3992 μὲν
946 3925 1173 3993 Πελοποννήσιοι
1196 3919 1355 3994 ω’χίρουν

220 3983 292 4034 haud
309 4000 363 4034 uno
380 3985 440 4037 Ιοοο
453 3991 589 4053 praebens
602 3992 761 4058 adspectum
812 3986 849 4042 τὸ
865 3997 981 4059 τεῖχος
1000 3993 1184 4046 διατεῖνον
1202 3987 1258 4046 ἐπὶ
1275 4010 1353 4046 στα-

219 4056 277 4100 tum
299 4051 333 4100 ob
350 4068 431 4118 rupes
451 4057 629 4122 praecipites,
653 4065 709 4110 tum
728 4061 761 4110 ob
814 4058 915 4120 δίους
932 4057 1192 4126 τετταράκοντα
1210 4051 1277 4114 nini
1294 4065 1354 4114 Λε-

221 4133 296 4168 mare
318 4120 439 4170 vicinum
460 4129 609 4188 ventosque
632 4127 761 4193 imperta·
813 4129 917 4246 γαίον
937 4123 1038 4194 μέχρι
1055 4125 1249 4196 Κεγχρίαν·
1274 4125 1304 4182 oi
1326 4123 1355 4180 d’

220 4199 278 4236 nos.
298 4185 392 4237 Adbuc
403 4191 515 4254 tramiti,
527 4193 572 4258 qui
584 4193 669 4244 iaeile
679 4196 762 4245 inter·
828 4211 844 4244 ν
861 4193 895 4262 τῇ
907 4195 1052 4262 Σαλαμῖνι
1071 4196 1267 4263 διατρίβοντες
1283 4192 1354 4264 petri

221 4252 294 4304 eludi
306 4259 397 4318 potest
410 4257 532 4323 adeoque
545 4258 649 4310 dirutus
661 4261 760 4328 lapidi·
812 4257 918 4321 παντὸς
941 4263 992 4314 τοῦ
1013 4262 1113 4316 στόλου
1136 4257 1355 4330 κατεπλάγησαν

220 4321 324 4386 busque
338 4321 493 4376 obstructus
511 4325 600 4376 adhue
618 4328 760 4380 admodum
812 4323 861 4381 ἐττλ
873 4329 1021 4390 τοσοῦτον,
1039 4321 1109 4384 οἷστε
1121 4327 1222 4399 μηκέτι
1234 4333 1354 4398 πειθαρ-

168 4443 175 4458 ,
221 4387 361 4440 difficilem
388 4393 532 4444 transitum
554 4395 682 4459 praebet,
712 4411 760 4448 no·
811 4399 873 4464 gaia
885 4401 945 4459 τοῖς
956 4390 1099 4467 ἡγεμόσιν,
1124 4402 1212 4454 Huius
1224 4403 1293 4452 muri
1303 4401 1353 4455 Pe·
