<?xml version="1.0" encoding="UTF-8"?>
<!DOCTYPE html PUBLIC "-//W3C//DTD XHTML 1.0 Transitional//EN"
    "http://www.w3.org/TR/xhtml1/DTD/xhtml1-transitional.dtd">
<html xmlns="http://www.w3.org/1999/xhtml" xml:lang="en" lang="en">
 <head>
  <title>
</title>
<meta http-equiv="Content-Type" content="text/html;charset=utf-8" />
  <meta name='ocr-system' content='tesseract 3.04.00' />
  <meta name='ocr-capabilities' content='ocr_page ocr_carea ocr_par ocr_line ocrx_word'/>
</head>
<body>
  <div class='ocr_page' id='page_1' title='image "./herodotihalicar02bhgoog/herodotihalicar02bhgoog_0442.png"; bbox 0 0 2984 4962; ppageno 0'>
   <div class='ocr_carea' id='block_1_1' title="bbox 333 409 1266 479">
    <p class='ocr_par' dir='ltr' id='par_1_1' title="bbox 333 409 1266 479">
     <span class='ocr_line' id='line_1_1' title="bbox 333 409 1266 479; baseline 0.008 -7"><span class='ocrx_word' id='word_1_1' title='bbox 333 413 391 472; x_wconf 81' lang='lat' dir='ltr'>Du</span> <span class='ocrx_word' id='word_1_2' title='bbox 414 412 518 472; x_wconf 82' lang='lat' dir='ltr'>VITA</span> <span class='ocrx_word' id='word_1_3' title='bbox 540 413 598 472; x_wconf 83' lang='lat' dir='ltr'>ET</span> <span class='ocrx_word' id='word_1_4' title='bbox 621 411 812 472; x_wconf 82' lang='lat' dir='ltr'>SCRIPTIS</span> <span class='ocrx_word' id='word_1_5' title='bbox 836 409 1070 471; x_wconf 79' lang='lat' dir='ltr'>HERODOTI.</span> <span class='ocrx_word' id='word_1_6' title='bbox 1205 415 1266 479; x_wconf 81' lang='lat'>423</span> 
     </span>
    </p>
   </div>
   <div class='ocr_carea' id='block_1_2' title="bbox 127 581 1267 1929">
    <p class='ocr_par' dir='ltr' id='par_1_2' title="bbox 127 581 1267 1929">
     <span class='ocr_line' id='line_1_2' title="bbox 133 581 1267 654; baseline 0.001 -14"><span class='ocrx_word' id='word_1_7' title='bbox 133 586 218 640; x_wconf 87' lang='lat' dir='ltr'>altera</span> <span class='ocrx_word' id='word_1_8' title='bbox 229 584 256 638; x_wconf 93' lang='lat' dir='ltr'>in</span> <span class='ocrx_word' id='word_1_9' title='bbox 271 589 349 654; x_wconf 86' lang='lat' dir='ltr'>parta</span> <span class='ocrx_word' id='word_1_10' title='bbox 360 581 489 638; x_wconf 71' lang='lat' dir='ltr'>Antonini</span> <span class='ocrx_word' id='word_1_11' title='bbox 501 583 672 654; x_wconf 87' lang='lat' dir='ltr'>imperatoris</span> <span class='ocrx_word' id='word_1_12' title='bbox 683 583 826 652; x_wconf 75' lang='lat' dir='ltr'><strong>imaginem</strong></span> <span class='ocrx_word' id='word_1_13' title='bbox 838 582 930 636; x_wconf 84' lang='lat' dir='ltr'>addita</span> <span class='ocrx_word' id='word_1_14' title='bbox 940 582 1129 652; x_wconf 69' lang='lat' dir='ltr'>inscriptione,</span> <span class='ocrx_word' id='word_1_15' title='bbox 1139 584 1167 636; x_wconf 91' lang='lat' dir='ltr'>in</span> <span class='ocrx_word' id='word_1_16' title='bbox 1181 584 1267 640; x_wconf 86' lang='lat' dir='ltr'>alteru</span> 
     </span>
     <span class='ocr_line' id='line_1_3' title="bbox 132 667 1265 742; baseline 0 -18"><span class='ocrx_word' id='word_1_17' title='bbox 132 675 210 742; x_wconf 85' lang='lat' dir='ltr'>parte</span> <span class='ocrx_word' id='word_1_18' title='bbox 225 667 368 738; x_wconf 74' lang='lat' dir='ltr'>imaginem</span> <span class='ocrx_word' id='word_1_19' title='bbox 385 669 499 739; x_wconf 86' lang='lat' dir='ltr'>capitis,</span> <span class='ocrx_word' id='word_1_20' title='bbox 525 669 600 740; x_wconf 93' lang='lat' dir='ltr'>quod</span> <span class='ocrx_word' id='word_1_21' title='bbox 614 668 749 722; x_wconf 78' lang='lat' dir='ltr'>Herodoti</span> <span class='ocrx_word' id='word_1_22' title='bbox 768 686 831 722; x_wconf 91' lang='lat' dir='ltr'>esse</span> <span class='ocrx_word' id='word_1_23' title='bbox 854 674 882 720; x_wconf 91' lang='lat' dir='ltr'>et</span> <span class='ocrx_word' id='word_1_24' title='bbox 903 668 1066 738; x_wconf 87' lang='lat' dir='ltr'>comparatio</span> <span class='ocrx_word' id='word_1_25' title='bbox 1089 685 1150 722; x_wconf 90' lang='lat' dir='ltr'>cum</span> <span class='ocrx_word' id='word_1_26' title='bbox 1167 669 1214 722; x_wconf 93' lang='lat' dir='ltr'>illo</span> <span class='ocrx_word' id='word_1_27' title='bbox 1227 671 1265 724; x_wconf 88' lang='lat' dir='ltr'>la·</span> 
     </span>
     <span class='ocr_line' id='line_1_4' title="bbox 132 751 1265 826; baseline 0.004 -18"><span class='ocrx_word' id='word_1_28' title='bbox 132 756 194 826; x_wconf 89' lang='lat' dir='ltr'>pide</span> <span class='ocrx_word' id='word_1_29' title='bbox 210 763 238 808; x_wconf 92' lang='lat' dir='ltr'>et</span> <span class='ocrx_word' id='word_1_30' title='bbox 251 756 328 825; x_wconf 88' lang='lat' dir='ltr'>ipsae</span> <span class='ocrx_word' id='word_1_31' title='bbox 342 753 439 808; x_wconf 89' lang='lat' dir='ltr'>literae</span> <span class='ocrx_word' id='word_1_32' title='bbox 454 753 575 808; x_wconf 85' lang='lat' dir='ltr'>adiectae</span> <span class='ocrx_word' id='word_1_33' title='bbox 590 754 760 808; x_wconf 75' lang='lat' dir='ltr'>confirmant.</span> <span class='ocrx_word' id='word_1_34' title='bbox 785 753 830 806; x_wconf 83' lang='lat' dir='ltr'>CI.</span> <span class='ocrx_word' id='word_1_35' title='bbox 846 753 945 806; x_wconf 89' lang='lat' dir='ltr'>Millin.</span> <span class='ocrx_word' id='word_1_36' title='bbox 958 751 1065 806; x_wconf 77' lang='lat' dir='ltr'>Annali.</span> <span class='ocrx_word' id='word_1_37' title='bbox 1078 753 1265 825; x_wconf 82' lang='lat' dir='ltr'>Encyeloped.</span> 
     </span>
     <span class='ocr_line' id='line_1_5' title="bbox 134 829 1266 910; baseline 0.001 -16"><span class='ocrx_word' id='word_1_38' title='bbox 134 829 197 894; x_wconf 74' lang='lat'>1817</span> <span class='ocrx_word' id='word_1_39' title='bbox 215 839 288 894; x_wconf 77' lang='lat' dir='ltr'>Xout</span> <span class='ocrx_word' id='word_1_40' title='bbox 301 857 328 909; x_wconf 91' lang='lat' dir='ltr'>p.</span> <span class='ocrx_word' id='word_1_41' title='bbox 346 841 514 892; x_wconf 55' lang='lat' dir='ltr'>ule-220³*</span> <span class='ocrx_word' id='word_1_42' title='bbox 543 839 676 910; x_wconf 80' lang='lat' dir='ltr'>Equidem</span> <span class='ocrx_word' id='word_1_43' title='bbox 695 839 775 910; x_wconf 87' lang='lat' dir='ltr'>plura</span> <span class='ocrx_word' id='word_1_44' title='bbox 790 839 890 892; x_wconf 88' lang='lat' dir='ltr'>allerre</span> <span class='ocrx_word' id='word_1_45' title='bbox 906 856 960 890; x_wconf 92' lang='lat' dir='ltr'>non</span> <span class='ocrx_word' id='word_1_46' title='bbox 975 837 1069 892; x_wconf 88' lang='lat' dir='ltr'>babeo.</span> <span class='ocrx_word' id='word_1_47' title='bbox 1101 839 1181 902; x_wconf 82' lang='lat' dir='ltr'>Quae</span> <span class='ocrx_word' id='word_1_48' title='bbox 1196 841 1266 896; x_wconf 87' lang='lat' dir='ltr'>enim</span> 
     </span>
     <span class='ocr_line' id='line_1_6' title="bbox 130 922 1264 996; baseline 0.001 -18"><span class='ocrx_word' id='word_1_49' title='bbox 130 925 202 994; x_wconf 87' lang='lat' dir='ltr'>apud</span> <span class='ocrx_word' id='word_1_50' title='bbox 218 924 388 978; x_wconf 84' lang='lat' dir='ltr'>Gronovium</span> <span class='ocrx_word' id='word_1_51' title='bbox 412 929 522 978; x_wconf 88' lang='lat' dir='ltr'>exstant</span> <span class='ocrx_word' id='word_1_52' title='bbox 545 924 573 977; x_wconf 92' lang='lat' dir='ltr'>in</span> <span class='ocrx_word' id='word_1_53' title='bbox 589 923 701 996; x_wconf 71' lang='lat' dir='ltr'>antiqq.</span> <span class='ocrx_word' id='word_1_54' title='bbox 718 925 833 976; x_wconf 83' lang='lat' dir='ltr'>Graece.</span> <span class='ocrx_word' id='word_1_55' title='bbox 858 923 895 976; x_wconf 93' lang='lat' dir='ltr'>II.</span> <span class='ocrx_word' id='word_1_56' title='bbox 921 923 976 974; x_wconf 84' lang='lat' dir='ltr'>tab.</span> <span class='ocrx_word' id='word_1_57' title='bbox 998 922 1086 976; x_wconf 82' lang='lat' dir='ltr'>LXXI</span> <span class='ocrx_word' id='word_1_58' title='bbox 1107 923 1167 976; x_wconf 87' lang='lat' dir='ltr'>coll.</span> <span class='ocrx_word' id='word_1_59' title='bbox 1190 925 1264 979; x_wconf 87' lang='grc' dir='ltr'>Μιιι.</span> 
     </span>
     <span class='ocr_line' id='line_1_7' title="bbox 131 1007 1265 1079; baseline 0 -17"><span class='ocrx_word' id='word_1_60' title='bbox 131 1009 248 1079; x_wconf 85' lang='lat' dir='ltr'>Capitol.</span> <span class='ocrx_word' id='word_1_61' title='bbox 263 1010 286 1062; x_wconf 91' lang='lat' dir='ltr'>I.</span> <span class='ocrx_word' id='word_1_62' title='bbox 309 1010 365 1063; x_wconf 88' lang='lat' dir='ltr'>tab.</span> <span class='ocrx_word' id='word_1_63' title='bbox 381 1007 482 1062; x_wconf 85' lang='lat' dir='ltr'>LXVII</span> <span class='ocrx_word' id='word_1_64' title='bbox 504 1015 532 1062; x_wconf 91' lang='lat' dir='ltr'>et</span> <span class='ocrx_word' id='word_1_65' title='bbox 547 1008 762 1062; x_wconf 82' lang='lat' dir='ltr'>Winokelmann.</span> <span class='ocrx_word' id='word_1_66' title='bbox 777 1008 851 1062; x_wconf 87' lang='lat' dir='ltr'>Hist.</span> <span class='ocrx_word' id='word_1_67' title='bbox 869 1007 929 1060; x_wconf 80' lang='lat' dir='ltr'>Art.</span> <span class='ocrx_word' id='word_1_68' title='bbox 944 1008 991 1060; x_wconf 93' lang='lat' dir='ltr'>IV.</span> <span class='ocrx_word' id='word_1_69' title='bbox 1009 1008 1048 1060; x_wconf 88' lang='lat' dir='ltr'>IV</span> <span class='ocrx_word' id='word_1_70' title='bbox 1061 1008 1149 1079; x_wconf 92' lang='lat' dir='ltr'>(Opp.</span> <span class='ocrx_word' id='word_1_71' title='bbox 1166 1009 1201 1062; x_wconf 89' lang='lat' dir='ltr'>T.</span> <span class='ocrx_word' id='word_1_72' title='bbox 1218 1010 1265 1078; x_wconf 88' lang='lat' dir='ltr'>VI,</span> 
     </span>
     <span class='ocr_line' id='line_1_8' title="bbox 132 1092 1264 1164; baseline 0.001 -17"><span class='ocrx_word' id='word_1_73' title='bbox 132 1097 153 1147; x_wconf 89' lang='lat' dir='ltr'>l.</span> <span class='ocrx_word' id='word_1_74' title='bbox 171 1113 198 1164; x_wconf 89' lang='lat' dir='ltr'>p.</span> <span class='ocrx_word' id='word_1_75' title='bbox 214 1096 249 1150; x_wconf 83' lang='lat'>30</span> <span class='ocrx_word' id='word_1_76' title='bbox 264 1099 292 1148; x_wconf 90' lang='lat' dir='ltr'>et</span> <span class='ocrx_word' id='word_1_77' title='bbox 307 1098 332 1148; x_wconf 80' lang='lat'>².</span> <span class='ocrx_word' id='word_1_78' title='bbox 346 1113 374 1164; x_wconf 91' lang='lat' dir='ltr'>p.</span> <span class='ocrx_word' id='word_1_79' title='bbox 390 1095 447 1160; x_wconf 82' lang='grc'>44),</span> <span class='ocrx_word' id='word_1_80' title='bbox 470 1111 548 1164; x_wconf 92' lang='lat' dir='ltr'>quem</span> <span class='ocrx_word' id='word_1_81' title='bbox 570 1095 697 1164; x_wconf 87' lang='lat' dir='ltr'>sequitur</span> <span class='ocrx_word' id='word_1_82' title='bbox 709 1092 824 1146; x_wconf 87' lang='lat' dir='ltr'>Gurlitt.</span> <span class='ocrx_word' id='word_1_83' title='bbox 841 1092 1020 1160; x_wconf 81' lang='lat' dir='ltr'>Archaeolog.</span> <span class='ocrx_word' id='word_1_84' title='bbox 1035 1093 1148 1146; x_wconf 84' lang='lat' dir='ltr'>Schrilt.</span> <span class='ocrx_word' id='word_1_85' title='bbox 1163 1113 1191 1164; x_wconf 92' lang='lat' dir='ltr'>p.</span> <span class='ocrx_word' id='word_1_86' title='bbox 1204 1099 1264 1162; x_wconf 80' lang='lat'>287,</span> 
     </span>
     <span class='ocr_line' id='line_1_9' title="bbox 128 1175 1264 1242; baseline 0 -10"><span class='ocrx_word' id='word_1_87' title='bbox 128 1179 163 1232; x_wconf 91' lang='lat' dir='ltr'>iis</span> <span class='ocrx_word' id='word_1_88' title='bbox 178 1178 289 1232; x_wconf 78' lang='lat' dir='ltr'>meliora</span> <span class='ocrx_word' id='word_1_89' title='bbox 303 1178 413 1232; x_wconf 78' lang='lat' dir='ltr'>edocuit</span> <span class='ocrx_word' id='word_1_90' title='bbox 428 1177 586 1232; x_wconf 89' lang='lat' dir='ltr'>Viscontius</span> <span class='ocrx_word' id='word_1_91' title='bbox 601 1196 617 1231; x_wconf 87' lang='lat' dir='ltr'>a</span> <span class='ocrx_word' id='word_1_92' title='bbox 632 1179 772 1242; x_wconf 79' lang='lat' dir='ltr'>Crenaero</span> <span class='ocrx_word' id='word_1_93' title='bbox 790 1177 890 1232; x_wconf 89' lang='lat' dir='ltr'>allatus</span> <span class='ocrx_word' id='word_1_94' title='bbox 905 1177 923 1230; x_wconf 90' lang='lat' dir='ltr'>l.</span> <span class='ocrx_word' id='word_1_95' title='bbox 938 1175 957 1230; x_wconf 90' lang='lat' dir='ltr'>l.</span> <span class='ocrx_word' id='word_1_96' title='bbox 985 1177 1041 1242; x_wconf 82' lang='lat' dir='ltr'>Qui</span> <span class='ocrx_word' id='word_1_97' title='bbox 1059 1177 1264 1232; x_wconf 78' lang='lat' dir='ltr'>idemcreune-</span> 
     </span>
     <span class='ocr_line' id='line_1_10' title="bbox 128 1262 1264 1334; baseline 0.002 -18"><span class='ocrx_word' id='word_1_98' title='bbox 128 1280 177 1316; x_wconf 91' lang='lat' dir='ltr'>rus</span> <span class='ocrx_word' id='word_1_99' title='bbox 192 1271 289 1334; x_wconf 90' lang='lat' dir='ltr'>postea</span> <span class='ocrx_word' id='word_1_100' title='bbox 304 1264 369 1317; x_wconf 87' lang='lat' dir='ltr'>baec</span> <span class='ocrx_word' id='word_1_101' title='bbox 384 1262 491 1316; x_wconf 85' lang='lat' dir='ltr'>adiicit:</span> <span class='ocrx_word' id='word_1_102' title='bbox 512 1265 585 1332; x_wconf 78' lang='lat' dir='ltr'>„Est</span> <span class='ocrx_word' id='word_1_103' title='bbox 600 1263 680 1318; x_wconf 90' lang='lat' dir='ltr'>etiam</span> <span class='ocrx_word' id='word_1_104' title='bbox 700 1269 823 1334; x_wconf 89' lang='lat' dir='ltr'>protome</span> <span class='ocrx_word' id='word_1_105' title='bbox 839 1279 987 1316; x_wconf 89' lang='lat' dir='ltr'>marmorea</span> <span class='ocrx_word' id='word_1_106' title='bbox 1007 1263 1035 1316; x_wconf 90' lang='lat' dir='ltr'>in</span> <span class='ocrx_word' id='word_1_107' title='bbox 1058 1279 1152 1318; x_wconf 89' lang='lat' dir='ltr'>moseo</span> <span class='ocrx_word' id='word_1_108' title='bbox 1174 1264 1264 1318; x_wconf 88' lang='lat' dir='ltr'>Comi-</span> 
     </span>
     <span class='ocr_line' id='line_1_11' title="bbox 128 1347 1264 1418; baseline 0.004 -18"><span class='ocrx_word' id='word_1_109' title='bbox 128 1355 184 1401; x_wconf 92' lang='lat' dir='ltr'>tum</span> <span class='ocrx_word' id='word_1_110' title='bbox 199 1349 233 1402; x_wconf 90' lang='lat' dir='ltr'>de</span> <span class='ocrx_word' id='word_1_111' title='bbox 248 1347 356 1417; x_wconf 81' lang='lat' dir='ltr'>Erlacb‚</span> <span class='ocrx_word' id='word_1_112' title='bbox 376 1366 454 1418; x_wconf 85' lang='lat' dir='ltr'>quam</span> <span class='ocrx_word' id='word_1_113' title='bbox 465 1348 599 1402; x_wconf 74' lang='lat' dir='ltr'>Herodoti</span> <span class='ocrx_word' id='word_1_114' title='bbox 614 1367 676 1402; x_wconf 89' lang='lat' dir='ltr'>esse</span> <span class='ocrx_word' id='word_1_115' title='bbox 691 1349 795 1416; x_wconf 88' lang='lat' dir='ltr'>dicunt,</span> <span class='ocrx_word' id='word_1_116' title='bbox 810 1366 860 1400; x_wconf 91' lang='lat' dir='ltr'>nec</span> <span class='ocrx_word' id='word_1_117' title='bbox 872 1347 1014 1400; x_wconf 88' lang='lat' dir='ltr'>Viscoutio</span> <span class='ocrx_word' id='word_1_118' title='bbox 1028 1365 1118 1418; x_wconf 87' lang='lat' dir='ltr'>neque</span> <span class='ocrx_word' id='word_1_119' title='bbox 1129 1347 1264 1418; x_wconf 88' lang='lat' dir='ltr'>cuiquam,</span> 
     </span>
     <span class='ocr_line' id='line_1_12' title="bbox 128 1432 1264 1505; baseline 0.002 -19"><span class='ocrx_word' id='word_1_120' title='bbox 128 1433 202 1502; x_wconf 90' lang='lat' dir='ltr'>quod</span> <span class='ocrx_word' id='word_1_121' title='bbox 217 1433 311 1502; x_wconf 87' lang='lat' dir='ltr'>sciam,</span> <span class='ocrx_word' id='word_1_122' title='bbox 334 1439 492 1488; x_wconf 86' lang='lat' dir='ltr'>memorata:</span> <span class='ocrx_word' id='word_1_123' title='bbox 515 1434 594 1486; x_wconf 87' lang='lat' dir='ltr'>cuius</span> <span class='ocrx_word' id='word_1_124' title='bbox 617 1439 742 1505; x_wconf 86' lang='lat' dir='ltr'>ectypam</span> <span class='ocrx_word' id='word_1_125' title='bbox 764 1451 882 1504; x_wconf 77' lang='lat' dir='ltr'>egypso</span> <span class='ocrx_word' id='word_1_126' title='bbox 895 1432 1038 1502; x_wconf 78' lang='lat' dir='ltr'>imaginem</span> <span class='ocrx_word' id='word_1_127' title='bbox 1051 1433 1192 1486; x_wconf 74' lang='lat' dir='ltr'>I‘rancisci</span> <span class='ocrx_word' id='word_1_128' title='bbox 1210 1434 1264 1488; x_wconf 90' lang='lat' dir='ltr'>Co·</span> 
     </span>
     <span class='ocr_line' id='line_1_13' title="bbox 127 1517 1264 1588; baseline 0.004 -19"><span class='ocrx_word' id='word_1_129' title='bbox 127 1517 200 1570; x_wconf 90' lang='lat' dir='ltr'>mitis</span> <span class='ocrx_word' id='word_1_130' title='bbox 219 1519 270 1572; x_wconf 77' lang='lat' dir='ltr'>aad</span> <span class='ocrx_word' id='word_1_131' title='bbox 289 1520 441 1588; x_wconf 77' lang='grc' dir='ltr'><strong><em>μακαρίτου</em></strong></span> <span class='ocrx_word' id='word_1_132' title='bbox 461 1519 664 1572; x_wconf 83' lang='lat' dir='ltr'>munificentiae</span> <span class='ocrx_word' id='word_1_133' title='bbox 683 1523 819 1588; x_wconf 87' lang='lat' dir='ltr'>acceptam</span> <span class='ocrx_word' id='word_1_134' title='bbox 848 1518 1023 1572; x_wconf 85' lang='lat' dir='ltr'>referimus.“</span> <span class='ocrx_word' id='word_1_135' title='bbox 1056 1517 1183 1570; x_wconf 76' lang='lat' dir='ltr'>Ridicula</span> <span class='ocrx_word' id='word_1_136' title='bbox 1205 1520 1264 1574; x_wconf 85' lang='lat' dir='ltr'>sere</span> 
     </span>
     <span class='ocr_line' id='line_1_14' title="bbox 128 1601 1263 1676; baseline 0.003 -23"><span class='ocrx_word' id='word_1_137' title='bbox 128 1601 215 1670; x_wconf 89' lang='lat' dir='ltr'>imago</span> <span class='ocrx_word' id='word_1_138' title='bbox 230 1603 399 1674; x_wconf 76' lang='lat' dir='ltr'>conspicitur</span> <span class='ocrx_word' id='word_1_139' title='bbox 417 1603 445 1656; x_wconf 90' lang='lat' dir='ltr'>in</span> <span class='ocrx_word' id='word_1_140' title='bbox 464 1605 555 1656; x_wconf 85' lang='lat' dir='ltr'>ironte</span> <span class='ocrx_word' id='word_1_141' title='bbox 573 1604 674 1674; x_wconf 91' lang='lat' dir='ltr'>operis,</span> <span class='ocrx_word' id='word_1_142' title='bbox 691 1605 764 1676; x_wconf 92' lang='lat' dir='ltr'>quod</span> <span class='ocrx_word' id='word_1_143' title='bbox 779 1602 955 1657; x_wconf 79' lang='lat' dir='ltr'>inscribitur:</span> <span class='ocrx_word' id='word_1_144' title='bbox 977 1601 1125 1655; x_wconf 89' lang='lat' dir='ltr'>Illustrirte</span> <span class='ocrx_word' id='word_1_145' title='bbox 1141 1601 1263 1672; x_wconf 77' lang='lat' dir='ltr'>weltge-</span> 
     </span>
     <span class='ocr_line' id='line_1_15' title="bbox 127 1687 1263 1758; baseline 0.002 -18"><span class='ocrx_word' id='word_1_146' title='bbox 127 1687 258 1742; x_wconf 85' lang='lat' dir='ltr'>scbichte.</span> <span class='ocrx_word' id='word_1_147' title='bbox 289 1689 342 1742; x_wconf 84' lang='lat' dir='ltr'>Ilin</span> <span class='ocrx_word' id='word_1_148' title='bbox 359 1689 434 1742; x_wconf 85' lang='lat' dir='ltr'>Iluch</span> <span class='ocrx_word' id='word_1_149' title='bbox 459 1687 529 1741; x_wconf 78' lang='lat' dir='ltr'>ffir&#39;s</span> <span class='ocrx_word' id='word_1_150' title='bbox 552 1688 623 1742; x_wconf 85' lang='lat' dir='ltr'>Volk</span> <span class='ocrx_word' id='word_1_151' title='bbox 649 1707 702 1742; x_wconf 86' lang='lat' dir='ltr'>von</span> <span class='ocrx_word' id='word_1_152' title='bbox 719 1688 790 1741; x_wconf 86' lang='lat' dir='ltr'>Held</span> <span class='ocrx_word' id='word_1_153' title='bbox 816 1687 872 1742; x_wconf 91' lang='lat' dir='ltr'>und</span> <span class='ocrx_word' id='word_1_154' title='bbox 888 1687 1002 1740; x_wconf 81' lang='lat' dir='ltr'>Coruin.</span> <span class='ocrx_word' id='word_1_155' title='bbox 1030 1687 1154 1758; x_wconf 80' lang='lat' dir='ltr'>Leipzig.</span> <span class='ocrx_word' id='word_1_156' title='bbox 1181 1690 1263 1742; x_wconf 76' lang='lat'>1844:</span> 
     </span>
     <span class='ocr_line' id='line_1_16' title="bbox 127 1771 1263 1845; baseline 0.001 -19"><span class='ocrx_word' id='word_1_157' title='bbox 127 1772 271 1826; x_wconf 86' lang='lat' dir='ltr'>exhibetur</span> <span class='ocrx_word' id='word_1_158' title='bbox 285 1774 355 1828; x_wconf 91' lang='lat' dir='ltr'>enim</span> <span class='ocrx_word' id='word_1_159' title='bbox 363 1773 520 1827; x_wconf 87' lang='lat' dir='ltr'>Herodotus</span> <span class='ocrx_word' id='word_1_160' title='bbox 534 1780 617 1845; x_wconf 92' lang='lat' dir='ltr'>caput</span> <span class='ocrx_word' id='word_1_161' title='bbox 631 1773 733 1828; x_wconf 73' lang='lat' dir='ltr'>cornuti</span> <span class='ocrx_word' id='word_1_162' title='bbox 748 1772 864 1838; x_wconf 84' lang='lat' dir='ltr'>cinctus,</span> <span class='ocrx_word' id='word_1_163' title='bbox 880 1772 928 1844; x_wconf 91' lang='lat' dir='ltr'>qui</span> <span class='ocrx_word' id='word_1_164' title='bbox 945 1771 1045 1826; x_wconf 89' lang='lat' dir='ltr'>sedens</span> <span class='ocrx_word' id='word_1_165' title='bbox 1059 1771 1087 1826; x_wconf 90' lang='lat' dir='ltr'>in</span> <span class='ocrx_word' id='word_1_166' title='bbox 1096 1773 1263 1828; x_wconf 86' lang='lat' dir='ltr'>Graecorum</span> 
     </span>
     <span class='ocr_line' id='line_1_17' title="bbox 127 1858 670 1929; baseline 0.002 -18"><span class='ocrx_word' id='word_1_167' title='bbox 127 1863 264 1912; x_wconf 83' lang='lat' dir='ltr'>conventu</span> <span class='ocrx_word' id='word_1_168' title='bbox 281 1858 420 1912; x_wconf 72' lang='lat' dir='ltr'>historiam</span> <span class='ocrx_word' id='word_1_169' title='bbox 436 1875 512 1912; x_wconf 87' lang='lat' dir='ltr'>snam</span> <span class='ocrx_word' id='word_1_170' title='bbox 526 1858 670 1929; x_wconf 79' lang='lat' dir='ltr'>praelegit.</span> 
     </span>
    </p>
   </div>
   <div class='ocr_carea' id='block_1_3' title="bbox 656 2031 730 2093">
    <p class='ocr_par' dir='ltr' id='par_1_3' title="bbox 656 2031 730 2093">
     <span class='ocr_line' id='line_1_18' title="bbox 656 2031 730 2093; baseline -0.027 -13"><span class='ocrx_word' id='word_1_171' title='bbox 656 2032 682 2093; x_wconf 85' lang='lat' dir='ltr'>s.</span> <span class='ocrx_word' id='word_1_172' title='bbox 704 2031 730 2080; x_wconf 85' lang='grc' dir='ltr'>ι.</span> 
     </span>
    </p>
   </div>
   <div class='ocr_carea' id='block_1_4' title="bbox 127 2177 1262 2504">
    <p class='ocr_par' dir='ltr' id='par_1_4' title="bbox 127 2177 1262 2504">
     <span class='ocr_line' id='line_1_19' title="bbox 210 2177 1262 2250; baseline 0.003 -21"><span class='ocrx_word' id='word_1_173' title='bbox 210 2179 260 2231; x_wconf 89' lang='lat' dir='ltr'>Vel</span> <span class='ocrx_word' id='word_1_174' title='bbox 277 2199 309 2232; x_wconf 89' lang='lat' dir='ltr'>ex</span> <span class='ocrx_word' id='word_1_175' title='bbox 333 2179 382 2247; x_wconf 88' lang='lat' dir='ltr'>iis,</span> <span class='ocrx_word' id='word_1_176' title='bbox 400 2197 471 2250; x_wconf 85' lang='lat' dir='ltr'>quae</span> <span class='ocrx_word' id='word_1_177' title='bbox 497 2184 561 2232; x_wconf 89' lang='lat' dir='ltr'>ante</span> <span class='ocrx_word' id='word_1_178' title='bbox 586 2179 816 2249; x_wconf 83' lang='lat' dir='ltr'>disputataaunt,</span> <span class='ocrx_word' id='word_1_179' title='bbox 843 2179 912 2230; x_wconf 93' lang='lat' dir='ltr'>bene</span> <span class='ocrx_word' id='word_1_180' title='bbox 939 2177 1104 2246; x_wconf 83' lang='lat' dir='ltr'>intelligitur</span> <span class='ocrx_word' id='word_1_181' title='bbox 1130 2197 1183 2231; x_wconf 93' lang='lat' dir='ltr'>non</span> <span class='ocrx_word' id='word_1_182' title='bbox 1207 2197 1262 2232; x_wconf 93' lang='lat' dir='ltr'>uno</span> 
     </span>
     <span class='ocr_line' id='line_1_20' title="bbox 127 2261 1262 2334; baseline -0.001 -16"><span class='ocrx_word' id='word_1_183' title='bbox 127 2265 274 2334; x_wconf 87' lang='lat' dir='ltr'>eodemque</span> <span class='ocrx_word' id='word_1_184' title='bbox 286 2273 381 2318; x_wconf 79' lang='lat' dir='ltr'>terrore</span> <span class='ocrx_word' id='word_1_185' title='bbox 392 2264 561 2317; x_wconf 84' lang='lat' dir='ltr'>Herodotum</span> <span class='ocrx_word' id='word_1_186' title='bbox 578 2281 629 2317; x_wconf 87' lang='lat' dir='ltr'>sue</span> <span class='ocrx_word' id='word_1_187' title='bbox 643 2261 796 2316; x_wconf 84' lang='lat' dir='ltr'>absolvisse</span> <span class='ocrx_word' id='word_1_188' title='bbox 818 2262 918 2314; x_wconf 89' lang='lat' dir='ltr'>itinera</span> <span class='ocrx_word' id='word_1_189' title='bbox 938 2281 988 2315; x_wconf 89' lang='lat' dir='ltr'>nec</span> <span class='ocrx_word' id='word_1_190' title='bbox 1010 2269 1114 2316; x_wconf 87' lang='lat' dir='ltr'>certum</span> <span class='ocrx_word' id='word_1_191' title='bbox 1134 2269 1262 2317; x_wconf 87' lang='lat' dir='ltr'>constare</span> 
     </span>
     <span class='ocr_line' id='line_1_21' title="bbox 127 2347 1261 2420; baseline 0 -19"><span class='ocrx_word' id='word_1_192' title='bbox 127 2349 258 2416; x_wconf 82' lang='lat' dir='ltr'>ordinem,</span> <span class='ocrx_word' id='word_1_193' title='bbox 275 2365 329 2420; x_wconf 93' lang='lat' dir='ltr'>qno</span> <span class='ocrx_word' id='word_1_194' title='bbox 346 2349 392 2402; x_wconf 88' lang='lat' dir='ltr'>illa</span> <span class='ocrx_word' id='word_1_195' title='bbox 406 2349 564 2419; x_wconf 83' lang='lat' dir='ltr'>perfecerit.</span> <span class='ocrx_word' id='word_1_196' title='bbox 600 2348 730 2401; x_wconf 90' lang='lat' dir='ltr'>Idunum</span> <span class='ocrx_word' id='word_1_197' title='bbox 751 2347 811 2400; x_wconf 89' lang='lat' dir='ltr'>iure</span> <span class='ocrx_word' id='word_1_198' title='bbox 829 2347 945 2418; x_wconf 89' lang='lat' dir='ltr'>quodam</span> <span class='ocrx_word' id='word_1_199' title='bbox 960 2348 1040 2400; x_wconf 90' lang='lat' dir='ltr'>nobis</span> <span class='ocrx_word' id='word_1_200' title='bbox 1055 2364 1162 2400; x_wconf 90' lang='lat' dir='ltr'>sumere</span> <span class='ocrx_word' id='word_1_201' title='bbox 1179 2366 1261 2418; x_wconf 89' lang='lat' dir='ltr'>posse</span> 
     </span>
     <span class='ocr_line' id='line_1_22' title="bbox 127 2431 1260 2504; baseline 0 -20"><span class='ocrx_word' id='word_1_202' title='bbox 127 2433 264 2502; x_wconf 82' lang='lat' dir='ltr'>uldcmur,</span> <span class='ocrx_word' id='word_1_203' title='bbox 296 2433 385 2502; x_wconf 88' lang='lat' dir='ltr'>illum,</span> <span class='ocrx_word' id='word_1_204' title='bbox 415 2445 556 2504; x_wconf 86' lang='lat' dir='ltr'>antequem</span> <span class='ocrx_word' id='word_1_205' title='bbox 585 2431 728 2504; x_wconf 84' lang='lat' dir='ltr'>Olympiae</span> <span class='ocrx_word' id='word_1_206' title='bbox 758 2432 903 2486; x_wconf 87' lang='lat' dir='ltr'>recitasset</span> <span class='ocrx_word' id='word_1_207' title='bbox 932 2431 1119 2502; x_wconf 81' lang='lat' dir='ltr'>&#39;I&#39;lrnriosque</span> <span class='ocrx_word' id='word_1_208' title='bbox 1137 2431 1260 2500; x_wconf 85' lang='lat' dir='ltr'>abiisset,</span> 
     </span>
    </p>
   </div>
   <div class='ocr_carea' id='block_1_5' title="bbox 125 2516 1263 3774">
    <p class='ocr_par' dir='ltr' id='par_1_5' title="bbox 125 2516 1263 3774">
     <span class='ocr_line' id='line_1_23' title="bbox 126 2516 1262 2588; baseline -0.002 -18"><span class='ocrx_word' id='word_1_209' title='bbox 126 2535 291 2587; x_wconf 77' lang='lat' dir='ltr'>peragrasse</span> <span class='ocrx_word' id='word_1_210' title='bbox 320 2525 347 2570; x_wconf 88' lang='lat' dir='ltr'>et</span> <span class='ocrx_word' id='word_1_211' title='bbox 373 2518 463 2570; x_wconf 83' lang='lat' dir='ltr'>Asiam</span> <span class='ocrx_word' id='word_1_212' title='bbox 494 2523 521 2570; x_wconf 92' lang='lat' dir='ltr'>et</span> <span class='ocrx_word' id='word_1_213' title='bbox 543 2517 659 2571; x_wconf 81' lang='lat' dir='ltr'>Africam</span> <span class='ocrx_word' id='word_1_214' title='bbox 686 2523 727 2585; x_wconf 89' lang='lat' dir='ltr'>et,</span> <span class='ocrx_word' id='word_1_215' title='bbox 754 2517 826 2588; x_wconf 92' lang='lat' dir='ltr'>quod</span> <span class='ocrx_word' id='word_1_216' title='bbox 850 2516 913 2568; x_wconf 88' lang='lat' dir='ltr'>mibi</span> <span class='ocrx_word' id='word_1_217' title='bbox 936 2522 1011 2568; x_wconf 88' lang='lat' dir='ltr'>certe</span> <span class='ocrx_word' id='word_1_218' title='bbox 1034 2523 1077 2569; x_wconf 90' lang='lat' dir='ltr'>est</span> <span class='ocrx_word' id='word_1_219' title='bbox 1100 2517 1158 2568; x_wconf 87' lang='lat' dir='ltr'>veri</span> <span class='ocrx_word' id='word_1_220' title='bbox 1180 2517 1262 2570; x_wconf 86' lang='lat' dir='ltr'>simil-</span> 
     </span>
     <span class='ocr_line' id='line_1_24' title="bbox 126 2597 1263 2676; baseline 0.001 -22"><span class='ocrx_word' id='word_1_221' title='bbox 126 2603 231 2670; x_wconf 89' lang='lat' dir='ltr'>limum,</span> <span class='ocrx_word' id='word_1_222' title='bbox 254 2597 405 2676; x_wconf 81' lang='lat' dir='ltr'>plerasque¹</span> <span class='ocrx_word' id='word_1_223' title='bbox 423 2603 503 2655; x_wconf 89' lang='lat' dir='ltr'>etiam</span> <span class='ocrx_word' id='word_1_224' title='bbox 521 2603 610 2673; x_wconf 88' lang='lat' dir='ltr'>ipsius</span> <span class='ocrx_word' id='word_1_225' title='bbox 628 2603 762 2656; x_wconf 88' lang='lat' dir='ltr'>Graeciae</span> <span class='ocrx_word' id='word_1_226' title='bbox 779 2607 888 2672; x_wconf 87' lang='lat' dir='ltr'>partes;</span> <span class='ocrx_word' id='word_1_227' title='bbox 910 2620 926 2653; x_wconf 87' lang='lat' dir='ltr'>a</span> <span class='ocrx_word' id='word_1_228' title='bbox 940 2601 1054 2654; x_wconf 88' lang='lat' dir='ltr'>Thuriis</span> <span class='ocrx_word' id='word_1_229' title='bbox 1069 2600 1132 2654; x_wconf 87' lang='lat' dir='ltr'>inde</span> <span class='ocrx_word' id='word_1_230' title='bbox 1147 2602 1263 2656; x_wconf 87' lang='lat' dir='ltr'>eundem</span> 
     </span>
     <span class='ocr_line' id='line_1_25' title="bbox 126 2685 1262 2758; baseline 0 -18"><span class='ocrx_word' id='word_1_231' title='bbox 126 2707 176 2758; x_wconf 87' lang='lat' dir='ltr'>per</span> <span class='ocrx_word' id='word_1_232' title='bbox 198 2685 300 2742; x_wconf 88' lang='lat' dir='ltr'>Italiam</span> <span class='ocrx_word' id='word_1_233' title='bbox 324 2687 492 2756; x_wconf 84' lang='lat' dir='ltr'>inferiorem,</span> <span class='ocrx_word' id='word_1_234' title='bbox 517 2687 636 2741; x_wconf 79' lang='lat' dir='ltr'>Siciliam</span> <span class='ocrx_word' id='word_1_235' title='bbox 666 2695 693 2740; x_wconf 87' lang='lat' dir='ltr'>et</span> <span class='ocrx_word' id='word_1_236' title='bbox 725 2687 840 2741; x_wconf 80' lang='lat' dir='ltr'>forsitan</span> <span class='ocrx_word' id='word_1_237' title='bbox 867 2687 946 2740; x_wconf 87' lang='lat' dir='ltr'>etiam</span> <span class='ocrx_word' id='word_1_238' title='bbox 973 2687 1070 2738; x_wconf 88' lang='lat' dir='ltr'>iterum</span> <span class='ocrx_word' id='word_1_239' title='bbox 1097 2704 1148 2756; x_wconf 90' lang='lat' dir='ltr'>per</span> <span class='ocrx_word' id='word_1_240' title='bbox 1176 2687 1262 2757; x_wconf 89' lang='lat' dir='ltr'>ipsam</span> 
     </span>
     <span class='ocr_line' id='line_1_26' title="bbox 126 2771 1262 2842; baseline 0.001 -18"><span class='ocrx_word' id='word_1_241' title='bbox 126 2772 268 2824; x_wconf 85' lang='lat' dir='ltr'>Graeciam</span> <span class='ocrx_word' id='word_1_242' title='bbox 294 2773 451 2826; x_wconf 88' lang='lat' dir='ltr'>instituisse</span> <span class='ocrx_word' id='word_1_243' title='bbox 477 2773 591 2842; x_wconf 88' lang='lat' dir='ltr'>itinera,</span> <span class='ocrx_word' id='word_1_244' title='bbox 617 2773 787 2826; x_wconf 76' lang='lat' dir='ltr'>indefessum</span> <span class='ocrx_word' id='word_1_245' title='bbox 814 2779 842 2824; x_wconf 89' lang='lat' dir='ltr'>et</span> <span class='ocrx_word' id='word_1_246' title='bbox 868 2771 895 2824; x_wconf 89' lang='lat' dir='ltr'>in</span> <span class='ocrx_word' id='word_1_247' title='bbox 922 2789 973 2826; x_wconf 92' lang='lat' dir='ltr'>suo</span> <span class='ocrx_word' id='word_1_248' title='bbox 996 2789 1078 2840; x_wconf 90' lang='lat' dir='ltr'>opere</span> <span class='ocrx_word' id='word_1_249' title='bbox 1094 2772 1262 2841; x_wconf 87' lang='lat' dir='ltr'>perficiendo</span> 
     </span>
     <span class='ocr_line' id='line_1_27' title="bbox 125 2855 1261 2928; baseline 0 -19"><span class='ocrx_word' id='word_1_250' title='bbox 125 2863 210 2910; x_wconf 90' lang='lat' dir='ltr'>totum</span> <span class='ocrx_word' id='word_1_251' title='bbox 226 2865 394 2928; x_wconf 89' lang='lat' dir='ltr'>occupatum.</span> <span class='ocrx_word' id='word_1_252' title='bbox 428 2858 481 2912; x_wconf 89' lang='lat' dir='ltr'>Sed</span> <span class='ocrx_word' id='word_1_253' title='bbox 497 2858 575 2928; x_wconf 87' lang='lat' dir='ltr'>plura</span> <span class='ocrx_word' id='word_1_254' title='bbox 591 2866 618 2912; x_wconf 90' lang='lat' dir='ltr'>et</span> <span class='ocrx_word' id='word_1_255' title='bbox 634 2857 804 2910; x_wconf 81' lang='lat' dir='ltr'>accrrratiura</span> <span class='ocrx_word' id='word_1_256' title='bbox 820 2856 854 2909; x_wconf 88' lang='lat' dir='ltr'>de</span> <span class='ocrx_word' id='word_1_257' title='bbox 870 2856 911 2908; x_wconf 89' lang='lat' dir='ltr'>his</span> <span class='ocrx_word' id='word_1_258' title='bbox 927 2855 1073 2910; x_wconf 85' lang='lat' dir='ltr'>itineribus</span> <span class='ocrx_word' id='word_1_259' title='bbox 1085 2855 1187 2910; x_wconf 81' lang='lat' dir='ltr'>afferre</span> <span class='ocrx_word' id='word_1_260' title='bbox 1204 2857 1261 2910; x_wconf 82' lang='lat' dir='ltr'>vix-</span> 
     </span>
     <span class='ocr_line' id='line_1_28' title="bbox 125 2939 1261 3014; baseline 0 -20"><span class='ocrx_word' id='word_1_261' title='bbox 125 2943 187 2996; x_wconf 88' lang='lat' dir='ltr'>dum</span> <span class='ocrx_word' id='word_1_262' title='bbox 202 2943 303 2996; x_wconf 89' lang='lat' dir='ltr'>licebit.</span> <span class='ocrx_word' id='word_1_263' title='bbox 337 2943 436 3014; x_wconf 80' lang='lat' dir='ltr'>Neque</span> <span class='ocrx_word' id='word_1_264' title='bbox 450 2944 520 2996; x_wconf 91' lang='lat' dir='ltr'>enim</span> <span class='ocrx_word' id='word_1_265' title='bbox 535 2944 559 2996; x_wconf 91' lang='lat' dir='ltr'>is</span> <span class='ocrx_word' id='word_1_266' title='bbox 572 2951 615 2998; x_wconf 89' lang='lat' dir='ltr'>cst</span> <span class='ocrx_word' id='word_1_267' title='bbox 629 2943 798 3011; x_wconf 88' lang='lat' dir='ltr'>Herodotus,</span> <span class='ocrx_word' id='word_1_268' title='bbox 813 2941 861 3012; x_wconf 93' lang='lat' dir='ltr'>qni</span> <span class='ocrx_word' id='word_1_269' title='bbox 876 2941 909 2994; x_wconf 90' lang='lat' dir='ltr'>de</span> <span class='ocrx_word' id='word_1_270' title='bbox 925 2960 955 2994; x_wconf 87' lang='lat' dir='ltr'>se</span> <span class='ocrx_word' id='word_1_271' title='bbox 970 2941 1030 3012; x_wconf 89' lang='lat' dir='ltr'>ipse</span> <span class='ocrx_word' id='word_1_272' title='bbox 1049 2939 1164 3010; x_wconf 86' lang='lat' dir='ltr'>snisque</span> <span class='ocrx_word' id='word_1_273' title='bbox 1181 2941 1261 2994; x_wconf 87' lang='lat' dir='ltr'>itine-</span> 
     </span>
     <span class='ocr_line' id='line_1_29' title="bbox 125 3026 1263 3082; baseline 0 -3"><span class='ocrx_word' id='word_1_274' title='bbox 125 3027 203 3080; x_wconf 88' lang='lat' dir='ltr'>ribus</span> <span class='ocrx_word' id='word_1_275' title='bbox 220 3045 271 3079; x_wconf 90' lang='lat' dir='ltr'>nos</span> <span class='ocrx_word' id='word_1_276' title='bbox 287 3028 442 3080; x_wconf 87' lang='lat' dir='ltr'>accuratius</span> <span class='ocrx_word' id='word_1_277' title='bbox 458 3035 486 3082; x_wconf 89' lang='lat' dir='ltr'>et</span> <span class='ocrx_word' id='word_1_278' title='bbox 500 3029 626 3082; x_wconf 88' lang='lat' dir='ltr'>consulto</span> <span class='ocrx_word' id='word_1_279' title='bbox 643 3028 771 3080; x_wconf 87' lang='lat' dir='ltr'>edoceat:</span> <span class='ocrx_word' id='word_1_280' title='bbox 790 3027 866 3079; x_wconf 93' lang='lat' dir='ltr'>immo</span> <span class='ocrx_word' id='word_1_281' title='bbox 881 3046 934 3080; x_wconf 91' lang='lat' dir='ltr'>non</span> <span class='ocrx_word' id='word_1_282' title='bbox 952 3026 1005 3079; x_wconf 90' lang='lat' dir='ltr'>nisi</span> <span class='ocrx_word' id='word_1_283' title='bbox 1025 3029 1137 3078; x_wconf 86' lang='lat' dir='ltr'>coactus</span> <span class='ocrx_word' id='word_1_284' title='bbox 1155 3028 1213 3080; x_wconf 85' lang='lat' dir='ltr'>lere</span> <span class='ocrx_word' id='word_1_285' title='bbox 1229 3027 1263 3079; x_wconf 87' lang='lat' dir='ltr'>dc</span> 
     </span>
     <span class='ocr_line' id='line_1_30' title="bbox 126 3111 1262 3183; baseline 0.001 -21"><span class='ocrx_word' id='word_1_286' title='bbox 126 3111 167 3163; x_wconf 89' lang='lat' dir='ltr'>his</span> <span class='ocrx_word' id='word_1_287' title='bbox 184 3111 314 3181; x_wconf 88' lang='lat' dir='ltr'>loquitur,</span> <span class='ocrx_word' id='word_1_288' title='bbox 328 3112 373 3166; x_wconf 86' lang='lat' dir='ltr'>ubi</span> <span class='ocrx_word' id='word_1_289' title='bbox 389 3113 493 3165; x_wconf 87' lang='lat' dir='ltr'>scilicet</span> <span class='ocrx_word' id='word_1_290' title='bbox 508 3113 628 3166; x_wconf 89' lang='lat' dir='ltr'>testibus</span> <span class='ocrx_word' id='word_1_291' title='bbox 644 3113 747 3183; x_wconf 90' lang='lat' dir='ltr'>aliquid</span> <span class='ocrx_word' id='word_1_292' title='bbox 760 3112 939 3182; x_wconf 87' lang='lat' dir='ltr'>probandum,</span> <span class='ocrx_word' id='word_1_293' title='bbox 954 3117 1001 3164; x_wconf 89' lang='lat' dir='ltr'>aut</span> <span class='ocrx_word' id='word_1_294' title='bbox 1016 3111 1099 3165; x_wconf 85' lang='lat' dir='ltr'>mirae</span> <span class='ocrx_word' id='word_1_295' title='bbox 1117 3119 1199 3182; x_wconf 87' lang='lat' dir='ltr'>atque</span> <span class='ocrx_word' id='word_1_296' title='bbox 1221 3111 1262 3163; x_wconf 93' lang='lat' dir='ltr'>in-</span> 
     </span>
     <span class='ocr_line' id='line_1_31' title="bbox 126 3193 1261 3265; baseline 0 -19"><span class='ocrx_word' id='word_1_297' title='bbox 126 3193 222 3246; x_wconf 84' lang='lat' dir='ltr'>solitae</span> <span class='ocrx_word' id='word_1_298' title='bbox 245 3194 286 3246; x_wconf 89' lang='lat' dir='ltr'>rei</span> <span class='ocrx_word' id='word_1_299' title='bbox 306 3195 374 3246; x_wconf 88' lang='lat' dir='ltr'>fides</span> <span class='ocrx_word' id='word_1_300' title='bbox 392 3197 517 3248; x_wconf 85' lang='lat' dir='ltr'>facienda</span> <span class='ocrx_word' id='word_1_301' title='bbox 542 3205 601 3250; x_wconf 87' lang='lat' dir='ltr'>erat</span> <span class='ocrx_word' id='word_1_302' title='bbox 625 3197 798 3265; x_wconf 83' lang='lat' dir='ltr'>legentibus,</span> <span class='ocrx_word' id='word_1_303' title='bbox 825 3201 873 3249; x_wconf 84' lang='lat' dir='ltr'>aut</span> <span class='ocrx_word' id='word_1_304' title='bbox 895 3195 1093 3249; x_wconf 87' lang='lat' dir='ltr'>incredibilium</span> <span class='ocrx_word' id='word_1_305' title='bbox 1120 3212 1210 3248; x_wconf 88' lang='lat' dir='ltr'>rernm</span> <span class='ocrx_word' id='word_1_306' title='bbox 1235 3195 1261 3246; x_wconf 90' lang='lat' dir='ltr'>in</span> 
     </span>
     <span class='ocr_line' id='line_1_32' title="bbox 127 3278 1261 3350; baseline -0.001 -19"><span class='ocrx_word' id='word_1_307' title='bbox 127 3278 285 3332; x_wconf 87' lang='lat' dir='ltr'>narratione</span> <span class='ocrx_word' id='word_1_308' title='bbox 305 3296 383 3331; x_wconf 89' lang='lat' dir='ltr'>snum</span> <span class='ocrx_word' id='word_1_309' title='bbox 399 3279 488 3349; x_wconf 85' lang='lat' dir='ltr'>ipsius</span> <span class='ocrx_word' id='word_1_310' title='bbox 504 3287 599 3350; x_wconf 91' lang='lat' dir='ltr'>utpote</span> <span class='ocrx_word' id='word_1_311' title='bbox 612 3281 671 3334; x_wconf 90' lang='lat' dir='ltr'>suis</span> <span class='ocrx_word' id='word_1_312' title='bbox 685 3281 751 3333; x_wconf 90' lang='lat' dir='ltr'>haec</span> <span class='ocrx_word' id='word_1_313' title='bbox 766 3281 852 3334; x_wconf 79' lang='lat' dir='ltr'>ocxrlis</span> <span class='ocrx_word' id='word_1_314' title='bbox 866 3280 1038 3350; x_wconf 85' lang='lat' dir='ltr'>inspicientis</span> <span class='ocrx_word' id='word_1_315' title='bbox 1055 3280 1203 3332; x_wconf 86' lang='lat' dir='ltr'>auribusve</span> <span class='ocrx_word' id='word_1_316' title='bbox 1219 3298 1261 3331; x_wconf 87' lang='lat' dir='ltr'>nc-</span> 
     </span>
     <span class='ocr_line' id='line_1_33' title="bbox 126 3359 1263 3436; baseline -0.002 -20"><span class='ocrx_word' id='word_1_317' title='bbox 126 3363 253 3434; x_wconf 88' lang='lat' dir='ltr'>cipicntis</span> <span class='ocrx_word' id='word_1_318' title='bbox 269 3363 453 3416; x_wconf 91' lang='lat' dir='ltr'>testimonium</span> <span class='ocrx_word' id='word_1_319' title='bbox 473 3372 532 3416; x_wconf 83' lang='lat' dir='ltr'>erat</span> <span class='ocrx_word' id='word_1_320' title='bbox 552 3365 751 3436; x_wconf 86' lang='lat' dir='ltr'>adponendum.</span> <span class='ocrx_word' id='word_1_321' title='bbox 782 3365 879 3435; x_wconf 86' lang='lat' dir='ltr'>Itaque</span> <span class='ocrx_word' id='word_1_322' title='bbox 904 3383 954 3418; x_wconf 85' lang='lat' dir='ltr'>neo</span> <span class='ocrx_word' id='word_1_323' title='bbox 975 3364 1007 3416; x_wconf 91' lang='lat' dir='ltr'>de</span> <span class='ocrx_word' id='word_1_324' title='bbox 1029 3359 1194 3433; x_wconf 62' lang='lat' dir='ltr'>temporel),</span> <span class='ocrx_word' id='word_1_325' title='bbox 1214 3381 1263 3416; x_wconf 88' lang='lat' dir='ltr'>nec</span> 
     </span>
     <span class='ocr_line' id='line_1_34' title="bbox 126 3447 1262 3519; baseline 0 -19"><span class='ocrx_word' id='word_1_326' title='bbox 126 3449 159 3501; x_wconf 90' lang='lat' dir='ltr'>de</span> <span class='ocrx_word' id='word_1_327' title='bbox 176 3447 288 3516; x_wconf 91' lang='lat' dir='ltr'>ordine,</span> <span class='ocrx_word' id='word_1_328' title='bbox 304 3465 359 3518; x_wconf 90' lang='lat' dir='ltr'>quo</span> <span class='ocrx_word' id='word_1_329' title='bbox 375 3447 500 3516; x_wconf 89' lang='lat' dir='ltr'>singulas</span> <span class='ocrx_word' id='word_1_330' title='bbox 514 3447 574 3500; x_wconf 87' lang='lat' dir='ltr'>illes</span> <span class='ocrx_word' id='word_1_331' title='bbox 590 3449 744 3502; x_wconf 85' lang='lat' dir='ltr'>instituerit</span> <span class='ocrx_word' id='word_1_332' title='bbox 759 3449 1014 3519; x_wconf 87' lang='lat' dir='ltr'>peregrinationes,</span> <span class='ocrx_word' id='word_1_333' title='bbox 1034 3465 1084 3500; x_wconf 88' lang='lat' dir='ltr'>nec</span> <span class='ocrx_word' id='word_1_334' title='bbox 1098 3447 1132 3500; x_wconf 89' lang='lat' dir='ltr'>de</span> <span class='ocrx_word' id='word_1_335' title='bbox 1147 3447 1262 3514; x_wconf 88' lang='lat' dir='ltr'>ratione,</span> 
     </span>
     <span class='ocr_line' id='line_1_35' title="bbox 127 3532 1262 3604; baseline -0.002 -18"><span class='ocrx_word' id='word_1_336' title='bbox 127 3550 182 3604; x_wconf 91' lang='lat' dir='ltr'>qua</span> <span class='ocrx_word' id='word_1_337' title='bbox 204 3532 265 3585; x_wconf 89' lang='lat' dir='ltr'>illas</span> <span class='ocrx_word' id='word_1_338' title='bbox 284 3532 399 3598; x_wconf 83' lang='lat' dir='ltr'>lecerit,</span> <span class='ocrx_word' id='word_1_339' title='bbox 416 3551 475 3586; x_wconf 91' lang='lat' dir='ltr'>cnm</span> <span class='ocrx_word' id='word_1_340' title='bbox 490 3534 557 3586; x_wconf 89' lang='lat' dir='ltr'>certi</span> <span class='ocrx_word' id='word_1_341' title='bbox 573 3533 639 3604; x_wconf 90' lang='lat' dir='ltr'>quid</span> <span class='ocrx_word' id='word_1_342' title='bbox 655 3533 786 3586; x_wconf 88' lang='lat' dir='ltr'>cunstitui</span> <span class='ocrx_word' id='word_1_343' title='bbox 801 3534 898 3604; x_wconf 89' lang='lat' dir='ltr'>possit,</span> <span class='ocrx_word' id='word_1_344' title='bbox 915 3533 941 3584; x_wconf 91' lang='lat' dir='ltr'>id</span> <span class='ocrx_word' id='word_1_345' title='bbox 960 3549 1042 3585; x_wconf 91' lang='lat' dir='ltr'>unum</span> <span class='ocrx_word' id='word_1_346' title='bbox 1061 3537 1157 3598; x_wconf 87' lang='lat' dir='ltr'>restet,</span> <span class='ocrx_word' id='word_1_347' title='bbox 1176 3537 1206 3584; x_wconf 87' lang='lat' dir='ltr'>ut</span> <span class='ocrx_word' id='word_1_348' title='bbox 1220 3550 1262 3584; x_wconf 89' lang='lat' dir='ltr'>re-</span> 
     </span>
     <span class='ocr_line' id='line_1_36' title="bbox 126 3615 1263 3688; baseline -0.001 -18"><span class='ocrx_word' id='word_1_349' title='bbox 126 3619 223 3688; x_wconf 87' lang='lat' dir='ltr'>giones</span> <span class='ocrx_word' id='word_1_350' title='bbox 249 3625 277 3671; x_wconf 88' lang='lat' dir='ltr'>et</span> <span class='ocrx_word' id='word_1_351' title='bbox 300 3617 359 3670; x_wconf 88' lang='lat' dir='ltr'>loca</span> <span class='ocrx_word' id='word_1_352' title='bbox 386 3617 553 3686; x_wconf 85' lang='lat' dir='ltr'>indicemus,</span> <span class='ocrx_word' id='word_1_353' title='bbox 578 3618 613 3671; x_wconf 88' lang='lat' dir='ltr'>ad</span> <span class='ocrx_word' id='word_1_354' title='bbox 636 3635 706 3688; x_wconf 91' lang='lat' dir='ltr'>quae</span> <span class='ocrx_word' id='word_1_355' title='bbox 730 3617 890 3688; x_wconf 82' lang='lat' dir='ltr'>pervenisse</span> <span class='ocrx_word' id='word_1_356' title='bbox 906 3617 1039 3668; x_wconf 90' lang='lat' dir='ltr'>Nostrum</span> <span class='ocrx_word' id='word_1_357' title='bbox 1054 3633 1086 3667; x_wconf 87' lang='lat' dir='ltr'>ex</span> <span class='ocrx_word' id='word_1_358' title='bbox 1102 3615 1163 3686; x_wconf 87' lang='lat' dir='ltr'>ipso</span> <span class='ocrx_word' id='word_1_359' title='bbox 1181 3635 1263 3686; x_wconf 86' lang='lat' dir='ltr'>opere</span> 
     </span>
     <span class='ocr_line' id='line_1_37' title="bbox 127 3697 1262 3774; baseline -0.004 -18"><span class='ocrx_word' id='word_1_360' title='bbox 127 3703 277 3774; x_wconf 88' lang='lat' dir='ltr'>superstite</span> <span class='ocrx_word' id='word_1_361' title='bbox 295 3711 369 3756; x_wconf 89' lang='lat' dir='ltr'>certo</span> <span class='ocrx_word' id='word_1_362' title='bbox 388 3703 479 3772; x_wconf 88' lang='lat' dir='ltr'>colligi</span> <span class='ocrx_word' id='word_1_363' title='bbox 495 3703 594 3774; x_wconf 88' lang='lat' dir='ltr'>possit.</span> <span class='ocrx_word' id='word_1_364' title='bbox 622 3703 685 3767; x_wconf 82' lang='lat' dir='ltr'>Qua</span> <span class='ocrx_word' id='word_1_365' title='bbox 700 3703 727 3756; x_wconf 91' lang='lat' dir='ltr'>in</span> <span class='ocrx_word' id='word_1_366' title='bbox 743 3719 844 3756; x_wconf 89' lang='lat' dir='ltr'>recum</span> <span class='ocrx_word' id='word_1_367' title='bbox 859 3707 923 3772; x_wconf 90' lang='lat' dir='ltr'>pust</span> <span class='ocrx_word' id='word_1_368' title='bbox 939 3699 1007 3752; x_wconf 88' lang='lat' dir='ltr'>alios</span> <span class='ocrx_word' id='word_1_369' title='bbox 1019 3701 1096 3753; x_wconf 86' lang='lat' dir='ltr'>viros</span> <span class='ocrx_word' id='word_1_370' title='bbox 1111 3701 1206 3753; x_wconf 88' lang='lat' dir='ltr'>doctos</span> <span class='ocrx_word' id='word_1_371' title='bbox 1216 3697 1262 3772; x_wconf 82' lang='lat'>**)</span> 
     </span>
    </p>
   </div>
   <div class='ocr_carea' id='block_1_6' title="bbox 114 3883 1262 4494">
    <p class='ocr_par' dir='ltr' id='par_1_6' title="bbox 114 3883 1262 4478">
     <span class='ocr_line' id='line_1_38' title="bbox 192 3883 1262 3952; baseline -0.003 -16"><span class='ocrx_word' id='word_1_372' title='bbox 192 3884 216 3950; x_wconf 69' lang='lat' dir='ltr'>l³)</span> <span class='ocrx_word' id='word_1_373' title='bbox 236 3887 268 3936; x_wconf 90' lang='lat' dir='ltr'>In</span> <span class='ocrx_word' id='word_1_374' title='bbox 280 3886 440 3938; x_wconf 79' lang='lat' dir='ltr'>Artaxerxis</span> <span class='ocrx_word' id='word_1_375' title='bbox 460 3889 590 3944; x_wconf 77' lang='lat' dir='ltr'>aetatem,</span> <span class='ocrx_word' id='word_1_376' title='bbox 610 3887 655 3952; x_wconf 91' lang='lat' dir='ltr'>qui</span> <span class='ocrx_word' id='word_1_377' title='bbox 668 3886 765 3937; x_wconf 85' lang='lat' dir='ltr'>Xeers</span> <span class='ocrx_word' id='word_1_378' title='bbox 778 3884 849 3935; x_wconf 88' lang='lat' dir='ltr'>lilius</span> <span class='ocrx_word' id='word_1_379' title='bbox 861 3883 925 3934; x_wconf 92' lang='lat' dir='ltr'>huic</span> <span class='ocrx_word' id='word_1_380' title='bbox 943 3883 996 3948; x_wconf 90' lang='lat' dir='ltr'>ipsi</span> <span class='ocrx_word' id='word_1_381' title='bbox 1015 3883 1157 3944; x_wconf 84' lang='lat' dir='ltr'>successit,</span> <span class='ocrx_word' id='word_1_382' title='bbox 1175 3884 1262 3934; x_wconf 85' lang='lat' dir='ltr'>Hero·</span> 
     </span>
     <span class='ocr_line' id='line_1_39' title="bbox 126 3951 1261 4019; baseline -0.003 -15"><span class='ocrx_word' id='word_1_383' title='bbox 126 3955 183 4005; x_wconf 89' lang='lat' dir='ltr'>doti</span> <span class='ocrx_word' id='word_1_384' title='bbox 203 3954 303 4004; x_wconf 89' lang='lat' dir='ltr'>itinera</span> <span class='ocrx_word' id='word_1_385' title='bbox 321 3955 413 4005; x_wconf 87' lang='lat' dir='ltr'>reiicit</span> <span class='ocrx_word' id='word_1_386' title='bbox 426 3953 591 4004; x_wconf 87' lang='lat' dir='ltr'>Dahlmuun.</span> <span class='ocrx_word' id='word_1_387' title='bbox 611 3953 628 4004; x_wconf 91' lang='lat' dir='ltr'>l.</span> <span class='ocrx_word' id='word_1_388' title='bbox 641 3953 659 4004; x_wconf 89' lang='lat'>1.</span> <span class='ocrx_word' id='word_1_389' title='bbox 673 3970 698 4019; x_wconf 91' lang='lat' dir='ltr'>p.</span> <span class='ocrx_word' id='word_1_390' title='bbox 712 3954 753 4004; x_wconf 76' lang='lat' dir='ltr'>bt.</span> <span class='ocrx_word' id='word_1_391' title='bbox 789 3953 844 4002; x_wconf 88' lang='lat' dir='ltr'>Nos</span> <span class='ocrx_word' id='word_1_392' title='bbox 857 3951 923 4001; x_wconf 88' lang='lat' dir='ltr'>illud</span> <span class='ocrx_word' id='word_1_393' title='bbox 937 3951 1013 4002; x_wconf 90' lang='lat' dir='ltr'>modo</span> <span class='ocrx_word' id='word_1_394' title='bbox 1027 3951 1165 4001; x_wconf 84' lang='lat' dir='ltr'>affirmare</span> <span class='ocrx_word' id='word_1_395' title='bbox 1179 3951 1261 4001; x_wconf 86' lang='lat' dir='ltr'>eude-</span> 
     </span>
     <span class='ocr_line' id='line_1_40' title="bbox 126 4019 1261 4088; baseline -0.003 -17"><span class='ocrx_word' id='word_1_396' title='bbox 126 4039 194 4084; x_wconf 88' lang='lat' dir='ltr'>mus,</span> <span class='ocrx_word' id='word_1_397' title='bbox 214 4023 314 4073; x_wconf 85' lang='lat' dir='ltr'>itinere</span> <span class='ocrx_word' id='word_1_398' title='bbox 333 4023 367 4072; x_wconf 88' lang='lat' dir='ltr'>ab</span> <span class='ocrx_word' id='word_1_399' title='bbox 386 4021 525 4072; x_wconf 87' lang='lat' dir='ltr'>Herodoto</span> <span class='ocrx_word' id='word_1_400' title='bbox 549 4037 598 4088; x_wconf 86' lang='lat' dir='ltr'>per</span> <span class='ocrx_word' id='word_1_401' title='bbox 615 4022 708 4071; x_wconf 82' lang='lat' dir='ltr'>Asiam</span> <span class='ocrx_word' id='word_1_402' title='bbox 734 4025 761 4072; x_wconf 88' lang='lat' dir='ltr'>et</span> <span class='ocrx_word' id='word_1_403' title='bbox 778 4020 901 4070; x_wconf 83' lang='lat' dir='ltr'>Africam</span> <span class='ocrx_word' id='word_1_404' title='bbox 926 4020 1002 4069; x_wconf 82' lang='lat' dir='ltr'>lecte</span> <span class='ocrx_word' id='word_1_405' title='bbox 1020 4019 1119 4070; x_wconf 88' lang='lat' dir='ltr'>cadere</span> <span class='ocrx_word' id='word_1_406' title='bbox 1138 4025 1202 4069; x_wconf 82' lang='lat' dir='ltr'>ante</span> <span class='ocrx_word' id='word_1_407' title='bbox 1221 4035 1261 4070; x_wconf 85' lang='lat' dir='ltr'>re-</span> 
     </span>
     <span class='ocr_line' id='line_1_41' title="bbox 126 4086 1261 4156; baseline -0.004 -16"><span class='ocrx_word' id='word_1_408' title='bbox 126 4091 286 4140; x_wconf 86' lang='lat' dir='ltr'>citationem</span> <span class='ocrx_word' id='word_1_409' title='bbox 299 4090 489 4156; x_wconf 80' lang='lat' dir='ltr'>Olympiacam</span> <span class='ocrx_word' id='word_1_410' title='bbox 508 4087 572 4152; x_wconf 91' lang='lat' dir='ltr'>(vid.</span> <span class='ocrx_word' id='word_1_411' title='bbox 591 4105 674 4155; x_wconf 89' lang='lat' dir='ltr'>supra</span> <span class='ocrx_word' id='word_1_412' title='bbox 691 4092 714 4152; x_wconf 67' lang='grc' dir='ltr'>ἕ.</span> <span class='ocrx_word' id='word_1_413' title='bbox 733 4089 759 4152; x_wconf 90' lang='grc'>4)</span> <span class='ocrx_word' id='word_1_414' title='bbox 777 4087 895 4152; x_wconf 86' lang='lat' dir='ltr'>indeque</span> <span class='ocrx_word' id='word_1_415' title='bbox 915 4086 1080 4138; x_wconf 83' lang='lat' dir='ltr'>antecedere</span> <span class='ocrx_word' id='word_1_416' title='bbox 1099 4103 1199 4137; x_wconf 87' lang='lat' dir='ltr'>aunum</span> <span class='ocrx_word' id='word_1_417' title='bbox 1212 4087 1261 4136; x_wconf 88' lang='grc'>444</span> 
     </span>
     <span class='ocr_line' id='line_1_42' title="bbox 127 4153 1262 4223; baseline -0.004 -15"><span class='ocrx_word' id='word_1_418' title='bbox 127 4163 191 4208; x_wconf 85' lang='lat' dir='ltr'>aute</span> <span class='ocrx_word' id='word_1_419' title='bbox 211 4155 274 4206; x_wconf 84' lang='lat' dir='ltr'>Chr.</span> <span class='ocrx_word' id='word_1_420' title='bbox 293 4174 318 4208; x_wconf 91' lang='lat' dir='ltr'>n.</span> <span class='ocrx_word' id='word_1_421' title='bbox 355 4157 433 4209; x_wconf 89' lang='lat' dir='ltr'>Unde</span> <span class='ocrx_word' id='word_1_422' title='bbox 458 4159 510 4208; x_wconf 91' lang='lat' dir='ltr'>iter</span> <span class='ocrx_word' id='word_1_423' title='bbox 532 4158 561 4206; x_wconf 91' lang='lat' dir='ltr'>iu</span> <span class='ocrx_word' id='word_1_424' title='bbox 576 4157 729 4223; x_wconf 78' lang='lat' dir='ltr'>Aegyptum</span> <span class='ocrx_word' id='word_1_425' title='bbox 746 4160 902 4221; x_wconf 86' lang='lat' dir='ltr'>susceptum</span> <span class='ocrx_word' id='word_1_426' title='bbox 926 4155 1002 4206; x_wconf 87' lang='lat' dir='ltr'>circo</span> <span class='ocrx_word' id='word_1_427' title='bbox 1025 4170 1125 4204; x_wconf 87' lang='lat' dir='ltr'>anuum</span> <span class='ocrx_word' id='word_1_428' title='bbox 1149 4153 1200 4204; x_wconf 75' lang='lat' dir='ltr'>tan</span> <span class='ocrx_word' id='word_1_429' title='bbox 1217 4155 1262 4206; x_wconf 89' lang='lat' dir='ltr'>val</span> 
     </span>
     <span class='ocr_line' id='line_1_43' title="bbox 126 4222 1260 4291; baseline -0.004 -15"><span class='ocrx_word' id='word_1_430' title='bbox 126 4227 200 4276; x_wconf 86' lang='lat' dir='ltr'>intra</span> <span class='ocrx_word' id='word_1_431' title='bbox 219 4241 305 4275; x_wconf 85' lang='lat' dir='ltr'>suuos</span> <span class='ocrx_word' id='word_1_432' title='bbox 322 4226 456 4276; x_wconf 78' lang='grc'>454-444</span> <span class='ocrx_word' id='word_1_433' title='bbox 474 4225 657 4291; x_wconf 82' lang='lat' dir='ltr'>probabiliter</span> <span class='ocrx_word' id='word_1_434' title='bbox 674 4225 737 4290; x_wconf 91' lang='lat' dir='ltr'>poni</span> <span class='ocrx_word' id='word_1_435' title='bbox 756 4225 873 4274; x_wconf 89' lang='lat' dir='ltr'>diximus</span> <span class='ocrx_word' id='word_1_436' title='bbox 892 4223 920 4272; x_wconf 94' lang='lat' dir='ltr'>in</span> <span class='ocrx_word' id='word_1_437' title='bbox 938 4227 1005 4274; x_wconf 90' lang='lat' dir='ltr'>nott.</span> <span class='ocrx_word' id='word_1_438' title='bbox 1025 4222 1060 4273; x_wconf 89' lang='lat' dir='ltr'>ad</span> <span class='ocrx_word' id='word_1_439' title='bbox 1078 4223 1112 4281; x_wconf 85' lang='grc' dir='ltr'>ΙΙ,</span> <span class='ocrx_word' id='word_1_440' title='bbox 1134 4222 1156 4272; x_wconf 94' lang='lat' dir='ltr'>l.</span> <span class='ocrx_word' id='word_1_441' title='bbox 1186 4223 1219 4272; x_wconf 85' lang='lat' dir='ltr'>T.</span> <span class='ocrx_word' id='word_1_442' title='bbox 1237 4223 1260 4272; x_wconf 91' lang='grc' dir='ltr'>Ι.</span> 
     </span>
     <span class='ocr_line' id='line_1_44' title="bbox 114 4291 1261 4478; baseline -0.003 -68"><span class='ocrx_word' id='word_1_443' title='bbox 114 4311 153 4478; x_wconf 56' lang='grc' dir='ltr'>,ξ</span> <span class='ocrx_word' id='word_1_444' title='bbox 172 4291 347 4476; x_wconf 43' lang='grc' dir='ltr'>ιιξῇΰιειι.</span> <span class='ocrx_word' id='word_1_445' title='bbox 368 4361 468 4427; x_wconf 86' lang='lat' dir='ltr'>Geogr.</span> <span class='ocrx_word' id='word_1_446' title='bbox 483 4360 598 4411; x_wconf 85' lang='lat' dir='ltr'>Graece.</span> <span class='ocrx_word' id='word_1_447' title='bbox 619 4364 647 4410; x_wconf 87' lang='lat' dir='ltr'>et</span> <span class='ocrx_word' id='word_1_448' title='bbox 660 4359 762 4411; x_wconf 82' lang='lat' dir='ltr'>llomru.</span> <span class='ocrx_word' id='word_1_449' title='bbox 781 4360 801 4418; x_wconf 90' lang='lat'>1,</span> <span class='ocrx_word' id='word_1_450' title='bbox 825 4358 845 4408; x_wconf 96' lang='lat' dir='ltr'>l.</span> <span class='ocrx_word' id='word_1_451' title='bbox 865 4373 890 4424; x_wconf 94' lang='lat' dir='ltr'>p.</span> <span class='ocrx_word' id='word_1_452' title='bbox 905 4357 936 4408; x_wconf 87' lang='lat'>71</span> <span class='ocrx_word' id='word_1_453' title='bbox 956 4373 1042 4424; x_wconf 76' lang='lat' dir='ltr'>seqq,</span> <span class='ocrx_word' id='word_1_454' title='bbox 1060 4357 1225 4408; x_wconf 85' lang='lat' dir='ltr'>Dahlmeun.</span> <span class='ocrx_word' id='word_1_455' title='bbox 1243 4355 1261 4406; x_wconf 90' lang='lat' dir='ltr'>l.</span> 
     </span>
    </p>

    <p class='ocr_par' dir='ltr' id='par_1_7' title="bbox 140 4441 337 4494">
     <span class='ocr_line' id='line_1_45' title="bbox 140 4441 337 4494; baseline -0.015 0"><span class='ocrx_word' id='word_1_456' title='bbox 140 4467 147 4482; x_wconf 87' lang='lat'><strong>·</strong></span> <span class='ocrx_word' id='word_1_457' title='bbox 167 4445 192 4494; x_wconf 94' lang='lat' dir='ltr'>p.</span> <span class='ocrx_word' id='word_1_458' title='bbox 263 4441 337 4491; x_wconf 88' lang='lat' dir='ltr'>seqq.</span> 
     </span>
    </p>
   </div>
   <div class='ocr_carea' id='block_1_7' title="bbox 0 0 1496 4962">
    <p class='ocr_par' dir='ltr' id='par_1_8' title="bbox 0 0 1496 4962">
     <span class='ocr_line' id='line_1_46' title="bbox 0 0 1496 4962; baseline 0 1"><span class='ocrx_word' id='word_1_459' title='bbox 0 0 1496 4962; x_wconf 95' lang='lat' dir='ltr'> </span> 
     </span>
    </p>
   </div>
  </div>
 </body>
</html>
