3040 4962
236 476 277 536 64
671 470 938 532 HERODOTI

189 657 229 718 46
237 649 337 724 ἔθνος
361 641 469 723 ἐόντες
492 631 583 712 ούτοι
607 639 764 732 Δωρικόν
786 639 851 712 dud
874 649 1058 734 Κορίνθου.
1107 645 1311 731 Νησιωτέων
1336 643 1378 712 δὲ·

237 748 411 833 Αἰγινῆται
429 741 605 834 τριήκοντα
627 751 832 834 παρείχοντο.
869 734 955 832 ήσαν
971 748 1033 834 μέν
1049 766 1110 834 σφι
1128 747 1183 814 καῖ
1201 742 1298 814 ἄλλοι
1316 771 1375 814 τε·

235 848 446 938 πληρωμέναι
464 849 553 935 νεές,
573 841 658 916 ύλλᾶ
675 849 750 935 τῇσι
767 847 829 935 μὲν
846 843 908 934 τήν
926 849 1062 916 ἑωυτῶν
1080 844 1286 935 ἐφύλασσον,
1304 875 1374 936 τρι-

235 946 358 1036 ήκοντα
381 949 418 1017 dl
441 951 516 1038 τήσι
541 945 659 1040 ἄριστα
676 945 868 1036 τλωούσῃσι
888 951 924 1017 ἐν
941 957 1109 1038 Σαλαμῖνι
1128 946 1373 1038 ἐναυμάχησαν.

236 1053 412 1138 Αἰγινῆται
431 1053 471 1120 δέ
487 1057 550 1120 εἰσι
569 1051 717 1140 Δωριέες
734 1045 800 1118 eiad
815 1045 1030 1138 Ἐπιδαύρου·
1057 1053 1099 1139 τῇ
1122 1050 1159 1118 δὲ
1177 1049 1269 1143 νήσῳ
1293 1046 1373 1138 πρό-

234 1178 331 1240 τερον
355 1149 483 1241 ούνομα
507 1141 549 1240 ἦν
569 1149 713 1239 Οἰνώνη.
748 1145 830 1240 pred
854 1151 891 1220 δὲ
911 1149 1091 1239 Αἰγινήτας
1109 1154 1291 1232 Χαλκιδέες
1314 1147 1374 1231 τὰς

236 1249 288 1322 ἐπ’
314 1249 505 1346 Ἀρτεμισίῳ
532 1264 634 1323 εῖιιοσι
659 1251 895 1342 παρεχόμενοι,
924 1255 978 1322 καλ
1003 1248 1180 1342 Ἐρετριέες
1197 1249 1255 1334 τός
1274 1249 1372 1321 ἑπτά·

233 1343 326 1426 οὗτοι
353 1355 390 1424 dl
403 1351 518 1435 Ἴωνές
537 1363 609 1426 εἰσι.
653 1351 734 1443 μετὰ
759 1355 795 1423 dl
815 1363 907 1424 Κεῖοι
931 1351 988 1434 τὰς
1014 1351 1117 1434 adsue
1142 1351 1373 1444 παρεχόμενοι,

235 1519 331 1584 graplr.
351 1519 466 1570 Graece.
486 1521 569 1570 minu.
590 1519 650 1571 Vol.
664 1520 684 1570 1.
697 1535 723 1584 p.
736 1517 778 1580 36,

235 1589 308 1636 Gaii.
333 1588 367 1635 ad
391 1587 500 1649 Scylac.
520 1589 541 1636 I.
560 1603 624 1652 pag.
642 1586 690 1637 381
710 1602 777 1650 seq,

234 1653 356 1702 Boeclrh.
375 1653 457 1718 Corp.
470 1655 607 1721 inscripti.
622 1655 644 1714 I,
660 1654 681 1704 1.
696 1671 721 1719 p.
734 1655 777 1716 58,

232 1721 390 1838 ξέολοαίιτζρ,
401 1723 435 1770 ad
449 1721 520 1772 Plut.
534 1723 588 1772 vie.
602 1721 778 1772 Themistocl.

415 1957 482 2009 Car.
501 1958 598 2008 XLVI.

268 2056 331 2124 τῇσι
348 2051 402 2125 μὲν
414 2055 468 2125 τήν
478 2049 590 2109 leores
602 2051 776 2125 ἐφύλασσον]

235 2128 253 2176 1.
272 2143 296 2176 e.
314 2128 353 2178 lde
371 2127 479 2192 quidem
498 2127 613 2189 eooldus,
632 2141 700 2190 quas
718 2126 777 2176 scil.

235 2193 778 2324 estete.²3e¹1¹eitll⁸t.ei.‘;;⁸.³ule

234 2335 311 2393 ctas,
328 2345 397 2380 anam
415 2334 527 2396 Ipsorum
543 2337 638 2380 terram
650 2331 779 2380 custodie-e

232 2399 376 2449 eludebant.

267 2461 417 2532 Αἰγινῆται
440 2459 474 2516 δέ
497 2459 551 2516 εἰσι
575 2461 697 2532 Δωριέες
719 2454 778 2515 α’πό

231 2523 418 2598 Ἐπιδαύρου]
439 2535 541 2598 attigit
559 2534 628 2584 haec
648 2533 777 2584 Eustath.

235 2603 269 2650 ad
294 2602 408 2664 Dionys.
432 2602 539 2666 Porieg.
558 2601 617 2650 511.
657 2603 778 2664 Aegine-

233 2673 323 2716 tarum
347 2683 390 2718 res
413 2668 528 2718 navales
551 2669 611 2733 ipse
636 2669 719 2732 attigi
743 2669 778 2716 ad

235 2735 310 2796 VIII,
328 2733 348 2784 l.
385 2735 439 2796 Qui
458 2751 510 2800 quo
525 2750 607 2784 sensu
620 2735 664 2784 hic
678 2749 777 2784 vocen-

234 2807 277 2850 tur
288 2803 444 2864 Dorienses,
452 2801 646 2866 disquisivit&
654 2802 790 2851 O.hluel-.

234 2868 287 2917 ler:
308 2869 447 2934 Aeginett.
466 2885 529 2934 pag.
547 2870 593 2932 4¹2,
614 2869 777 2934 reliquorum

234 2937 399 3000 scriptorum
414 2937 447 2984 tic
461 2939 656 3000 Aeginetarum
669 2937 776 3002 origine

235 3001 329 3051 allatis
342 3004 514 3062 testimoniis,
528 3003 556 3052 in
569 3005 667 3068 quibus
679 3009 710 3052 tu
721 3006 776 3054 vid.

233 3071 405 3134 potissimum
418 3071 538 3120 Peneon.
553 3071 586 3134 11,
598 3071 640 3120 29.
653 3071 676 3132 ξ.
686 3072 711 3121 5.
730 3072 777 3120 At-

234 3153 286 3202 que
305 3137 438 3187 Muellcro
457 3143 569 3188 auctore
588 3138 606 3187 l.
625 3139 643 3188 1.
662 3155 725 3204 pag.
744 3138 778 3188 43

234 3205 329 3254 eodem
348 3205 507 3271 populorum
520 3207 637 3272 impetu,
657 3223 709 3271 quo
722 3208 777 3256 Do·

234 3273 338 3322 aienses
349 3274 564 3324 Lacedaemonii
573 3275 693 3338 Lyttum,
707 3275 777 3324 The-

233 3357 300 3404 ram,
315 3340 414 3392 Melum
428 3341 616 3404 condiderunt,
629 3343 778 3392 Dorienses

233 3409 338 3475 Argivi,
350 3411 396 3475 qui
406 3409 489 3459 Iidem
497 3413 563 3458 tunc
574 3411 704 3475 temporis
713 3411 778 3475 Epi·

234 3479 347 3528 eluricum
366 3493 473 3543 qnoque
492 3477 638 3540 tenebant,
664 3478 693 3527 in
712 3477 777 3528 Cre-

233 3549 303 3606 tam,
323 3546 459 3609 Rhodum,
479 3545 551 3606 Con,
571 3545 700 3606 Cnidum,
720 3547 776 3595 Ha-

233 3613 414 3664 licsmnsaum
434 3619 517 3680 atque
539 3616 624 3665 etiem
642 3615 777 3680 Aeginam

235 3680 346 3729 colonos
359 3681 536 3744 deduxemut,
551 3683 619 3732 duee
630 3682 777 3731 Triaooue.

234 3747 306 3794 ilino
320 3747 405 3810 igitur
417 3749 621 3814 explicandum,
642 3750 712 3814 quod
724 3751 777 3799 Ae-

234 3813 389 3877 ginetamm
401 3817 527 3878 maiores,
541 3818 700 3878 Dorienses,
713 3817 778 3882 Epi-

234 3879 319 3928 dauro
331 3895 353 3928 s.
366 3881 439 3946 Argo
452 3885 559 3932 erinndi
575 3885 681 3948 Ipsique
695 3884 776 3948 Aegi-

234 3953 317 3996 netae
328 3947 486 4013 plerumque
497 3951 646 4001 Dorienses
656 3951 777 4000 habean-

234 4019 290 4074 tur,
306 4017 351 4079 qui
364 4016 466 4065 Dorica
478 4016 625 4068 habuerInt
637 4019 775 4070 instituta.

234 4083 314 4132 Prius
327 4081 432 4132 insulse
445 4098 543 4132 nomen
558 4079 672 4150 Ολνύνη
687 4087 776 4148 (conl.

234 4149 345 4200 Pimlar.
360 4150 453 4199 Isthm.
467 4151 498 4212 V,
512 4151 553 4199 44.
566 4152 643 4202 Nem.
656 4154 710 4216 IV,
723 4153 777 4217 75.)

235 4217 270 4266 ad
290 4217 466 4282 Pelasgorum
485 4223 620 4282 aetatem,
644 4221 691 4284 qni
712 4222 778 4270 oliin

234 4283 379 4349 plerasque
412 4286 548 4335 Graeciae
579 4288 707 4352 regiones
736 4293 777 4338 le·

235 4367 332 4412 nuere,
347 4351 455 4402 videtur
465 4353 651 4416 referendum,
665 4355 777 4406 ductum

236 4420 352 4470 forsitnn
366 4419 400 4469 ah
413 4413 520 4486 Οἰνόης
532 4421 649 4486 nomine,
664 4423 736 4488 quod
749 4425 777 4474 iu

830 1519 924 1567 Attica
948 1517 1101 1578 iuvenitnr;
1125 1533 1158 1566 ex
1181 1531 1235 1580 qua
1260 1517 1322 1581 ipsa
1344 1515 1373 1564 hi

830 1585 955 1650 Pelasgi,
970 1587 1016 1650 qui
1029 1587 1108 1649 prImi
1121 1583 1228 1633 insulae
1242 1584 1320 1634 luere
1334 1584 1374 1632 in-

830 1652 919 1714 colae,
930 1655 958 1700 in
969 1669 1030 1702 eam
1040 1652 1142 1701 suerint
1152 1651 1277 1716 Ingressi.
1291 1651 1372 1700 Cous.

830 1720 945 1770 Mueller
960 1720 1007 1770 1.1.
1022 1719 1075 1785 p.8
1088 1735 1144 1784 seq.
1157 1725 1185 1768 et
1196 1720 1252 1768 vid.
1263 1720 1373 1768 omnino

831 1803 877 1852 ea,
896 1803 965 1852 qnae
980 1787 1014 1836 ad
1029 1788 1063 1850 V,
1077 1786 1111 1837 83
1125 1787 1212 1836 allata
1225 1791 1296 1836 sunt.
1331 1787 1373 1836 Ad

829 1862 994 1905 structuram
1023 1855 1166 1905 verborum
1200 1854 1373 1920 sequentium

830 1923 915 1972 facile
940 1923 975 1972 ad
998 1924 1183 1974 nominativos
1206 1916 1373 1984 Χαλιιδέες,

825 1981 991 2054 Ἐρετριέες,
1021 1989 1102 2040 Κεῖοι
1126 2007 1159 2039 ex
1182 1990 1373 2039 antecedenti⁴

829 2059 879 2108 bus
892 2063 983 2107 mente
996 2058 1172 2124 repetendum
1184 2051 1375 2124 lundonienses

831 2127 901 2192 (cap.
909 2127 942 2174 45
952 2125 1009 2189 lin.)
1019 2126 1064 2176 vel
1075 2127 1159 2174 etiam
1170 2115 1373 2190 ἐστρατεύοντο

830 2209 864 2242 ex
876 2195 955 2243 initio
969 2209 1029 2259 cap.
1042 2193 1083 2242 43.
1093 2219 1125 2228 -
1137 2187 1188 2251 τὰς
1198 2184 1245 2242 ἐντ’
1256 2183 1373 2256 Ἄρτεμι-

830 2260 881 2327 σίῳ
892 2259 981 2311 elnone
992 2263 1060 2312 eicit
1071 2263 1168 2310 Noster
1180 2276 1225 2311 eae
1235 2276 1320 2309 naves
1332 2262 1372 2310 vi-

831 2331 914 2394 ginti,
940 2344 1008 2394 quas
1026 2330 1081 2378 iam
1100 2337 1184 2378 antea
1202 2329 1237 2377 ad
1254 2329 1373 2378 Artemi·

829 2398 897 2446 sium
921 2397 1106 2462 praebuerant
1130 2397 1319 2454 θλαῖοῖᾰειιεεε,
1342 2399 1375 2444 ut

829 2464 946 2529 legimus
958 2480 1041 2530 supra
1053 2465 1129 2526 VIII,
1146 2463 1168 2514 l.
1205 2465 1247 2513 Do
1262 2463 1373 2512 orticnli

830 2534 857 2582 vi
870 2534 898 2580 in
911 2533 987 2582 hisce
1000 2533 1105 2582 monuit
1117 2531 1253 2581 Matthiae
1267 2535 1313 2580 (ir.
1325 2533 1372 2580 Gr.

829 2603 852 2660 ξ.
866 2599 925 2648 267.
943 2602 985 2649 De
1001 2599 1190 2649 Eretrienaibua
1203 2601 1239 2650 cl.
1253 2603 1322 2648 nott.
1338 2599 1374 2648 sd

831 2667 963 2729 V111‚43.

844 2781 848 2789 ,
863 2734 944 2784 Κεῖοι
952 2728 1143 2801 -ἌθηνὲωνῙ
1157 2735 1210 2784 Pro
1222 2733 1286 2784 olim
1297 2733 1372 2800 vulg.

827 2791 986 2867 Ἀθηναίων
995 2803 1159 2884 WepscIIng.
1171 2807 1200 2852 et
1209 2803 1236 2852 h.
1244 2802 1263 2850 1.
1271 2807 1300 2852 ot
1309 2817 1371 2868 cap.

828 2870 861 2918 48
874 2877 950 2920 recte
962 2871 1038 2920 dedit
1048 2871 1196 2936 Αθηνεων,
1210 2885 1374 2935 comparans

828 2939 903 2998 VIII,
918 2939 959 2994 45,
972 2939 1020 2988 uhi
1031 2932 1089 2988 α’ττό
1098 2937 1249 3001 Κορίνθου
1258 2945 1287 2987 ct
1295 2937 1371 3000 VIII,

828 3003 869 3067 46,
883 3007 931 3054 ubi
943 2996 1187 3070 οἴετ’Ἐτιδαόρου.
1223 3006 1265 3055 Ad
1276 3021 1372 3055 vocem

828 3071 910 3123 Κεῖοι
928 3074 1000 3124 conl.
1019 3079 1088 3123 nott.
1102 3075 1137 3122 ad
1150 3075 1230 3136 VIII,
1245 3073 1266 3123 1.
1302 3073 1373 3122 1οαί-

829 3155 890 3190 cam
903 3143 994 3205 gentis
1005 3142 1154 3206 originem,
1168 3157 1249 3206 quam
1261 3145 1374 3206 praeter

829 3209 996 3257 Herodotum
1010 3211 1094 3258 otiam
1108 3215 1226 3259 testatur
1235 3207 1327 3258 Sobel.
1338 3209 1373 3258 ad

828 3276 942 3338 Dionys.
961 3276 1071 3340 Perieg.
1089 3275 1154 3335 5¹20,
1183 3293 1216 3326 eo
1239 3277 1371 3336 referunt,

829 3343 900 3406 quod
923 3345 1031 3393 omnino
1050 3345 1200 3406 Cycladum
1222 3343 1373 3393 insularum

829 3409 937 3459 Incolae
968 3411 1003 3460 ab
1032 3411 1135 3461 Ionicis
1161 3413 1263 3462 Atticis
1295 3427 1372 3476 repo·

828 3482 935 3540 tantur,
952 3482 1026 3528 testo
1044 3480 1139 3544 EurIp.
1158 3480 1217 3530 Ion.
1233 3477 1295 3530 1581
1314 3493 1371 3542 seq.

829 3545 980 3608 Thucydid.
1000 3547 1126 3610 v{1‚5n.
1162 3547 1326 3598 Accnratius
1344 3547 1372 3595 iu

828 3613 899 3663 liaeo
912 3615 1056 3679 inquisivit
1066 3615 1250 3665 Brocndsted:
1261 3615 1335 3664 Rois.
1344 3615 1372 3662 in

829 3682 939 3732 Griech.
955 3683 977 3732 I.
995 3697 1059 3748 pag.
1073 3682 1106 3732 55
1124 3683 1186 3732 υοΙΙ.
1200 3699 1226 3748 p.
1239 3683 1281 3731 72.
1318 3682 1372 3743 Qui

830 3765 875 3812 ca,
898 3764 968 3815 qnae
987 3755 1020 3799 de
1038 3751 1134 3800 Ionica
1152 3750 1302 3814 Cycladum
1321 3749 1372 3800 ori-

829 3818 892 3882 gine
906 3819 1092 3882 institutisque
1102 3819 1203 3868 Ionicis
1212 3819 1316 3868 tradita
1327 3833 1371 3866 cx-

828 3890 916 3948 stant,
938 3901 993 3935 uon
1010 3887 1045 3934 ad
1064 3885 1140 3934 illam
1157 3887 1253 3936 Ionum
1270 3887 1370 3952 migra-

828 3953 937 4015 tionem,
952 3967 1023 4017 qnae
1035 3953 1180 4004 undecimo
1193 3959 1258 4003 ante
1269 3953 1330 4002 Chr.
1343 3967 1369 4002 n.

829 4021 932 4068 accidit
949 4020 1043 4070 seculo
1061 4021 1143 4086 (quod
1161 4021 1267 4086 placuit
1279 4019 1310 4070 C.
1323 4019 1368 4068 Fr.

828 4087 998 4136 Hermanno:
1012 4089 1121 4140 Griech.
1132 4087 1336 4138 Staatsalterllr.
1347 4090 1370 4150 §-

829 4153 885 4216 λλ),
904 4155 953 4204 sed
970 4156 1005 4204 ad
1023 4156 1106 4206 aliam
1122 4157 1257 4221 quondum
1270 4155 1370 4220 migra-

829 4221 942 4282 tionem,
963 4239 1033 4288 quae
1052 4226 1141 4273 serius
1159 4223 1275 4274 Athenis
1294 4224 1371 4272 lacta

828 4289 874 4350 sit,
888 4290 986 4338 referri
999 4291 1070 4352 vult3
1083 4292 1154 4341 nude
1169 4291 1368 4356 explicandum,

829 4357 900 4422 quod
918 4358 946 4406 Iu
964 4357 1020 4408 illis
1033 4359 1143 4422 insulis,
1163 4374 1217 4424 qun
1233 4372 1282 4408 nos
1295 4357 1370 4407 novi·

829 4439 887 4474 mus
906 4429 1013 4488 aetate,
1039 4427 1073 4475 cll
1090 4427 1185 4476 Ionum
1202 4426 1371 4476 obtinuerint
