3068 4964
234 454 295 516 228
668 445 934 506 HERODOTI

208 618 332 696 Ἱαότοί
346 649 419 690 τινα
437 615 588 707 ἀλεωρὴν
607 613 811 706 εὑρήσονται.
844 621 889 686 Ol
902 613 965 706 γὰρ
985 613 1026 704 δὴ
1045 613 1300 705 Λακεδαιμόνιοι
1317 611 1372 704 ὁρ-

232 721 328 807 τοιζόυ
345 750 380 792 τε
398 723 516 791 τοῦτον
532 717 591 789 τόν
608 717 744 809 χρόνον,
768 725 827 787 καί
847 739 907 806 σφι
930 707 972 806 66
986 712 1167 788 Ὑακίνθια·
1187 719 1262 806 περί
1282 723 1372 786 πλεί-

233 849 313 894 στου
333 813 400 892 δ
379 851 461 911 ηγον
478 819 518 891 τὸι
534 824 596 891 τοῦ
612 823 697 890 θεοῦ
714 817 910 910 πορσύνειν·
934 815 1001 908 ἅμα
1026 816 1114 888 δὲ
1080 849 1116 888 το
1133 816 1239 908 τεῖχός
1257 840 1317 912 σφι
1335 815 1372 887 τό

235 929 270 996 έν
288 954 333 1018 τω
322 921 505 1017 'scepei’
489 929 642 1012 ετείχεον,
661 924 716 991 καὶ
734 919 799 1009 ἤδη
819 919 948 1004 ἐπάλξις
968 918 1139 1010 ἐλάμβανε.

304 1021 360 1107 Ὡς
397 1026 434 1094 δε
468 1021 626 1094 ἀπίκοντο
656 1027 687 1104 ές
710 1019 772 1111 τὴν
795 1029 1029 1114 Λακεδαίμονα
1052 1027 1087 1091 οί
1107 1019 1238 1110 ἄγγελοι
1261 1016 1336 1090 ol'
1317 1016 1371 1090 απ’

231 1125 437 1216 Ἀθηναίων,
474 1122 541 1216 ἅμα
567 1121 721 1214 ἀγόμενοι
749 1131 786 1194 eu
810 1152 846 1194 τε
873 1123 1042 1214 Μεγάρων
1068 1119 1228 1211 ἀγγέλους
1254 1125 1309 1191 καὶ
1336 1125 1373 1191 έιι

202 1252 212 1301 1
234 1232 444 1312 Πλαταιέοιν,
464 1235 577 1315 ἔλεγον
594 1225 673 1296 τάδε
693 1224 890 1306 ἐπελθόντες
910 1228 962 1295 ἐπὶ
979 1224 1057 1306 τοὸς
1075 1221 1267 1314 ἐνόρους’
1261 1235 1371 1312 Επεμ-

233 1349 301 1415 μου
325 1327 426 1421 ἡμέας
446 1326 617 1451 Ἀθηυμῑοι
636 1330 802 1416 λέγοντες,
829 1324 879 1397 ότι
905 1322 986 1416 ἡμῖν
1012 1323 1168 1414 βασιλεὸς
1194 1320 1212 1394 ὁ
1239 1324 1372 1413 Μήδων

233 1437 329 1503 τοῦτο
347 1429 466 1522 μὲν
430 1460 491 1519 την
514 1429 625 1520 χώρην
647 1426 820 1517 ἀποδιδοῖ,
855 1432 953 1498 τοῦτο
981 1429 1018 1497 δὲ
1044 1426 1235 1517 συμμάχους
1263 1430 1371 1496 ἐθέλει

235 1532 286 1604 ἐπ’
307 1545 362 1625 Ισῃ
380 1561 416 1602 τε
434 1535 488 1601 καὶ
497 1528 603 1653 ὁμοίῃ
621 1530 842 1653 ποιήσασθριι,
869 1527 951 1599 ἄνευ
974 1557 1009 1598 τε
1035 1529 1135 1599 δόλου
1159 1523 1251 1598 xal’
1232 1526 1370 1616 ιιπολτῃς,

235 1638 343 1705 ἐθέλει
362 1631 399 1704 δὲ
417 1636 472 1704 καὶ
490 1631 595 1722 δλλῃν
612 1632 723 1724 χώρην
741 1629 822 1722 πρός
845 1635 887 1721 τῇ
907 1626 1048 1722 ἡμετέρῃ
1074 1628 1204 1700 διδόναι
1213 1627 1306 1719 ,τὴν
1328 1623 1372 1698 ἂν

234 1833 263 1881 in
276 1831 357 1880 lliad.
372 1831 437 1890 Xll,
451 1830 493 1881 57.
510 1830 573 1890 XV,
587 1828 644 1879 333.
663 1828 777 1878 Hesiod.
828 1827 890 1876 hant
907 1845 960 1877 rem
979 1829 1088 1878 divinem
1107 1844 1200 1878 curere
1222 1843 1245 1877 ει.
1264 1829 1370 1877 adelini-

235 1901 306 1964 Opp.
322 1905 349 1946 et
360 1899 395 1946 D.
409 1897 467 1946 402.
481 1897 618 1962 Aristoph.
632 1897 714 1961 Veep.
727 1893 777 1946 613
827 1895 937 1960 serere),
964 1896 1047 1945 attuli
1069 1897 1158 1961 adv,
1174 1893 1221 1958 63,
1247 1895 1295 1944 ubi
1317 1895 1373 1945 vid.

235 1967 346 2016 elneus.
360 1964 538 2014 Doederlein:
558 1965 637 2013 Hom.
656 1963 776 2014 Glossar.
828 1969 896 2013 nott.

234 2035 257 2082 1.
270 2049 334 2098 pag.
347 2032 389 2081 68.
426 2031 481 2080 Sed
498 2048 558 2082 cum
571 2032 678 2080 Koenio
695 2037 777 2080 utre
861 2027 911 2081 uel
927 2022 985 2108 ἦδῃ
1003 2021 1119 2092 erdere
1142 2022 1294 2111 ἐλάμβανε]
1319 2030 1372 2080 Pro

233 2115 320 2166 ponus
337 2101 493 2163 προειπιιν,
519 2100 546 2148 id
566 2100 677 2148 minime
700 2114 775 2164 opus,
828 2099 902 2164 vulg.
915 2084 1302 2163 έποίλξειςοοτὶμείέπαλξις,
1316 2113 1371 2146 mo-

234 2184 295 2216 eum
308 2167 452 2217 subitush
465 2165 481 2214 l.
496 2168 532 2216 sit
545 2166 677 2216 orationis
690 2171 778 2216 trena·
828 2175 910 2216 uento
927 2167 1063 2217 Bredovio
1081 2181 1145 2232 pag.
1158 2165 1216 2216 265.
1253 2168 1306 2217 Ρτο
1322 2161 1372 2215 καὶ

235 2237 303 2296 itus,
329 2235 437 2299 qualem
452 2233 528 2282 alibi
555 2249 660 2298 quoque
682 2235 711 2283 in
734 2234 777 2283 his
829 2227 880 2299 δὴ,
910 2234 980 2299 quod
1010 2249 1071 2283 cum
1097 2233 1247 2284 Schoefero
1277 2237 1373 2283 teuent

233 2303 312 2352 libris
332 2319 361 2351 re
382 2302 490 2351 erimus.
532 2302 586 2362 Qui
604 2302 676 2350 euim
694 2317 777 2366 cupra
828 2250 940 2364 Mnalth„
959 2301 1195 2352 Bekkeretrcco.
1210 2301 1280 2365 edd,
1294 2302 1372 2351 eui-

234 2371 343 2420 dixerat
355 2317 490 2434 έλιεμπον
496 2361 647 2432 α’γγέλονς,
668 2372 724 2418 iam
738 2370 777 2418 di·
828 2369 889 2418 dem
913 2385 974 2420 eum
998 2369 1111 2433 reliquie
1132 2369 1195 2418 dedi
1218 2363 1268 2418 καὶ
1273 2317 1372 2434 ἤδη,

234 2437 273 2486 rit
294 2439 442 2512 προειποιι,
472 2453 505 2486 ac
531 2436 556 2486 ei
577 2437 778 2500 praecessisset
828 2437 900 2501 quod
917 2437 1043 2487 otiamh.
1063 2437 1079 2486 Ι.
1100 2437 1190 2486 citano
1210 2436 1244 2485 ad
1262 2436 1372 2488 helian.

235 2497 366 2555 έκελευον
381 2519 448 2562 τους
464 2495 655 2568 αγγελους
624 2503 704 2552 Iu
716 2520 773 2554 ver
827 2505 860 2554 N.
874 2505 947 2567 Α.,Ι
960 2504 1214 2565 24ο11ετιΙεοοΙιο,
1233 2519 1373 2568 exponens

153 2609 155 2614 .
235 2565 364 2622 bisel
328 2588 367 2638 μη
379 2565 539 2650 ρὶμυνεῠσι
556 2585 639 2620 ausus
651 2585 777 2620 nousum
827 2575 911 2620 statim
923 2577 952 2620 et
963 2573 1082 2622 subitam
1095 2572 1229 2636 subrecti,
1248 2571 1319 2636 quod
1331 2571 1373 2620 δι-

234 2640 354 2689 seribere
367 2629 551 2703 οἷμυνέονσι
564 2638 647 2701 (conl.
660 2637 776 2688 Bredov.
830 2639 913 2702 citur,
927 2640 1106 2690 mutationem
1118 2639 1189 2690 bene
1202 2645 1310 2693 notans.
1329 2639 1372 2688 De

234 2705 325 2772 μ..346
332 2706 543 2756 atbelherone:
554 2705 668 2766 Quaeret.
676 2704 778 2754 dedie—
829 2705 888 2769 ipro
904 2707 1047 2756 murovid.
1061 2711 1130 2757 nott.
1145 2706 1270 2770 adVllI,
1284 2707 1325 2756 71.
1338 2733 1371 2742 -—

235 2775 298 2823 lect.
313 2773 443 2822 llerodot.
463 2773 542 2838 Spec
560 2774 580 2822 Ι.
599 2789 625 2838 p.
639 2771 697 2849 34),
717 2787 778 2821 cum
828 2773 870 2821 De
892 2775 994 2838 ephoris
1015 2774 1132 2823 diximus
1156 2773 1191 2823 ad
1207 2775 1259 2836 vl,
1277 2773 1319 2824 63.
1337 2773 1371 2822 82

234 2841 335 2890 Noster
351 2841 431 2903 Vlll
452 2841 499 2890 143
516 2840 620 2889 habeut
641 2831 681 2904 6p.
683 2832 777 2889 υνεό-
829 2839 891 2888 coll.
909 2841 995 2900 adv,
1012 2840 1053 2891 39.
1088 2843 1200 2891 Etenim
1217 2849 1371 2891 exterarum

234 2907 313 2974 μεθοι
326 2912 353 2956 ct
362 2907 422 2970 Vll,
437 2907 483 2958 134
495 2857 776 2980 ἀποθανευμένους.
828 2907 971 2956 civitatum
984 2877 1072 2973 legati
1085 2909 1120 2958 ad
1132 2909 1283 2974 Spartanos
1295 2909 1373 2958 missi

234 2976 275 3024 Αδ
288 2946 467 3040 particulas‘'
451 2991 539 3025 οτι-
551 2991 596 3036 ως,
610 2990 723 3040 quarum
737 2974 776 3023 ul-
829 2973 863 3022 ab
881 2974 999 3040 Ephorie
1022 2976 1131 3039 publice
1156 2977 1371 3042 recipiebantur,

235 3049 295 3091 tere
309 3043 442 3100 abundat,
455 3043 509 3094 vid.
523 3042 621 3092 Matth.
637 3042 681 3091 Gr.
698 3043 744 3091 Gr.
753 3043 776 3102 ἕ.
829 3042 875 3104 qui
888 3041 952 3091 illos
965 3041 1010 3091 vel
1021 3043 1116 3092 statim
1133 3043 1304 3094 dimitterent
1317 3043 1372 3104 vel,

234 3109 331 3172 628,3.
362 3111 457 3160 Idem
450 3127 504 3159 rum
522 3125 605 3174 supra
622 3110 777 3159 notavimus
828 3124 852 3158 er
865 3109 949 3174 digna
961 3110 1100 3160 videretur
1112 3126 1166 3174 ree,
1179 3111 1212 3160 de
1227 3111 1372 3175 quuSpar

235 3179 269 3227 οδ
282 3148 337 3238 l11,
352 3179 392 3227 71.
429 3177 492 3227 Alia
509 3178 587 3226 dabit
599 3177 741 3240 Strange
734 3192 776 3226 rn.
829 3178 888 3226 tani
900 3177 1094 3238 deliberarent,
1110 3179 1144 3227 ed
1156 3179 1249 3242 populi
1262 3179 1372 3228 concio·

234 3215 348 3294 Jebrbb.
364 3243 776 3318 r.philolog.srrpp1.volnt.
829 3260 890 3294 nem
914 3245 1097 3310 producerent
1124 3245 1210 3296 verbo
1234 3247 1371 3307 sectorem

234 3329 298 3380 pag.
312 3313 370 3364 591.
829 3313 903 3362 cous.
917 3327 985 3376 quae
999 3313 1092 3362 attulit
1103 3312 1277 3363 Lachmann:
1291 3313 1372 3378 Spar-

827 3385 885 3430 ten.
899 3379 1112 3432 Staatsverlase.
1130 3397 1194 3446 pag.
1207 3379 1257 3432 213
1275 3385 1303 3432 et
1315 3381 1370 3431 vid.

830 3448 864 3498 ad
877 3449 979 3499 Herod.
994 3449 1042 3512 VI,
1058 3447 1108 3498 106
1121 3448 1215 3502 allata.

433 3481 500 3531 Chr.
519 3481 609 3531 v11.·

267 3574 432 3648 Ὑακίνθια]
456 3583 558 3648 Attigit
578 3581 718 3633 Plutarch.
740 3583 776 3632 ΙΙ.
1067 3618 1081 3677 5
1113 3617 1122 3665 l

234 3649 777 3716 papeneberinvithristid.10‚pri0ro
1084 3653 1090 3666 '
1127 3657 1133 3670 '

234 3718 293 3768 loco
307 3717 475 3767 Herodotum
488 3735 536 3782 pro
549 3735 622 3768 more
640 3717 777 3769 cavillans
863 3710 910 3769 ἐπ’
925 3715 972 3782 ίσῃ
989 3733 1019 3767 τε
1037 3713 1086 3766 nul
1103 3709 1200 3784 ὁμοίῃ]
1221 3719 1237 3769 i.
1252 3735 1276 3768 e.
1289 3735 1372 3784 aequa

234 3784 474 3846 sineullacausa3
489 3787 543 3836 vid.
553 3787 720 3850 Lahmeyer:
734 3785 776 3834 De
827 3789 978 3837 comestione
1014 3784 1060 3833 Sic
1077 3785 1158 3850 plane
1177 3786 1329 3850 Thucydid.
1347 3787 1369 3846 1,

233 3851 322 3900 libelli
335 3851 495 3902 Plutarcber
502 3856 573 3918 ‚qui
591 3855 624 3904 de
641 3853 724 3916 malr
726 3853 775 3902 nit.
827 3853 874 3912 26,
894 3867 971 3903 curus
983 3852 1072 3901 locum
1087 3853 1167 3902 affert
1178 3853 1303 3919 Vrger
1307 3851 1369 3902 ,96

234 3919 336 3968 Herod.
350 3919 462 3968 inscrib.
475 3937 540 3987 μσς.
554 3921 594 3972 76.
630 3919 708 3982 Quod
728 3935 775 3968 au·
826 3923 921 3985 Neque
945 3919 1027 3968 aliter
1042 3920 1219 4004 Xenophon'
1212 3937 1241 3970 ιιι
1260 3871 1370 3970 Hellen.

233 3975 775 4066 tecedit6ptessomectesehabetne·
826 3989 891 4066 VII,
912 3986 986 4040 1.1:
1017 3977 1073 4038 let
1097 3990 1171 4046 τοίς
1196 3987 1287 4046 ἴσοις
1310 3984 1370 4038 καλ

234 4068 285 4118 que
303 4055 489 4104 mutandum*
482 4073 510 4105 rn
532 4047 678 4120 όρταζον,
705 4055 776 4120 quod
826 4047 966 4122 ὁμοίοις
998 4049 1051 4119 τὴν
1085 4055 1249 4122 συμμαχίαν
1283 4047 1369 4106 εἷναι.

234 4122 373 4170 Sancrolti
393 4123 464 4174 liber
485 4125 613 4188 praeben
637 4123 691 4172 vid.
711 4123 775 4172 Bre-
826 4123 982 4174 Pluravid.
1001 4128 1068 4172 nott.
1088 4125 1123 4173 ad
1141 4125 1193 4186 lx,
1211 4122 1254 4176 26.
1290 4123 1370 4200 Quod

234 4189 296 4238 dcv.
315 4205 376 4254 pag.
393 4189 450 4240 396.
485 4141 559 4240 pDe
552 4207 611 4256 ipso
630 4189 773 4240 lestovid.
826 4191 961 4254 sequitur:
985 4182 1102 4240 ἄνευτε
1121 4159 1207 4242 δόλον
1229 4184 1369 4240 καὶείπό-

233 4261 301 4306 nott.
316 4257 351 4306 ad
364 4258 428 4322 VII
443 4257 493 4308 206
509 4263 537 4307 et
554 4259 605 4316 IX
603 4257 659 4337 ,11.
696 4258 774 4319 Quae
825 4275 841 4308 τ
843 4274 883 4324 ῃ,ς
898 4259 1055 4322 frequenter
1068 4273 1108 4308 erc
1121 4260 1241 4308 nanctum
1255 4275 1371 4324 reperrrr

232 4331 394 4388 sequuntur
407 4298 613 4405 πλείστουδ
593 4341 665 4408 ηγον
677 4321 711 4375 τὰ
724 4323 776 4374 τοῦ
827 4327 930 4375 monuit
943 4327 1065 4392 Lenuep.
1080 4326 1115 4376 ad
1127 4326 1267 4376 Phalarid.
1281 4327 1370 4390 Epist.

233 4390 307 4443 θεοῦ
324 4386 478 4459 πορσύνειν
495 4395 523 4455 (ἰ.
539 4409 563 4444 e.
578 4397 680 4444 maxima
676 4395 775 4456 'socie
827 4411 851 4460 p.
865 4395 915 4443 222
933 4393 992 4458 (244
1010 4395 1052 4444 ed.
1071 4395 1159 4458 Lipe.)
1178 4393 1239 4445 coll.
1253 4393 1369 4444 Dorvill.
