3040 4962
258 507 299 568 66
693 496 959 559 HERODOTI

212 687 252 746 47
262 679 383 744 ἔδοσαν
400 675 518 762 μοῦνοι
535 671 726 759 νησιωτέων
743 673 791 762 τῷ
806 666 964 762 βαρβάρῳ
982 671 1045 756 γῆν
1063 695 1098 738 τε
1116 671 1170 738 καὶ
1189 665 1292 758 ὕδωρ.
1332 659 1409 739 Οὖ-

258 805 309 846 τοι
331 775 393 864 μέν
415 769 558 854 ἅπαντες
584 769 675 852 έντὸς
698 773 866 860 οἰκημένοι
889 773 1098 860 Θεσπρωτῶν
1122 773 1178 840 καὶ
1209 765 1408 860 Ἀχέροντος

259 879 410 966 ποταμοῦ
433 871 682 964 ἐστρατεύοντο·
720 873 911 962 Θεσπρωτοὶ
929 870 992 960 γάρ
1012 878 1074 941 sior
1092 865 1308 961 ὁμουρέοντες
1325 867 1406 960 Ἀμ-

259 975 457 1070 προικιήτησι
484 977 539 1044 καὶ
558 979 791 1061 Λευκαδίοισι,
818 979 852 1042 oi
876 975 908 1056 έξ
936 974 1100 1062 ἐσχατέων
1125 975 1260 1062 χωρέων
1284 975 1405 1062 έστροι-

258 1078 402 1150 τεύοντο.
434 1080 510 1148 Toiv
529 1076 566 1146 δέ
585 1073 676 1156 ἐκτὸς
692 1072 821 1144 τούτων
837 1077 1023 1163 οἰκημένων
1034 1077 1261 1166 Κροτωνιῆται
1279 1077 1404 1163 μοῦνοι

257 1171 355 1270 ἦσαν,
374 1187 408 1250 oi
425 1177 604 1268 έβώθησαν
620 1180 662 1267 τῇ
674 1171 805 1248 Ἑλλάδι
817 1173 1063 1266 κινδυνευούσῃ
1081 1181 1140 1263 νηῒ
1154 1179 1224 1265 μιῇ,
1242 1179 1300 1263 τῆς
1319 1165 1405 1265 ἦρχε

258 1279 344 1374 ἀνὴρ
368 1283 440 1369 τρὶς
465 1286 665 1367 πυθιονίκης
690 1275 851 1358 Φάῦλιος.
893 1280 1121 1368 Κροτωνιῆται
1154 1277 1191 1346 δέ
1214 1281 1309 1364 γένος
1335 1281 1404 1346 eccl

258 1479 353 1542 limus,
372 1479 408 1528 ad
426 1492 506 1544 quarn
521 1477 604 1528 etiam
617 1479 727 1541 spectat
738 1491 801 1541 pro·
854 1475 929 1526 chus.
965 1475 1035 1524 Nam
1048 1473 1142 1524 latiori
1155 1489 1236 1524 sensu
1250 1473 1403 1526 Graeciam

258 1549 381 1598 verbium
406 1540 582 1610 σιφνιᾰζειν,
612 1543 646 1593 de
670 1559 722 1608 quo
746 1543 801 1594 vid.
853 1543 897 1592 vel
916 1547 993 1592 extra
1012 1542 1061 1592 hos
1085 1543 1214 1592 terminos
1238 1557 1299 1591 esse
1318 1547 1404 1607 puta-

258 1613 502 1677 ParoernIograplr.
517 1612 635 1663 Graece.
647 1627 673 1676 p.
689 1611 744 1660 105.
760 1611 802 1659 ed.
853 1611 934 1674 bant,
958 1609 1164 1674 quibuscunque
1188 1609 1258 1659 locis
1277 1609 1403 1660 Graeco·

260 1680 398 1731 Gaisiord.
429 1680 513 1730 Melus
525 1679 615 1728 insula
628 1679 733 1728 ambitu
745 1693 802 1728 ma·
853 1693 910 1727 rum
933 1681 1026 1728 essent
1048 1677 1183 1728 coloniae.
1220 1677 1292 1726 IIiue
1316 1678 1403 1742 paulo

258 1749 300 1797 ier
318 1746 452 1810 simulque
471 1747 604 1808 feracior,
630 1761 710 1810 quam
728 1760 801 1796 nunc
852 1745 969 1794 inferius
987 1745 1165 1796 Crotoniatae
1182 1745 1347 1806 lreleruntur
1364 1745 1404 1795 ad

173 1845 178 1856 ·
257 1819 361 1865 vocant
374 1814 450 1870 Milo,
469 1813 573 1862 Dorica
591 1812 655 1862 olim
674 1813 803 1862 habitata
854 1813 976 1863 Graecos
994 1804 1074 1870 ἐκτὸς
1091 1805 1199 1862 τούτων
1217 1805 1403 1892 οἰκημένους,

259 1881 313 1930 IuIt
325 1896 343 1930 a
355 1885 452 1945 gente,
473 1895 544 1944 quae
558 1879 621 1929 Inde
635 1882 719 1930 etlam
731 1895 801 1930 sem·
852 1880 1013 1947 habitantes
1026 1879 1084 1930 scil.
1096 1885 1174 1930 extra
1184 1880 1319 1930 Graeciae
1334 1896 1402 1930 con-

257 1963 307 2014 per
325 1950 520 2012 Spartanorum
539 1953 634 2012 partes
653 1947 801 2012 amplecte·
853 1949 947 1997 tInuae
961 1947 1040 2010 fines,
1060 1961 1126 2012 quos
1140 1947 1175 1997 ad
1187 1947 1401 2011 Thesprotorum

259 2017 353 2076 batur,
372 2015 460 2065 donec
479 2014 552 2064 bello
565 2013 801 2080 Peloponnesiaco
853 2020 953 2064 terram
966 2015 1031 2080 poni
1044 2015 1122 2064 modo
1135 2015 1260 2064 diximus.
1285 2015 1340 2064 Sed
1354 2031 1401 2064 eo-

258 2083 471 2147 (cI.TI111cydid.
485 2080 664 2147 v‚84seqq.)
683 2083 802 2132 maxima
853 2097 925 2144 rum,
950 2085 995 2147 qui
1020 2084 1093 2132 Intra
1114 2082 1163 2142 Iros
1185 2081 1252 2132 fines
1270 2082 1402 2132 habitant

257 2150 410 2202 incolarum
425 2157 504 2216 parte
517 2151 656 2200 trucidata
669 2151 703 2200 ab
717 2150 802 2199 Athe·
854 2149 920 2212 (τοῖν
933 2140 1012 2208 ἐντὸς
1021 2144 1201 2216 οίκημένων),
1214 2151 1328 2199 extremi
1338 2150 1400 2200 sive

258 2219 401 2269 niensibus
415 2217 505 2268 coloni
520 2218 548 2268 in
560 2217 677 2267 Insulam
691 2217 802 2266 deducti
853 2217 942 2266 ultimi
954 2223 1018 2267 sunt
1027 2219 1220 2267 AmbracIotae
1234 2223 1316 2281 atque
1326 2219 1400 2267 Leu-

258 2291 334 2348 sunt‚
354 2287 401 2352 qui
419 2291 513 2336 tamen
531 2287 583 2350 ipsi
596 2285 678 2350 paulo
691 2291 753 2351 post
765 2285 805 2334 in·
851 2285 938 2346 cadii,
958 2286 1003 2350 qui
1016 2285 1082 2350 Ipsi,
1104 2299 1164 2334 cum
1177 2283 1339 2349 Thesprotia
1358 2287 1399 2334 vi-

258 2355 319 2406 selli
331 2355 421 2406 denuo
434 2355 533 2405 cedere
547 2355 638 2404 coacti
650 2359 721 2404 sunt.
751 2353 776 2402 N
779 2369 805 2402 e·
850 2353 905 2401 ciui
918 2353 982 2414 sint,
997 2367 1030 2402 cx
1044 2351 1146 2418 ultimis
1158 2353 1294 2403 Graeciae
1307 2354 1399 2416 regio·

258 2437 310 2488 que
335 2423 481 2490 pristinum
505 2423 598 2472 florem
625 2435 805 2487 recuperasse
849 2420 930 2470 nibus
954 2419 1100 2470 advenisse
1125 2421 1183 2469 iure
1207 2419 1345 2470 dicuntur.
1365 2445 1399 2454 —-

257 2491 366 2541 videtur
379 2490 481 2548 insula,
501 2505 571 2555 quae
590 2503 661 2540 nunc
681 2492 745 2538 aire
759 2503 804 2552 pe·
847 2477 1075 2552 Ἀμπροικιήτησι
1085 2488 1183 2552 scripsi
1194 2503 1242 2552 pro
1252 2487 1327 2553 vulg.
1339 2479 1397 2553 ’Λμ-

257 2557 363 2606 atilcnti
377 2559 493 2607 maxime
513 2556 661 2606 insalubris
675 2571 735 2606 esse
751 2555 804 2604 ier·
848 2547 1323 2620 npusrdrqoamouenteBredovio
1333 2571 1398 2620 pag.

257 2629 310 2672 tur.
351 2625 431 2672 Gens.
451 2625 588 2674 Illannert.
608 2625 682 2674 VIII.
709 2639 733 2686 p.
755 2621 805 2672 736
850 2621 1183 2684 108‚utinlralx,·28.
1220 2623 1397 2672 Idemdede-

257 2705 323 2754 seq..
337 2691 431 2754 I’oppo
445 2689 479 2738 ad
489 2690 612 2754 Thucyd.
626 2691 648 2752 1,
662 2691 686 2737 2.
701 2706 726 2753 p.
740 2689 798 2748 277,
852 2695 915 2740 runt
932 2690 1058 2740 Diodori.
1079 2695 1106 2740 et
1123 2689 1248 2740 Dietsch.
1284 2691 1325 2740 Ad
1342 2691 1397 2740 Ior-

256 2758 403 2820 Forbiger:
418 2757 526 2806 Handb.
540 2757 566 2805 d.
579 2756 628 2806 alt.
642 2756 799 2821 Gcograph.
851 2773 922 2806 mam
937 2750 1090 2823 έβοὶθησαν
1101 2758 1156 2808 vid.
1165 2763 1234 2808 nott.
1241 2757 1276 2806 ad
1286 2759 1360 2819 VIII,
1374 2759 1397 2807 I.

256 2824 308 2872 III.
321 2840 346 2888 p.
363 2821 435 2871 1028.
467 2823 571 2882 Quibus
585 2823 646 2873 add.
660 2823 799 2872 decretum
885 2823 935 2890 τῆς
952 2811 1022 2891 ἦρχε
1039 2815 1114 2891 α’νὴρ
1132 2821 1192 2889 τρίς
1209 2825 1396 2890 πυθιονίκης,

256 2889 348 2940 delita
361 2889 433 2938 iuter
444 2889 543 2940 Molios
557 2896 584 2939 et
597 2890 726 2940 Cimelios
740 2895 800 2940 orta
852 2885 991 2956 editior]
1005 2893 1072 2942 Cum
1082 2907 1164 2943 unam
1174 2909 1273 2944 navem
1286 2893 1321 2943 ab
1332 2909 1397 2958 opu-

256 2959 298 3005 in:
321 2957 416 3006 Revue
442 2956 649 3022 d'ArcheoIogie
668 2959 715 3007 XI.
734 2973 798 3024 pag.
851 2959 1006 3010 lentissima
1030 2959 1252 3011 crotoniatarum
1281 2961 1397 3012 civitate

254 3023 303 3073 577
322 3039 412 3088 seqq,
441 3023 487 3072 ubi
511 3024 621 3074 adiecta
640 3029 682 3074 est
699 3041 800 3091 mappa
852 3023 1083 3078 Grachsauxilio
1102 3030 1396 3093 missamesseparum

255 3091 457 3156 geographica,
494 3105 565 3156 quae
594 3091 661 3141 Meli
692 3093 800 3142 insulae
852 3095 889 3144 sit
912 3095 1060 3160 credibile,
1084 3097 1143 3146 veri
1166 3095 1196 3146 lit
1219 3095 1395 3156 simillimum,

255 3165 338 3222 atque
361 3158 548 3208 adiacentium
573 3159 723 3209 insularum
745 3163 800 3210 uni
851 3161 924 3212 hauc
948 3178 1047 3213 navem
1072 3179 1126 3214 non
1150 3163 1259 3228 publice
1284 3165 1395 3214 missam

255 3241 316 3274 cum
330 3225 431 3292 Siphno
450 3226 539 3276 insula
552 3231 710 3277 accuratam
725 3229 798 3278 exhi·
853 3245 929 3292 esse,
958 3231 1005 3280 sed
1029 3227 1138 3296 privato
1162 3237 1269 3296 sumptu
1294 3233 1395 3281 iustru-

253 3293 301 3343 bet
313 3293 535 3344 delineationem.
571 3295 603 3370 In
615 3310 692 3360 seqq.
711 3297 745 3345 ud
761 3295 799 3346 lo·
852 3302 925 3346 ctam
945 3313 962 3346 ε
980 3299 1099 3362 Ριομίίο,
1124 3299 1169 3364 qui
1188 3298 1338 3359 Graeciae,
1367 3301 1395 3349 in

254 3362 391 3412 cntionem
401 3359 495 3428 χήντε
507 3357 555 3412 καὶ
566 3359 643 3427 υδωρ
654 3363 727 3412 conf.
740 3365 798 3413 citt
852 3379 906 3429 qua
929 3369 969 3414 tot
992 3366 1117 3416 victoriis
1146 3371 1252 3416 tantam
1278 3366 1394 3432 gloriam

255 3429 290 3480 ar
304 3430 339 3494 v,
357 3429 397 3482 ιι.

429 3599 495 3654 Car.
513 3601 622 3652 XLVII.

290 3688 378 3749 Oritas
390 3694 443 3766 ple
455 3691 581 3782 ἅπαντες
594 3695 673 3760 έντδς
685 3695 797 3767 οἰκημέ-

254 3780 300 3815 νοι
315 3763 489 3834 Θεσπρωτῶν
506 3767 556 3820 καὶ
573 3765 728 3836 Αχέροντος
746 3786 795 3820 το·

253 3829 356 3896 sopori]
380 3835 421 3882 De
441 3835 588 3902 I'leeprotis
606 3837 678 3888 conl.
698 3837 734 3896 V,
753 3836 796 3888 92.

253 3901 277 3960 ξ.
292 3899 322 3960 7,
342 3900 389 3948 ubi
403 3902 486 3950 etiam
500 3903 534 3953 de
547 3907 693 3964 Acheronte
705 3905 796 3966 fluvio,

254 3966 300 4030 qui
312 3979 384 4014 nune
396 3973 513 4017 vocatur
523 3971 601 4022 Gurlo
610 3987 632 4025 s.
643 3972 740 4023 fluvius
750 3972 797 4021 Su-

254 4037 303 4082 lioe
316 4031 473 4098 (regionis),
493 4037 626 4088 nonnulla
645 4039 796 4090 attulimus.

252 4099 411 4150 Tenendum
424 4116 490 4152 vero
504 4107 558 4166 eet,
577 4105 711 4156 Graeciae
730 4105 798 4157 fines

251 4167 335 4232 uulgo
354 4167 388 4217 ad
406 4168 581 4219 Ambraciam
604 4176 683 4238 poni,
708 4189 725 4224 a
744 4189 798 4238 qua

252 4233 316 4284 ἰοδε
336 4234 482 4285 Graeclam
503 4237 592 4302 ipsam
615 4255 636 4288 a.
659 4243 797 4306 propriam

253 4301 372 4351 exordiri
384 4303 509 4354 scribunt
521 4303 621 4370 Scylax
634 4309 658 4368 §.
668 4307 709 4358 33.
722 4325 749 4374 p.
766 4309 796 4356 12

251 4369 339 4418 Huds.
352 4385 377 4434 p.
388 4369 438 4420 255
451 4370 523 4421 Gail.
537 4373 626 4438 (quom
640 4375 694 4426 vid.
706 4377 734 4424 in
747 4391 795 4424 nn·

251 4441 339 4489 notat.
351 4453 413 4504 pag.
424 4437 482 4490 377.
492 4439 553 4504 577)
567 4445 648 4507 ειηοε
662 4443 794 4492 Dicaear-

852 3431 968 3497 adeptus
992 3439 1065 3496 erat,
1091 3433 1274 3499 opitulaturos
1297 3441 1394 3500 sponte

850 3499 994 3550 advenerit
1016 3517 1088 3551 nave
1111 3502 1169 3552 suis
1193 3503 1323 3568 impensis
1346 3517 1393 3567 pa-

849 3573 920 3618 rata.
957 3568 1029 3630 Quin
1042 3569 1152 3619 disertis
1163 3569 1256 3620 verbis
1270 3571 1395 3620 enuntiat

848 3635 968 3686 Pausan.
981 3637 1019 3699 X,
1037 3635 1062 3686 9.
1080 3635 1131 3697 §.1
1170 3637 1315 3701 Phayllnm
1333 3651 1393 3687 eum

848 3703 941 3753 Persis
959 3719 994 3768 pu
1035 3719 1097 3754 asse
1121 3703 1196 3754 νοῦν
1213 3719 1391 3768 παρασκευα-

849 3763 1393 3891 tit‘tt„tiittttttlll'lr‘lfttt

906 3875 913 3902 ‚
1231 3875 1237 3888 .
1326 3878 1332 3890 .
1384 3877 1390 3888 .

849 3921 918 3970 quae
939 3907 993 3956 iam
1013 3906 1094 3957 attuli
1112 3907 1147 3958 ad
1165 3907 1246 3968 VIH,
1267 3907 1307 3958 17.
1349 3909 1391 3958 De

851 3975 951 4038 Ρίιοηίίτ·
959 3975 1083 4025 victoriis
1093 3976 1230 4025 consentit
1238 3976 1391 4026 Pausanias

849 4040 866 4089 I.
878 4039 895 4090 l.
915 4043 1003 4106 Atque
1016 4047 1107 4092 exstat
1115 4044 1143 4092 in
1153 4057 1213 4092 eum
1224 4043 1391 4160 epigramma

849 4109 878 4156 in
891 4108 1037 4174 Antholog.
1051 4110 1142 4160 Pelet.
1153 4111 1184 4159 T.
1192 4111 1261 4175 II.p.
1287 4110 1327 4161 51.
1341 4111 1389 4160 III.

849 4191 875 4238 μ.
885 4173 943 4226 ale.
961 4176 1038 4240 Apud
1052 4177 1262 4244 Aristophanem
1272 4178 1389 4228 Aclrarn.

848 4241 898 4290 tto
910 4243 1013 4306 (Both.)
1026 4245 1108 4311 Vosp.
1124 4243 1190 4295 1206
1202 4247 1247 4310 qui
1261 4261 1389 4296 memora·

848 4313 892 4358 tur
920 4311 1042 4374 Plruyllua
1071 4328 1165 4364 cursor
1196 4312 1390 4363 celeberrimus

848 4375 982 4443 Idemque,
990 4383 1020 4428 ut
1028 4377 1184 4430 Scholiasta
1193 4381 1286 4442 tradit,
1296 4373 1389 4445 'Olop-

846 4443 992 4510 πιονίκης,
1019 4447 1053 4497 ab
1074 4447 1126 4498 hoc
1143 4447 1319 4510 Crotoniata,
1345 4450 1389 4514 qui
