3074 4960
236 422 277 484 96
669 414 940 476 ΗΕΒΟΒΟΤΙ
1001 477 1004 484 ,

217 619 220 624 ·
237 585 456 678 ἐκαραδόκεον
473 583 531 656 τόν
548 583 691 675 πόλεμον
710 589 752 673 κῆ
768 581 985 674 ἀποβήσεται·
1004 591 1039 656 ol
1055 585 1091 656 δὲ
1110 587 1218 656 λοιποὶ
1237 581 1281 667 ώς
1299 581 1374 656 ἀπί-

236 717 333 760 κοντο
359 692 390 769 ἐς
408 684 444 758 τδ
464 685 635 777 Φάληρον,
661 690 808 757 ἐνθαῦτα
831 691 953 775 κατέβη
978 683 1077 767 αὐτὸς
1094 689 1216 775 Ξέρξης
1241 689 1294 756 ἐπὶ
1317 685 1375 768 τὰς

235 794 330 879 νέας,
357 792 484 862 ἐθέλων
508 809 568 877 σφι
591 791 747 878 συμμῖξαι
770 816 806 858 τε
829 790 884 858 uad
908 791 1080 860 πυθέσθαι
1105 791 1172 858 τών
1192 785 1374 858 ἐπιπλωόν-

235 921 303 962 των
326 889 383 972 τὰς
401 888 543 979 γνώμας.
579 886 667 960 Ἐπεὶ
687 890 724 958 δέ
743 886 941 978 ἀπικόμενος
959 897 1124 980 προΐζετο,
1149 892 1303 978 παρῆσαν
1320 917 1374 979 με·

235 992 417 1082 τάπεμπτοι
434 997 469 1062 οί
483 993 551 1060 τών
570 993 698 1062 ἐθνέων
715 995 783 1061 τών
805 994 976 1081 σφετέρων
993 988 1153 1078 τύραννοι
1172 993 1227 1060 καί
1245 995 1374 1080 ταξίαρ-

235 1124 285 1184 χοι
304 1091 368 1164 vind
385 1097 453 1163 τών
470 1095 573 1180 νέων,
599 1095 653 1162 καὶ
671 1098 794 1180 ἵζοντο,
820 1089 863 1172 dg
881 1113 941 1182 σφι
959 1088 1113 1180 βασιλεῦς
1133 1091 1259 1186 ἑκάστῳ
1277 1090 1375 1182 τιμὴν

237 1194 414 1284 ἐδεδώκεε,
450 1198 578 1284 πρώτος
620 1195 682 1283 μὲν
713 1189 731 1262 ὁ
763 1192 928 1275 Σιδώνιος
959 1191 1132 1282 βασιίεύς,
1167 1191 1248 1288 ueta}
1281 1195 1318 1262 δέ
1355 1188 1373 1263 ὁ

241 1296 377 1386 Τύριος,
403 1299 456 1366 ἐπὶ
481 1297 518 1365 δέ
543 1285 649 1365 ώίλοι.
695 1289 739 1376 ώς
764 1295 800 1364 δέ
824 1293 935 1388 κόσμῳ
961 1298 1073 1382 ἐπεξῆς
1096 1300 1219 1382 ἵζοντο,
1244 1297 1374 1384 πέμψας

235 1401 356 1489 Ξέρξης
383 1396 580 1487 Μαρδόνιον
604 1395 742 1486 είρώτα,
768 1393 1038 1485 ἀποπειρώμενος
1058 1394 1216 1484 ἑκάστου,
1242 1403 1273 1465 εί
1294 1425 1373 1466 ναυ-

189 1513 229 1575 68
236 1508 358 1589 μαχίην
375 1502 525 1570 ποιέοιτο.
558 1495 646 1570 Ἐπεὶ
666 1499 702 1567 δέ
721 1494 860 1588 περιϊών
878 1495 996 1586 εἰρώτα
1013 1493 1030 1567 ὁ
1050 1495 1260 1587 Μαρδόνιος,
1279 1493 1375 1582 ἆρξοὶ-

235 1629 333 1689 μενος
352 1597 416 1670 ἀπὸ
434 1603 495 1669 τοῦ
511 1606 698 1686 Σιδωνίου,
717 1605 752 1668 οί
766 1599 828 1688 μὲν
847 1597 888 1686 δη
905 1596 998 1668 ἄλλοι
1017 1596 1098 1668 κατὰ
1115 1594 1221 1668 τώυτδ
1239 1595 1375 1687 γνώμην

237 1703 448 1792 ἐξεφέροντο,
472 1699 665 1782 κελεύοντες
693 1707 883 1790 ναυμαχίην
911 1703 1101 1788 ποιέεσθαι,
1129 1696 1313 1790 Ἀρτεμισίη
1339 1699 1374 1769 δέ

235 1932 269 1984 46
281 1936 309 1984 et
322 1932 356 1982 ed
369 1949 486 1998 sequens
506 1924 700 1997 ἐκαραδόκεον
712 1937 779 1984 nott.
832 1933 913 1984 abest
929 1949 989 1984 mox
1002 1949 1062 1998 eap.
1076 1931 1121 1994 68,
1141 1933 1182 1982 ita
1200 1947 1286 1997 aeque
1304 1933 1373 1982 bene

236 2002 270 2051 ad
283 2002 345 2063 Vll,
363 2000 417 2050 168.
454 2003 531 2062 Quae
550 2001 629 2050 initio
642 2001 721 2050 liuius
734 2017 780 2066 pe·
832 2001 945 2050 retineri
958 2017 1038 2066 posse
1053 1999 1147 2064 eredo,
1161 2001 1239 2050 libris
1251 2015 1375 2065 praeser-

235 2069 305 2118 riodi
318 2069 446 2134 leguntur
463 2068 561 2117 verbe:
581 2059 643 2118 ἐπεὶ
659 2055 699 2118 aiv
713 2061 780 2118 α’πί-
831 2070 880 2116 tim
904 2067 1137 2134 adstipulantibus
1161 2068 1293 2118 omnibus.
1335 2067 1375 2117 Ad

236 2151 305 2186 κατο
324 2127 352 2194 ἐς
369 2130 420 2195 τὰς
436 2126 555 2201 Ἀθήνας
573 2129 678 2194 πάντες
691 2123 779 2198 οὖτοι,
832 2141 1021 2200 argumentum
1039 2135 1093 2186 vid.
1106 2141 1175 2186 nott.
1189 2136 1223 2184 ad
1237 2135 1300 2194 VII,
1316 2133 1374 2184 100.

237 2221 270 2254 ea
288 2209 399 2270 propter
416 2205 500 2253 verbe
522 2205 685 2270 interposita
707 2197 778 2266 (Ποί-
831 2203 872 2252 nd
896 2204 981 2254 verba
1007 2193 1045 2260 ώς
1072 2195 1103 2252 δέ
1133 2197 1246 2267 κόσμῳ
1273 2194 1375 2268 ἐπεξῆς

236 2287 292 2334 ριοι
311 2267 342 2321 δὲ
362 2297 392 2305 -
411 2263 598 2337 οῖποβήσεται1
621 2277 781 2337 repetuntur
833 2267 925 2331 ΐζοντο
944 2271 972 2334 (i.
988 2287 1011 2319 e.
1029 2277 1055 2318 nt
1071 2287 1131 2320 vero
1148 2271 1237 2321 ordine
1255 2271 1375 2333 deinceps

237 2330 781 2456 99911101111199911
831 2339 1028 2456 iiiiii.
1037 2337 1272 2456 9119ἷῖ111
1276 2335 1373 2454 ltil’

237 2421 717 2550 lldlei’duddlnuiutiuaipidloi’vielllie
732 2423 778 2524 li·
832 2479 876 2522 tur
888 2422 998 2532 Graiam,
1020 2420 1081 2522 aldd.
1101 2421 1215 2536 Diolyi.
1236 2472 1325 2524 Halie.
1342 2474 1373 2522 A.

237 2541 335 2592 θαῦτα
353 2535 457 2607 κατέβη
475 2535 561 2598 αυτὸς
574 2535 690 2606 Ξέρξης.
727 2541 779 2602 Qui
831 2540 863 2590 R.
878 2541 914 2602 V,
928 2543 960 2589 II
978 2547 1006 2589 et
1019 2555 1088 2604 quae
1106 2541 1163 2590 alia
1176 2541 1327 2590 afferuntur
1339 2541 1374 2590 ai·

237 2611 321 2672 igitur
338 2610 453 2673 primum
470 2609 583 2673 scripsit
595 2599 720 2658 οέπίκατο
740 2609 779 2670 (iu
832 2607 910 2656 milia
924 2609 952 2657 iu
965 2608 1106 2656 Thesauro
1120 2609 1199 2672 Ling.
1214 2607 1312 2658 Graec.
1327 2607 1373 2656 IV.

237 2676 523 2740 plusquamperleet0;
554 2676 588 2724 cl.
614 2675 729 2724 Bredov.
753 2691 779 2738 p.
831 2691 858 2739 p.
874 2673 946 2724 1899.
983 2667 1374 2726 Οου1.ε11απιοδδεν1κό-

237 2741 311 2804 328),
335 2743 358 2790 ie
377 2758 437 2791 mex
459 2743 551 2806 posuit
568 2742 696 2792 aorietum
713 2731 778 2790 α’πί-
832 2755 914 2807 σμῳ,
933 2743 966 2792 de
985 2757 1037 2807 quo
1055 2743 1172 2792 diximus
1191 2743 1225 2792 nd
1240 2743 1317 2802 VIII,
1331 2741 1373 2792 69.

236 2822 329 2868 κοντο,
347 2809 372 2857 id
383 2809 456 2857 enim
466 2815 608 2874 utrumqne
619 2809 713 2874 optimi
723 2809 780 2873 qui·
849 2809 898 2859 .3.
919 2837 948 2846 -
974 2811 1014 2859 Ad
1039 2825 1120 2860 voees
1142 2801 1374 2875 αίποπειρώμενος

237 2891 288 2939 que
307 2875 384 2924 codd.
404 2877 550 2940 praebent,
571 2877 641 2940 quod
659 2891 723 2926 vero
743 2869 779 2925 δὲ
831 2873 951 2928 εκοίοτου
964 2879 1037 2927 conl.
1047 2883 1113 2928 nott.
1125 2879 1160 2927 ad
1170 2879 1218 2936 III,
1231 2877 1287 2928 119.
1306 2877 1373 2928 Add.

237 2944 265 2991 iu
287 2942 339 2992 hae
351 2999 354 3006 ⁴
364 2943 528 3008 repetitione
547 2945 665 3008 priorum
682 2958 779 2994 vocum
830 2945 881 3002 VI,
894 2943 927 2993 48
946 2951 973 2994 et
985 2945 1039 2994 vid.
1053 2944 1124 2994 Plat.
1138 2945 1243 2996 Phaed.
1257 2962 1284 3026 μ.
1298 2945 1373 2994 t'OE:

236 3011 390 3060 iuveuImua
403 3009 538 3072 additum,
558 3011 629 3060 haud
644 3027 705 3060 raro
717 3017 780 3075 post
831 3003 973 3062 ἐνυπνίων
985 3011 1070 3062 τινών
1082 3003 1102 3062 α’
1108 3027 1288 3079 ποτειρωμ
1297 3027 1374 3071 ενος

235 3077 322 3128 verba
345 3078 493 3126 interiecta
511 3078 540 3128 id
560 3079 619 3127 fieri
640 3077 722 3139 solet,
749 3084 780 3127 ut
829 3077 859 3129 τί
874 3074 958 3144 λέγοι.
994 3079 1087 3128 Verba
1109 3079 1274 3146 ναυμαχίην
1297 3075 1374 3131 ποιέ-

147 3159 150 3166 “
236 3159 320 3209 eupra
336 3145 378 3200 11,
398 3143 458 3205 1203
484 3159 562 3210 quem
585 3160 661 3194 naum
684 3145 779 3210 attigit
829 3161 962 3196 ottonum
975 3145 1007 3197 G.
1022 3147 1180 3198 Hermanno
1195 3147 1372 3214 Opueee.IV.

235 3212 336 3262 Matth.
356 3212 401 3262 Gr.
421 3211 466 3262 Gr.
484 3217 508 3274 §-
527 3211 585 3262 616.
626 3213 668 3262 De
693 3214 779 3263 Paride
830 3231 855 3280 p.
868 3213 910 3264 90.
923 3214 954 3264 91
969 3214 1145 3264 reddiderim:
1165 3233 1198 3266 an
1207 3233 1316 3283 μαρκαοι
1329 3233 1374 3266 nu·

236 3279 310 3331 conf.
323 3280 360 3337 V.
373 3279 407 3330 28
419 3295 495 3345 aeqq.
508 3279 550 3331 31.
566 3279 616 3342 Vl,
638 3278 684 3331 133
702 3295 777 3346 seqq.
829 3287 907 3332 vatem
919 3284 1036 3334 committi
1047 3290 1190 3334 censerent.

235 3347 310 3410 VIII,
324 3346 379 3396 112.
404 3349 446 3398 De
458 3348 541 3400 verbo
555 3345 692 3414 συμμῖξαι
705 3351 777 3399 conl.

235 3421 304 3466 nott.
323 3415 358 3466 ad
376 3417 453 3476 VIII,
471 3415 512 3466 58.
554 3417 585 3465 ln
606 3417 699 3466 verbIe
717 3433 796 3482 pror

234 3487 305 3534 xime
328 3485 507 3550 sequentibus
523 3484 628 3535 Xerxes
650 3489 779 3550 tauquam
998 3485 1064 3536 Cae.
1082 3487 1207 3537 LXVIII.

236 3569 283 3602 rex
295 3547 440 3616 προΐζετο,
459 3555 477 3602 1.
492 3567 516 3602 e.
529 3554 614 3604 aedem
630 3557 745 3604 altiorem
757 3569 779 3602 e.

232 3623 398 3684 praecipuam
410 3623 478 3685 cepit
495 3636 562 3686 pree
578 3623 710 3682 caeteris,
733 3621 778 3688 qui
863 3614 894 3672 οί
913 3613 967 3686 μὲν
989 3613 1025 3686 δή
1042 3609 1123 3672 ἄλλοι
1141 3649 1174 3658 -
1191 3613 1371 3688 ἐξεφέροντο]

236 3687 338 3736 circum
352 3688 439 3752 ipsum
454 3687 560 3750 ἵζοντο,
579 3691 596 3740 i.
612 3706 635 3740 e.
649 3691 689 3739 ita
701 3689 778 3739 eede—
829 3689 870 3739 Ad
883 3690 1048 3740 locutionem
1058 3690 1130 3740 conf.
1141 3691 1173 3752 V,
1184 3689 1217 3740 36
1227 3691 1293 3756 ibiq.
1303 3695 1372 3741 nott.

235 3758 297 3802 rant
310 3754 386 3804 cirea
398 3771 504 3820 regem,
517 3759 609 3821 prouti
620 3758 691 3807 hune
703 3758 779 3806 iuxta
829 3757 890 3808 Duo
909 3757 987 3809 codd.
1005 3756 1071 3806 daut
1086 3743 1184 3822 ώλλοι,
1209 3758 1258 3808 alii
1275 3752 1305 3808 οί
1320 3751 1374 3824 μὲν

235 3835 328 3884 regem
345 3821 460 3872 sedendi
477 3823 566 3874 Iocum
584 3831 713 3890 tauquam
731 3824 778 3875 ho·
828 3814 919 3876 ἄλλοι.
955 3825 997 3874 Τιι
1015 3825 1087 3874 conl.
1101 3825 1188 3876 Koen.
1209 3827 1244 3875 ed
1259 3827 1371 3892 Gregor.

235 3903 329 3936 norem
347 3888 445 3953 cuique
461 3892 596 3940 tribuerat
613 3909 673 3951 rex,
691 3909 711 3942 e.
726 3907 777 3957 quo
829 3892 892 3940 Cor.
910 3892 943 3940 de
962 3891 1075 3942 dialect.
1094 3893 1159 3942 Dor.
1178 3895 1201 3956 §-
1217 3893 1256 3943 12.
1273 3911 1298 3960 p.
1317 3891 1371 3942 199.

235 3955 296 4005 loco
315 3959 343 4004 et
356 3971 410 4018 qua
422 3956 558 4021 dignitate
574 3959 669 4010 eadere
683 3976 700 4010 a
712 3975 776 4024 rege
827 3985 862 3995 -
873 3960 914 4008 lle
925 3959 1064 4008 Artemuia
1076 3960 1132 4010 dixi
1143 3961 1178 4010 ad
1190 3961 1253 4023 VII,
1265 3960 1311 4022 99,
1325 3961 1373 4010 ubi
1518 3993 1519 4014 ;

235 4023 303 4072 iueei
317 4027 405 4074 eraut.
733 4049 734 4054 =
828 4029 883 4076 Inm
917 4027 1036 4077 excitavi
1066 4027 1372 4079 Pseudo-Plutarchum
1518 4047 1519 4050 ¹

268 4081 439 4167 ὁζιδώνιος
452 4085 595 4156 βασιίεώς]
613 4093 714 4141 Vocem
728 4090 777 4156 βα·
802 4151 805 4158 1
829 4095 900 4158 (Vol.
917 4095 952 4144 11.
971 4109 997 4160 p.
1016 4092 1104 4144 8699.
1124 4096 1192 4161 aeq.)
1214 4095 1373 4146 Herodotea
1517 4061 1519 4146 l

235 4157 328 4215 σι1ευς
345 4157 407 4207 tolli
424 4158 484 4208 vult
496 4159 583 4208 Cobet
599 4158 776 4222 (lllnemoeyn.
829 4163 964 4212 immerito
989 4161 1181 4226 cavillantem,
1207 4163 1240 4214 de
1265 4178 1318 4228 que
1342 4179 1371 4212 re

234 4225 281 4274 IX.
295 4242 321 4290 p.
334 4223 394 4290 289)
414 4242 447 4276 eo
465 4241 498 4274 ex
516 4241 577 4288 usu,
602 4226 635 4274 de
654 4239 706 4289 quo
724 4227 778 4274 iam
829 4231 882 4278 vid.
908 4229 1075 4293 Lahmeyer:
1106 4231 1149 4280 De
1174 4230 1315 4280 Plutarchi
1339 4229 1371 4279 li·
1517 4265 1518 4290 3

236 4293 270 4342 ad
288 4294 314 4354 1,
332 4293 348 4343 2
366 4293 431 4344 dixi.
475 4293 608 4358 Equidem
630 4297 659 4342 ut
681 4293 778 4342 abesae
830 4296 909 4355 belli,
928 4298 974 4362 qui
991 4297 1025 4348 de
1038 4298 1174 4364 maliguit.
1188 4298 1319 4348 Herodot.
1332 4298 1372 4348 in·
1517 4291 1518 4346 l

235 4359 308 4410 haud
318 4360 388 4412 mele
400 4378 500 4414 eeuaeo
509 4377 613 4426 vocem,
627 4375 697 4428 quae
710 4375 778 4412 aene
830 4363 910 4413 scrib.
925 4372 977 4415 ete.
991 4381 1055 4431 pag.
1068 4365 1109 4418 73.
