3068 4964
221 368 283 428 214

658 355 922 418 HERODOTI

220 533 324 622 σύνης
342 549 426 614 roto:
435 528 569 619 Ἕλλησι
585 527 801 618 Ἀθηναίους,
829 525 984 618 οὐδαμοῖς
1002 523 1201 617 ἀνασχετόν,
1229 533 1359 608 οἵτινες

222 639 287 706 αἰεὶ
305 638 359 706 καί
377 633 413 706 τό
432 631 532 704 πάλαι
550 639 716 721 φαίνεσθε
742 629 883 711 πολλοὺς
912 628 1198 720 ἐλευθερώσαντες
1225 625 1356 719 ἀνθρώ-

222 767 303 808 πων.
329 737 557 824 Πιεζομέυοισι
575 737 686 824 μέντοι
703 728 786 822 ὑμῖν
804 730 1057 822 συναχθόμεθα,
1078 735 1132 801 καί
1150 727 1200 801 ὅτι
1220 734 1416 822 καρποῖνσδθ
1509 741 1510 772 l

223 837 416 930 ἐστερήθετε
436 840 535 920 διξῶν
552 833 634 924 ἤδη,
653 837 708 905 καὶ
725 829 775 904 δτι
793 832 1044 924 οἰκοφθόρησθε
1063 831 1185 923 χρόνον
1202 829 1266 920 ἥδη
1284 841 1360 902 πολ-

223 941 289 1012 λόν.
327 936 400 1009 ἀντὶ
424 936 552 1008 τούτοιν
578 938 616 1007 dl
638 931 720 1026 ὑμῖν
742 933 1003 1024 Λακεδαιμόνιοί
1023 963 1058 1004 τε
1076 937 1131 1004 καὶ
1149 939 1184 1004 oi
1198 932 1362 1023 σύμμαχοι

224 1044 479 1131 ἐπαγγέλλονται
497 1037 657 1128 γυναῖκάς
675 1066 710 1108 τε
729 1040 783 1108 καὶ
810 1035 850 1106 τὰ
877 1041 909 1118 ἐς
936 1035 1080 1124 πόλεμον
1106 1034 1251 1126 ἄχρηστα
1277 1041 1362 1105 οἰκε-

908 1133 1075 1160 :ner

222 1147 307 1215 τίων
326 1141 464 1232 ἐχόμενα
481 1139 589 1211 πάντα
608 1141 820 1228 ἐπιθρέψειν,
849 1146 904 1208 ἔστ
936 1167 979 1208 αν
997 1168 1014 1208 ο
1033 1147 1173 1226 πολεμος
1199 1133 1257 1206 ὅδε
1284 1159 1363 1206 συν-

224 1243 354 1335 εστήκη.
413 1240 473 1332 Μὴ
502 1243 538 1312 δὲ
564 1238 666 1332 ὑμέας
690 1237 911 1330 Ἀλέξανδρος
937 1235 955 1310 ό
979 1236 1150 1310 Μακεδών
1173 1235 1363 1328 όναγνιόση,

225 1345 344 1436 λεήνας
362 1343 421 1416 τόν
439 1351 639 1436 Μαρδονίου
657 1340 769 1430 λόγον.
806 1340 912 1435 τούτῳ
936 1341 998 1431 μὲν
1022 1338 1084 1431 γὰρ
1108 1343 1211 1410 ταῦτα
1230 1343 1365 1430 ποιητέα

225 1545 352 1596 ckenarii
375 1543 512 1594 medicine
529 1557 559 1594 τε
580 1548 641 1608 post
658 1535 769 1600 αἰτίους

225 1613 386 1674 inserentis,
403 1627 482 1676 quam
496 1610 660 1676 particulam
674 1611 715 1659 ita
727 1625 769 1659 so·

225 1682 280 1730 lam
293 1679 357 1745 poni
370 1679 470 1729 docent
483 1679 518 1728 ad
530 1679 595 1740 VII,
613 1677 660 1728 188
673 1677 768 1728 allata.

225 1751 264 1798 Ac
282 1748 412 1813 probatur
435 1745 505 1795 haec
523 1746 678 1795 emendatio
695 1746 770 1794 Hoe-

226 1832 291 1880 gero
308 1815 337 1862 in
350 1815 422 1863 Actt.
440 1813 517 1878 phill.
536 1814 662 1862 Monacc.
676 1813 731 1874 III,
744 1813 769 1861 4.

226 1901 251 1948 p.
271 1883 333 1944 525,
354 1883 394 1932 ita
412 1887 518 1940 temen,
538 1889 568 1929 ut
586 1880 770 1945 particulare

226 1955 288 2015 post
301 1941 477 2013 δουλοσύνης
495 1947 657 2006 collocetur,
677 1948 769 1998 abscr-

227 2023 275 2082 pta
288 2017 347 2066 scil.
362 2016 487 2080 sequenti
500 2017 581 2067 τοίσι.
613 2016 692 2078 Quod
704 2031 769 2066 vero

227 2085 394 2136 Schnelerus
416 2083 531 2133 dederat
554 2077 661 2132 τούτων
679 2075 770 2132 danv-

227 2147 352 2215 τώντων,
371 2153 468 2200 morito
488 2149 559 2200 idem
572 2151 716 2216 Hoegerus
730 2167 770 2200 re·

227 2220 314 2285 spuit,
352 2219 477 2284 quamvis
509 2218 771 2284 Schweighaeusero

226 2288 381 2354 probatum,
395 2287 439 2352 qni
451 2286 484 2336 de
499 2286 659 2336 confusione
673 2287 772 2336 utrius·

228 2371 279 2421 que
303 2356 379 2405 vocis
403 2353 477 2404 haud
501 2354 669 2418 infrequenti
694 2353 772 2419 plura

228 2423 340 2488 profert.
387 2422 464 2483 Quod
492 2421 617 2486 equidem
643 2421 719 2482 dedi,
744 2421 773 2471 id

227 2490 325 2541 Matth.
349 2490 393 2539 Gr.
413 2489 459 2538 Gr.
481 2490 504 2550 ξ.
523 2487 586 2550 1134,
609 2489 620 2538 l
645 2491 709 2554 poni
734 2489 773 2538 ait

229 2575 290 2624 pro:
313 2549 421 2607 τούτων
437 2547 575 2606 ἁπάντων
597 2551 709 2614 αἰτίους
725 2546 772 2606 ὄν-

229 2641 291 2684 τας,
317 2619 428 2682 αἰτίους
452 2618 599 2688 γενέσθαι.
638 2625 677 2673 Ac
701 2625 772 2673 bene

229 2694 300 2743 hanc
310 2692 457 2741 lectionem
467 2697 560 2740 tuetur
568 2691 639 2741 Eltz.
650 2690 667 2740 l.
680 2690 697 2740 l.
708 2707 771 2756 pag.

229 2759 292 2818 343,
318 2760 455 2823 genitivos
473 2753 581 2808 τούτων
597 2749 734 2808 ἁπάντων
755 2775 772 2808 a

230 2821 405 2890 δουλοσύνης
420 2827 539 2890 pendere
553 2831 642 2886 ratus,
661 2826 773 2876 adeant

229 2893 385 2943 Herodotus
395 2893 446 2942 hoc
456 2893 545 2942 dicat:
556 2901 785 2960 „praetereaque-

228 2968 255 3011 nt
265 2962 341 3010 haee
352 2962 432 3012 orani
438 2977 453 3008 a
466 2963 490 3008 in
502 2965 645 3011 servitutem
653 2964 774 3025 νεσίγσιι-

229 3036 284 3088 tar,
302 3033 421 3077 auctores
434 3031 496 3090 fieri
513 3030 620 3078 Graecis
635 3031 773 3080 Athenien·

229 3111 278 3156 res,
292 3110 335 3144 res
347 3099 412 3146 nullo
424 3096 497 3146 morlo
506 3097 632 3158 serenda·
644 3097 690 3161 qui
703 3111 772 3146 sem·

230 3179 279 3230 per
296 3167 323 3211 et
339 3163 394 3214 iam
413 3163 515 3226 pridem
533 3163 631 3213 multos
649 3165 773 3214 homines

230 3233 258 3280 in
269 3229 426 3279 libertatem
437 3230 678 3282 vindicaveritis.“
707 3233 773 3281 Ver-

230 3299 273 3347 bis
284 3295 373 3346 τασῖτα
383 3287 497 3346 ἅπαντα
511 3298 581 3348 idem
594 3299 714 3366 intelligi
727 3314 773 3364 pu-

231 3370 274 3415 tat
288 3367 426 3414 aamercort
441 3365 580 3414 Graeciam.
603 3367 723 3417 Eltzium
733 3383 773 3416 ae·

233 3439 311 3482 cutus
329 3433 455 3483 Dindorl.
474 3432 606 3484 Herodoti
630 3435 715 3485 verba
733 3436 773 3484 sic

230 3502 330 3551 Latine
350 3501 500 3567 expressit:
519 3501 622 3562 „horrca
635 3506 711 3568 ipitur
723 3519 773 3553 om·

231 3571 295 3618 aium
323 3575 442 3619 πνείοντε
467 3569 584 3629 Graecis,
612 3578 720 3634 praeter
742 3587 774 3620 cn

231 3639 305 3685 etiam
314 3637 442 3686 servitutis
449 3637 509 3699 fieri
518 3637 693 3702 Athenienses,
707 3642 773 3688 nullo

232 3705 303 3751 ιιιοδο
320 3703 389 3764 soret
401 3703 566 3756 tolerabile.“

266 3766 301 3817 οῖ’
308 3783 382 3836 τινες
399 3764 458 3820 αἰεὶ
470 3769 520 3820 καί
534 3762 566 3820 τὸ
579 3762 667 3821 πάλαι
681 3799 710 3807 -
724 3763 773 3824 οἷν-

231 3829 370 3900 θριίπων]
386 3835 466 3896 „Hoc
480 3842 540 3886 erat
552 3838 773 3901 Atheniensibus,

233 3901 331 3966 quibus
349 3917 456 3968 semper
473 3905 573 3954 Noster
590 3905 668 3956 iavet
702 3910 774 3959 cont.

233 3973 302 4018 nott.
316 3969 351 4018 etl
362 3970 427 4030 VII,
443 3969 492 4021 139
505 3977 533 4021 et
546 3973 622 4034 VIII,
639 3971 687 4022 140
714 3965 775 4040 ἥδι-

233 4049 312 4096 στον,
331 4041 361 4085 ut
379 4038 507 4100 arbitror,
530 4033 672 4105 αἰιρόαμα.
707 4043 777 4092 llam

234 4107 261 4154 in
275 4119 330 4153 rem
344 4105 469 4170 exempla
481 4121 587 4172 qrroqae
599 4113 707 4167 vetera,
721 4111 776 4158 He·

233 4171 329 4221 rodoto
353 4176 419 4221 nota
444 4180 526 4238 atqua
551 4175 599 4224 illo
623 4177 777 4227 recentiora

235 4237 405 4306 collegerunt
428 4241 457 4290 in
481 4241 696 4294 Panathenaicis
720 4245 776 4294 suis

234 4309 372 4359 Isocrates
391 4312 418 4360 et
430 4308 578 4372 Aristides;
598 4325 708 4374 qaorum
722 4327 777 4361 mo·

821 1555 865 1590 res
878 1555 985 1590 suornm
998 1539 1168 1605 popularium
1186 1539 1306 1588 moribus
1319 1555 1365 1604 op-

821 1623 925 1744 ponens
939 1607 1219 1658 Lacedaemoniorum
1237 1623 1253 1656 e
1271 1623 1298 1672 p.
1316 1606 1366 1656 '240

837 1691 898 1740 cap.
920 1675 959 1726 13,
982 1677 1006 1736 ἓ.
1024 1673 1068 1740 35]
1094 1675 1204 1725 tandem
1227 1673 1366 1724 concludit

821 1761 847 1808 p.
858 1741 945 1794 1283Β.
958 1741 1030 1808 [cap.
1041 1742 1083 1793 95.
1096 1745 1120 1804 ἕ.
1130 1741 1199 1808 2111.
1219 1743 1366 1792 Athenien·

822 1826 866 1860 ses
890 1815 998 1861 veteres
1022 1811 1108 1860 fuisse
1133 1803 1296 1876 εἰρηνικοὺς
1316 1805 1366 1859 sel

823 1872 995 1943 φιλέλληνος
1007 1875 1057 1928 καί
1069 1876 1120 1954 τῆς
1133 1871 1261 1942 ἰσότητος
1272 1877 1322 1944 τῆς
1336 1868 1367 1928 ἒν

821 1949 885 2004 ταῖς
906 1944 1062 2004 πολιτείαις
1085 1941 1240 2012 ηγεμόνας·
1270 1945 1366 2007 Σπαρ-

822 2009 921 2072 τιάτας
939 2007 971 2064 dl
989 2005 1198 2078 :inspectatoris
1220 2010 1268 2064 acl
1286 2014 1366 2063 πολε-

822 2075 924 2148 μικοὺς
941 2078 991 2132 καί
1009 2075 1260 2138 πλεονεκτινοός.“
1288 2083 1312 2130 V
1318 2085 1364 2130 at-

822 2150 911 2200 clen.
936 2151 989 2199 Pro
1004 2149 1076 2214 vulg.
1089 2144 1295 2213 πιεζευμένοισι
1305 2149 1367 2198 Flo·

823 2219 947 2268 rentiuus
959 2217 1031 2267 liber
1043 2222 1071 2266 et
1084 2217 1183 2266 Aldina
1196 2217 1263 2266 ‹lant
1276 2215 1339 2277 πιεζ
1360 2241 1366 2250 ·

824 2279 934 2350 μόνοισι
953 2283 995 2348 (ut
1008 2301 1101 2336 omnes
1115 2285 1190 2334 codd.
1205 2285 1232 2345 1,
1249 2283 1304 2334 lle.
1319 2285 1365 2342 lx,

824 2351 865 2402 20.
885 2351 946 2414 eu),
966 2353 1037 2418 quod
1054 2354 1162 2418 recepi:
1182 2352 1236 2403 vicl.
1250 2357 1318 2401 nott.
1332 2352 1368 2400 ad

824 2423 852 2482 I,
869 2419 923 2470 lsr.
937 2447 970 2455 -
987 2421 1105 2470 Verbum
1118 2414 1310 2484 οἰκοφθορεῖν
1327 2425 1367 2469 at·

824 2489 875 2553 tigi
886 2487 1007 2548 admi).
1021 2489 1167 2538 Caeterum
1180 2493 1243 2553 epte
1253 2503 1313 2540 cum
1324 2487 1368 2536 hia

825 2561 968 2620 comparat
981 2556 1065 2606 Grote
1084 2556 1207 2620 (History
1220 2556 1251 2606 oi
1262 2555 1368 2605 Greece

824 2625 857 2673 V.
871 2633 896 2688 p.
910 2621 974 2687 ⁶200)
988 2639 1036 2685 ea,
1051 2639 1121 2688 quae
1134 2639 1216 2688 supra
1228 2624 1307 2683 VIII,
1323 2621 1370 2671 109

824 2691 986 2741 susdentem
998 2691 1213 2741 Atheniensibus
1232 2691 1301 2741 iacit
1315 2691 1368 2740 No-

824 2765 881 2808 ster
890 2758 1104 2808 Themistoclem
1117 2763 1179 2824 post
1190 2774 1309 2824 pugnam
1319 2757 1368 2808 Sa-

823 2827 966 2875 laminiam
984 2825 1076 2876 Persis
1094 2827 1242 2891 regressis:
1260 2823 1313 2875 ιιαί
1327 2841 1369 2882 τις

824 2887 921 2958 οἰκίην
943 2907 973 2943 τε
995 2885 1213 2944 οἶναπλασοίσθω
1235 2891 1286 2943 καλ
1302 2887 1369 2944 σπό-

825 2975 877 3024 ρου
889 2951 1003 3020 α’ναιιοῖς
1016 2953 1112 3026 ἐχέτω,
1132 2962 1204 3012 unde
1217 2967 1309 3027 petet,
1324 2977 1369 3012 aa·

824 3029 872 3079 des
890 3028 995 3078 dirutas
1011 3029 1156 3080 reficiendi
1173 3034 1201 3079 et
1219 3034 1370 3079 sementem

825 3096 949 3147 faciendi
957 3101 1064 3163 tempus
1072 3097 1190 3148 nondum
1200 3103 1298 3147 nactos
1309 3112 1369 3148 esse

824 3163 1020 3225 Athenienses,
1050 3164 1153 3231 duplici
1178 3165 1287 3230 frugum
1310 3173 1371 3230 pro‘·

824 3237 909 3282 ventu
925 3233 1062 3296 privatos,
1082 3237 1110 3283 et
1127 3249 1174 3296 eo,
1196 3247 1248 3298 quo
1265 3233 1370 3282 Persae

824 3303 970 3350 vastantes
983 3306 1083 3350 terram
1096 3301 1170 3366 ipsos
1181 3301 1369 3366 privaverant,

826 3366 855 3416 ct
874 3382 918 3429 eo,
945 3384 1024 3432 quem
1046 3385 1060 3419 e
1083 3375 1206 3419 semente
1227 3367 1320 3432 (quam
1342 3369 1370 3417 in

825 3436 977 3500 proximum
995 3451 1095 3486 annum
1113 3437 1207 3486 iecere
1225 3451 1279 3486 non
1294 3442 1369 3500 pote-

826 3503 900 3564 rant)
914 3521 1013 3570 capere
1027 3505 1094 3569 ipsis
1106 3503 1179 3552 haud
1191 3502 1280 3554 licuit.

859 3564 893 3620 τὰ
913 3563 941 3629 ἒς
953 3565 1078 3636 πόλεμον
1092 3562 1220 3635 ἄχρηστα
1237 3565 1371 3622 οἰκετέων

826 3629 956 3704 ἐχόμενα]
975 3639 1070 3689 Sernes
1086 3639 1284 3704 domesticosque
1305 3639 1370 3688 betto

826 3709 926 3756 inutiles
935 3705 1227 3772 explieathsseling.
1235 3707 1270 3756 ad
1280 3709 1301 3770 1,
1314 3705 1368 3767 120,

827 3773 890 3824 coll.
908 3773 1020 3822 Aristid.
1039 3773 1075 3822 II.
1097 3789 1123 3838 p.
1141 3773 1200 3823 ⁰217.
1237 3775 1279 3824 'l'u
1297 3776 1370 3824 coni.

826 3845 894 3891 nott.
913 3841 947 3890 ad
960 3841 1061 3889 Herod.
1080 3840 1097 3890 l.
1117 3839 1135 3889 l.
1155 3847 1182 3890 et
1200 3841 1234 3891 ad
1252 3843 1308 3904 Ill,
1327 3841 1369 3892 25.

827 3909 957 3972 Inseqq.
981 3908 1015 3957 ad
1037 3908 1269 3972 significationem
1292 3911 1370 3960 verbi

829 3989 984 4039 συνεστηιιη
998 3975 1034 4024 ci.
1048 3976 1112 4035 VII,
1129 3975 1176 4024 141
1195 3977 1287 4041 ibique
1301 3981 1368 4027 nott.

829 4047 857 4091 et
875 4043 909 4091 ad
921 4027 1024 4106 λεήνας
1045 4047 1113 4094 nott.
1131 4043 1166 4092 ad
1184 4045 1247 4105 Vll,
1266 4043 1290 4094 9.
1308 4047 1331 4106 ξ.
1345 4045 1369 4096 3.

829 4109 983 4172 Sclrweigh.
1001 4111 1029 4159 in
1041 4112 1109 4160 Ises.
1122 4111 1224 4161 Herod.
1242 4111 1280 4160 II.
1299 4129 1324 4177 p.
1338 4111 1371 4161 [16

827 4191 897 4292 {st
899 4177 1051 4295 ttulit
1053 4180 1280 4297 ''ttt.⁰.2'“.‘}⁰.l‘.”.‘
1294 4181 1359 4296 (1ἳῖ
1361 4207 1370 4216 “

829 4311 941 4361 facilius
965 4314 993 4363 in
1018 4263 1136 4364 animum
1158 4313 1243 4384 intret
1263 4263 1370 4365 ulrlllltoo
