3066 4964
527 465 791 526 CALLIOPE.
815 467 873 524 IX.
897 474 939 528 70.
1239 471 1300 534 323

158 648 249 708 σθαι.
274 642 550 726 Λακεδαιμονίων
568 637 605 705 dl
623 639 691 706 cciv
710 639 746 704 ἐκ
763 634 920 725 Σπάρτης
938 631 1112 706 ἀπέθανον
1129 643 1164 708 ολ
1179 637 1300 720 πάντες

158 741 195 808 ἐν
212 741 254 828 τῇ
270 741 422 828 συμβολῇ
445 733 492 818 εἷς
515 739 571 808 καὶ
597 735 813 828 ἐνενήκοντα,
844 740 1032 826 Τεγεητέων
1056 738 1093 808 dl
1113 739 1299 828 ἑκκαίδεκα,

155 835 344 927 Ἀθηναίων
363 840 400 909 dl
419 837 480 908 delo
498 840 554 908 καὶ
572 837 785 927 πεντήκοντα.

157 1053 182 1102 p.
191 1036 249 1087 243.
275 1036 443 1087 Herodotum
456 1035 582 1087 hocloco
596 1051 629 1086 oa
642 1041 701 1088 tan·
754 1038 840 1088 tradit
852 1037 988 1088 Diodorus
1001 1039 1048 1096 Xl,
1059 1037 1091 1090 32
1105 1039 1225 1088 edictum
1238 1053 1298 1090 cum

156 1111 222 1166 tum,
242 1119 313 1170 quac
327 1105 402 1154 tamti
415 1104 518 1153 tradita
532 1105 700 1169 accepisset,
754 1121 771 1154 a
790 1106 929 1155 Pausania
954 1111 1040 1167 esset,
1066 1121 1100 1156 ne
1124 1105 1203 1156 vivus
1228 1109 1299 1171 quis-

156 1172 261 1221 reierre
278 1187 368 1236 neque
386 1171 503 1236 amplius
521 1173 549 1220 in
562 1187 596 1220 ea
614 1173 701 1236 inqui·
754 1189 834 1237 quam
848 1179 1001 1238 caperetur,
1019 1174 1209 1224 incredibilem
1221 1175 1299 1224 brevi

156 1240 269 1300 sivisse,
288 1239 530 1306 diligentissimum
549 1238 626 1288 illum
643 1240 701 1303 qni·
753 1245 874 1306 stragem
893 1256 953 1290 esse
972 1241 1076 1290 factam
1092 1247 1121 1292 et
1138 1242 1198 1307 plns
1217 1258 1298 1307 quam

157 1307 217 1356 dem
228 1311 256 1356 et
266 1308 504 1356 accuratissimum
514 1307 542 1355 in
553 1306 701 1356 indicando
754 1313 864 1358 centum
887 1308 997 1358 milibus
1014 1308 1192 1359 barbarorum
1211 1309 1296 1360 truci-

157 1373 325 1424 Graecorum
340 1373 485 1426 'caesorum
502 1389 623 1424 numero.
656 1375 700 1424 In·
753 1375 825 1424 datis
847 1376 954 1426 demum
973 1376 1095 1426 Graecos
1118 1376 1154 1426 ab
1177 1377 1295 1426 hostium

156 1447 267 1508 gentem
281 1442 365 1492 luisse
380 1441 486 1492 cladem
497 1442 643 1492 Persarum
654 1441 700 1492 vel
752 1444 839 1493 caede
852 1443 1006 1504 destitisae;
1025 1443 1121 1493 eodem
1134 1459 1239 1508 qnoque
1253 1460 1294 1494 re-

156 1509 265 1558 Ctesias
278 1509 375 1558 testari
388 1509 500 1574 poterit,
514 1509 543 1558 in
556 1510 634 1560 cuius
646 1509 700 1558 Ex-

157 1577 261 1642 cerptis
279 1577 400 1628 Persice.
421 1579 444 1638 ξ.
461 1573 495 1626 26
512 1577 643 1642 legimns,
671 1577 699 1625 in

96 1646 101 1654 “
155 1643 268 1708 reliquis
289 1645 401 1710 pugnis,
429 1659 500 1708 quae
518 1643 698 1694 Salaminiam

155 1711 298 1762 insecutae
321 1717 398 1774 sunt,
427 1713 537 1762 omnino
559 1712 698 1762 interiisse

155 1777 299 1828 Persarum
322 1773 370 1843 ιβ’
392 1772 553 1844 ponendam
576 1781 697 1844 itemque

753 1509 824 1560 ferre
837 1511 917 1574 licet,
932 1526 1002 1575 quae
1016 1511 1130 1561 Darium
1143 1512 1296 1562 vaticinan-

751 1581 805 1626 tem
828 1579 897 1628 fecit
914 1578 1066 1641 Aeschylus
1088 1580 1116 1628 in
1134 1579 1223 1629 Persa.
1246 1578 1294 1629 811

750 1659 826 1709 seqq.
850 1645 883 1694 ‹le
906 1645 959 1695 hac
978 1645 1070 1707 clade,
1095 1647 1165 1695 unde
1189 1651 1295 1696 tautum

751 1711 906 1761 exscribere
919 1712 987 1762 licet
999 1729 1094 1763 versus
1105 1713 1153 1762 821
1162 1729 1237 1778 seqq.
1252 1714 1294 1764 ed.

749 1779 892 1829 Blomfield
905 1778 941 1842 (v.
954 1779 1005 1830 816
1017 1795 1075 1846 sqq.
1089 1781 1130 1830 ed.
1140 1781 1247 1844 Dindlr

356 1873 437 1939 τόσος
450 1874 504 1944 γαρ
518 1875 596 1930 ἔσται
608 1874 732 1938 πέλανος
744 1873 955 1948 αλματοσταγής

357 1941 428 2012 πρὸς
440 1947 495 2014 γῆν
508 1947 671 2008 Πλαταιῶν,
685 1947 815 2012 Δωρίδος
828 1943 930 2014 λόγχης
941 1938 1014 2000 duo·

357 2015 440 2074 θῖνες
453 2012 485 2066 dl
499 2014 609 2080 νεκρῶν
620 2013 669 2066 καὶ
682 2008 856 2080 τριτοσπόρῳ
868 2014 938 2082 γονῇ

357 2075 464 2148 ἄφωνα
477 2081 652 2148 σημανοῦσιν
664 2073 790 2148 ὄμμασιν
803 2083 924 2149 βροτῶν,

356 2146 394 2207 ὥς
406 2142 458 2216 οὐχ
469 2143 601 2215 ὑπέρφευ
613 2145 724 2218 θνητὸν
736 2141 805 2200 ὄντα
818 2145 871 2216 χρὴ
885 2153 1017 2216 φρονεῖν.

155 2250 211 2301 Ubi
236 2249 307 2315 quod
325 2251 478 2302 Blomlicld.
505 2253 532 2300 in
558 2252 698 2302 Glossario

156 2319 317 2384 adscripsit:
333 2319 698 2382 „Mirorprosccterachy-

154 2384 209 2436 lam
227 2391 332 2436 tanturn
355 2386 467 2436 honoris
483 2385 698 2450 Peloponnesia·

156 2454 195 2504 cis
214 2453 357 2504 tribuisse:
383 2455 477 2505 forsan
495 2451 595 2516 aliquia
611 2453 698 2517 suspi-

155 2526 232 2570 cetur
249 2521 298 2572 hos
316 2537 412 2572 versus
433 2523 462 2570 in
480 2519 601 2570 secunde
618 2519 699 2568 huius

155 2589 267 2638 tabulae
298 2589 554 2654 repraesentatione
590 2587 698 2636 additos

155 2672 230 2718 esse,
249 2658 277 2706 in
294 2655 527 2721 Syracusanorum
546 2655 697 2720 gratiam“,

155 2725 251 2774 merito
264 2725 420 2790 obloquitur
431 2722 538 2776 Grotel.
547 2723 564 2774 l.
577 2722 697 2786 Aeschy-

154 2791 208 2842 lum
232 2793 394 2842 existimans
419 2791 630 2857 Peloponnesiis
654 2807 696 2852 ea,

156 2875 225 2924 quae
250 2860 318 2926 ipsis
339 2859 485 2922 deberent,
510 2859 626 2908 reddere
649 2873 696 2908 vo·

154 2925 254 2988 luisse,
280 2943 341 2977 cum
363 2933 447 2978 antea
468 2932 541 2977 totns
566 2928 594 2976 in
614 2925 697 2976 laude

153 2993 362 3044 Atheniensium
385 3001 512 3046 versatus
542 2999 631 3055 esset,
663 3009 697 3043 ac

152 3061 303 3114 Pindarum
321 3062 446 3112 excitans
474 3063 503 3111 in
521 3061 600 3124 Pyth.
619 3063 646 3122 1,
663 3057 697 3109 76

153 3127 228 3190 (149)
241 3127 411 3179 Salaminiae
423 3129 559 3179 victoriae
567 3129 697 3178 honorem

153 3194 384 3255 Atheniensibus,
414 3195 588 3244 Plataeeusis
610 3196 697 3246 victo-

155 3262 214 3310 riae
238 3259 348 3310 laudem
365 3260 509 3324 Spartanis
533 3262 594 3326 pari
618 3261 696 3311 modo

154 3327 331 3378 tribuentem.

187 3392 429 3476 Λακεδαιμονίαν
442 3388 474 3444 di
486 3384 585 3475 κρίνιέκ
599 3389 697 3476 Σπάρῑ

152 3459 698 3596 {tilithiterentinii&

154 3600 252 3650 coniae
270 3598 370 3648 incolis
388 3597 505 3663 Spartae
523 3597 655 3658 subditis,
674 3611 696 3646 s.

154 3667 303 3732 perioecis,
329 3667 362 3715 de
386 3665 483 3730 quibus
500 3665 554 3715 vid.
571 3669 640 3715 nott.
662 3664 698 3714 ad

154 3735 214 3796 Vll,
226 3732 285 3784 23⁴1.
303 3735 350 3796 lx,
368 3733 406 3784 ll.
435 3733 597 3782 Eximnntur
614 3733 699 3796 igitur

155 3818 188 3852 ex
205 3801 256 3850 hoc
269 3802 467 3866 Spartanorum
485 3801 618 3866 inpugna
633 3815 697 3850 cee-

153 3884 243 3920 sorum
264 3884 374 3919 numero
396 3867 500 3918 helotes
519 3873 547 3917 et
565 3868 696 3933 perioeci,

155 3936 559 4054 iliilrttthit⁰li¹¹izttl
583 3937 696 4068 siit?

154 4071 190 4122 Il.
209 4089 233 4136 p.
246 4071 296 4121 872
309 4071 340 4122 C.
358 4072 433 4134 (sunt
449 4070 535 4121 verba
551 4070 695 4120 Valckena-

154 4141 199 4195 ιτϊ)
211 4138 388 4190 solosNostro
401 4137 695 4189 memorariLacedae-

154 4208 271 4270 monios,
290 4207 432 4272 Tegeates
451 4211 479 4256 et
495 4205 694 4268 Atheniensem

148 4287 266 4340 'quomm
282 4273 310 4324 hi
324 4289 384 4324 cnm
397 4274 539 4324 Thebanis
556 4289 695 4340 pugnave-

153 4343 218 4404 rint,
231 4341 273 4391 illi
284 4357 342 4391 cum
353 4342 488 4404 barbaris,
504 4346 585 4406 atque
599 4341 639 4390 ita
652 4355 695 4390 ce-

152 4415 228 4460 teras
252 4423 345 4460 omnes
366 4410 496 4462 civitates
520 4409 571 4460 hoc
592 4407 695 4460 honore

750 2253 862 2316 privari.
883 2249 1073 2318 [Plutarchum
1086 2255 1159 2301 recte
1173 2257 1295 2301 statuere

752 2320 893 2368 existimat
910 2333 1016 2382 quoque
1031 2318 1173 2367 Duncker:
1193 2319 1293 2368 Gesch.

751 2385 778 2437 d.
790 2385 905 2435 Alterth.
919 2386 965 2436 lv.
978 2401 1041 2449 pag.
1055 2383 1126 2448 ean]
1153 2385 1227 2434 Idem
1246 2387 1294 2434 mi-

750 2459 828 2502 ratus
844 2453 874 2531 in
892 2451 1010 2501 Aristide
1030 2447 1097 2518 [19].
1116 2467 1183 2532 ρας..
1195 2451 1245 2502 330
1261 2453 1293 2503 F.

750 2518 1010 2637 ttttttlttttl
1022 2533 1294 2652 initiatis:

750 2655 838 2717 blica;
853 2659 934 2718 atque
948 2654 976 2702 iu
988 2653 1144 2704 universum
1157 2655 1294 2705 cecidisse

750 2723 832 2773 docet
845 2721 969 2773 Graecos
981 2721 1121 2771 libertatis
1134 2722 1295 2772 defensores

749 2791 813 2841 mille
826 2796 955 2840 trecentos
968 2794 996 2839 et
1007 2792 1153 2854 κεπαρίολα,
1168 2805 1183 2838 e
1197 2790 1294 2854 quibus

748 2873 819 2908 unns
832 2863 860 2908 et
873 2857 1025 2922 nonaginta
1038 2857 1294 2908 inerintLacedae-

749 2926 846 2988 monii,
873 2924 1011 2976 sexdecim
1033 2925 1189 2990 Tegeatae,
1210 2925 1293 2976 Athe-

748 2996 861 3044 nienses
885 2993 938 3042 dno
965 2998 994 3043 et
1017 2993 1228 3058 quinquaginta,
1265 2989 1293 3041 hi

749 3062 858 3128 quidem
883 3076 977 3111 omnes
995 3062 1071 3110 iusta
1089 3059 1240 3110 Clidemnm
1262 3052 1293 3110 ἐκ

748 3128 799 3196 τῆς
822 3123 977 3186 Αἰαντίδος
1000 3125 1093 3193 φυλῆς
1116 3117 1292 3192 α’γιονισαμὲ-

749 3213 800 3262 νης
813 3187 942 3258 ἄρισταλ·
967 3195 1103 3246 Diodorus
1113 3193 1201 3256 Xl,33
1214 3193 1293 3244 πλεί-

748 3279 799 3321 ους
832 3262 888 3313 τοῖν
923 3260 1034 3326 μυρίων
1064 3279 1079 3312 e
1110 3262 1226 3312 Graecis
1257 3263 1292 3311 ad

747 3331 880 3380 Plataeas
902 3329 1064 3379 occubuisse
1088 3329 1185 3378 scribit
1210 3333 1292 3390 atque

749 3399 858 3447 omnino
875 3396 942 3459 (vid.
957 3395 989 3446 30
1001 3395 1070 3460 seq.)
1090 3410 1210 3459 pugnam
1228 3393 1292 3442 Pla-

749 3470 891 3514 taeensem
909 3465 950 3512 ita
972 3467 1097 3523 enarrat,
1122 3468 1152 3509 ut
1172 3461 1291 3510 omnium

750 3531 916 3580 Graecorum
939 3529 1099 3594 populorum
1123 3527 1220 3592 copiae
1244 3541 1292 3592 pu-

750 3613 821 3664 gnae
851 3596 1011 3647 interfuisse
1038 3595 1198 3652 videantur,
1230 3609 1291 3643 cnm

749 3665 917 3716 Herodotum
934 3669 963 3713 et
978 3663 1006 3712 h.
1019 3662 1038 3712 l.
1056 3667 1084 3712 et
1102 3677 1163 3727 cap.
1177 3659 1210 3710 ee
1228 3662 1291 3712 coll.

748 3732 782 3783 85
799 3735 823 3782 si
840 3747 998 3798 sequamur,
1023 3735 1134 3796 praeter
1150 3729 1291 3780 Lacedae-

748 3801 865 3861 monios,
895 3799 1036 3865 Tegeatae
1061 3801 1088 3848 et
1108 3797 1292 3848 Athenienses

748 3869 801 3919 soli
818 3869 998 3932 Megarenses
1020 3871 1048 3916 et
1061 3863 1177 3914 Phliasii
1194 3879 1290 3936 manns

748 3951 808 3986 cum
827 3935 920 3984 Persis
942 3933 1112 3984 conseruisse
1133 3932 1289 3994 videantur,

748 4005 866 4069 quinque
878 4003 962 4066 igitur
971 4007 1077 4051 tantum
1087 4004 1183 4065 gentes
1193 4015 1291 4049 revera

747 4071 945 4136 pugnaverint,
970 4069 998 4118 id
1010 4067 1080 4134 quod
1094 4082 1189 4133 parum
1203 4067 1291 4117 credi-

747 4138 803 4188 bile
821 4137 852 4187 iit
870 4143 952 4202 atque
971 4137 1055 4186 etiam
1069 4135 1233 4185 contrarium
1249 4135 1289 4183 di-

746 4205 827 4256 sertis
851 4205 1016 4254 testimoniis
1037 4202 1150 4253 Diodori
1174 4203 1237 4265 (xl,
1256 4201 1289 4260 30

747 4273 834 4338 seqq.)
848 4276 875 4322 et
888 4273 1046 4322 Pausaniae
1060 4269 1104 4332 (V,
1116 4270 1174 4333 'ltilr
1195 4284 1248 4334 qna
1261 4271 1289 4318 in

746 4357 776 4390 re
789 4356 841 4390 non
854 4344 957 4390 temere
970 4338 1097 4389 retulisse
1110 4337 1221 4388 credam
1235 4337 1288 4384 He-

747 4408 868 4458 rodotum
893 4406 938 4472 (ut
961 4407 1102 4462 existimat
1124 4401 1288 4454 Muenscher

1019 4487 1085 4554 21*
