3068 4964
221 401 283 462 214
658 389 922 452 ΗΕΙίΟΒΟΤΙ

221 567 325 656 σύνης
342 583 427 647 τοῖσι
435 562 570 653 Ἕλλησι
585 561 801 652 Ἀθηναίους,
829 558 985 652 οὐθαμῶς
1002 557 1201 652 ἆνασχετὸν,
1229 567 1264 631 οί
1272 589 1360 644 τινες

222 673 287 741 αἰεί
305 672 359 740 καί
378 667 415 740 τὰ
432 665 532 736 πάλαι
550 674 716 755 φαίνεσθε
742 663 884 746 πολλοὺς
912 662 1198 754 ἐλευθερώσαντες
1225 659 1357 753 ἀνθρώ-

222 801 304 843 πων.
329 770 557 858 Πιεζομίνοισι
575 769 686 857 μέντοι
704 760 787 855 ὑμῖν
804 764 1058 856 συναχθόμεθα,
1078 769 1132 834 καί
1150 761 1201 834 ὅτι
1220 769 1413 856 καρπῶνθδθ

223 871 417 963 ἐστερήθετε
436 873 536 953 διξῶν
553 867 634 958 ἤδη,
654 871 708 938 καί
725 862 775 938 ὅτι
793 865 1044 958 οἰκοφθόρησθε
1063 865 1184 957 χρόνον
1202 864 1266 955 ἤδη
1284 876 1361 936 πολ-

223 975 290 1045 λόν.
327 969 401 1043 ἆντλ
424 969 553 1042 τούτοιν
579 972 615 1041 dt
638 966 720 1060 ὑμίν
743 967 1003 1058 Λακεδαιμόνιοί
1023 997 1058 1038 τε
1077 971 1131 1038 καὶ
1149 973 1184 1038 oi
1199 967 1363 1058 σύμμαχοι

224 1077 479 1164 ἐπαγγέλλονται
497 1070 657 1162 γυναῖκάς
675 1099 710 1142 τε
729 1074 783 1141 καὶ
810 1068 850 1140 eci
877 1074 909 1152 ἐς
936 1068 1081 1159 πόλεμον
1107 1068 1252 1160 ἄχρηστα
1278 1075 1362 1139 οἰκε-

223 1181 308 1248 τίων
327 1174 464 1266 ἐχόμενα
482 1173 589 1244 πάντα
608 1175 821 1262 ἐπιθρέψειν,
850 1167 916 1242 ἔστ’
936 1167 980 1242 ἂν
997 1167 1014 1243 ὁ
1033 1170 1173 1261 πόλεμος
1199 1167 1257 1241 ὅδε
1284 1193 1363 1241 συν·

225 1277 354 1368 εστήκη.
414 1273 474 1365 Μὴ
502 1277 538 1346 dt
564 1271 667 1365 ὑμέας
691 1271 911 1362 Ἀλέξανδρος
937 1269 955 1344 ὁ
980 1270 1150 1344 Μακεδών
1170 1269 1363 1362 ’ἀναγνώση

225 1379 345 1469 λεήνας
362 1377 421 1450 τὸν
439 1384 640 1469 Μαρδονίου
658 1374 769 1464 λόγον.
806 1374 912 1470 τούτῳ
936 1376 998 1465 μὲν
1022 1372 1084 1466 γαρ
1108 1377 1212 1445 ταυτα
1230 1377 1365 1463 ποιητέα

226 1579 351 1630 ckeunrii
374 1577 512 1628 medicine
529 1591 559 1626 τε
580 1581 642 1642 post
659 1570 770 1634 αἰτίους
821 1589 865 1624 res
878 1589 985 1623 suorum
998 1573 1168 1639 popularium
1186 1573 1306 1623 moribus
1319 1589 1365 1638 op·

225 1647 386 1707 inserentis,
403 1660 483 1710 quem
497 1644 660 1710 particulam
674 1645 715 1693 ite
728 1659 769 1693 so·
840 1657 925 1692 cneus
939 1642 1218 1692 Lacedaemoniorum
1237 1657 1253 1690 u
1271 1657 1298 1706 p.
1316 1641 1365 1690 '240

226 1715 280 1764 lum
293 1713 357 1778 poni
370 1713 470 1762 docent
483 1713 518 1761 ud
531 1713 596 1772 vll,
613 1711 660 1761 188
674 1711 768 1761 ellutu.
821 1659 898 1778 fcep.
921 1709 959 1760 13.
982 1712 1006 1770 §-
1024 1707 1068 1774 35]
1094 1709 1204 1759 taudem
1227 1708 1366 1759 concludit

226 1783 265 1831 Ae
283 1781 413 1846 probetur
435 1779 505 1828 haee
523 1779 679 1829 emendatio
696 1779 771 1828 Hoe-
822 1795 848 1843 p.
858 1775 945 1828 283B.
959 1775 1030 1842 [cap.
1041 1776 1083 1826 95.
1096 1778 1120 1838 ξ.
1130 1775 1199 1842 2411.
1219 1777 1367 1826 AthenIen-

227 1865 291 1914 gero
309 1849 338 1896 in
351 1849 422 1896 Aott.
440 1847 517 1912 phill.
536 1847 663 1896 Monece.
677 1847 731 1908 111,
744 1846 769 1894 4.
822 1860 867 1895 ses
890 1849 998 1894 veteres
1022 1845 1109 1894 fuisse
1133 1837 1296 1910 εἰρηνικοὺς
1317 1839 1366 1894 καί

227 1935 252 1982 μ.
271 1915 334 1976 525,
354 1917 394 1966 itu
412 1921 519 1974 temen,
538 1922 569 1962 ut
587 1914 770 1979 particulare
823 1906 995 1977 φιλέλληνας
1008 1909 1057 1962 καλ
1069 1911 1120 1988 της
1133 1906 1261 1976 ἰσότητος
1273 1910 1322 1978 τῆς
1336 1903 1367 1962 ἰν

227 1989 289 2050 post
302 1975 477 2046 δουλοσύνης
495 1981 658 2040 collocetur,
677 1982 770 2031 elisor·
821 1983 885 2038 ταῖς
906 1978 1062 2038 πολιτείαις
1085 1975 1239 2046 ηγιμόνας·
1270 1979 1366 2042 Σπαρ-

227 2057 276 2116 pte
289 2051 348 2100 soil.
363 2050 488 2114 sequenti
501 2051 582 2100 τοῖσι.
614 2050 692 2111 Quod
705 2065 770 2099 vero
822 2042 921 2106 τιατας
939 2041 972 2098 δὲ
989 2038 1197 2112 ὖττεροτιτικοὺς
1220 2043 1268 2098 καλ
1286 2048 1366 2098 πολε-

227 2119 394 2170 Schaeferus
416 2117 531 2167 dederat
554 2111 662 2166 τούτων
679 2109 770 2166 cirrus-
823 2109 924 2182 μικοὺς
941 2111 991 2165 καλ
1009 2108 1260 2172 πλεονεκτικοιίς.“
1289 2117 1313 2164 V
1319 2119 1365 2165 πλ-

227 2182 468 2248 recremento
488 2183 560 2234 idem
573 2185 770 2249 Hoegerusre·
822 2184 911 2233 elren.
936 2185 989 2233 Pro
1003 2183 1076 2248 vulg.
1088 2177 1295 2247 πιεζευμένοισι
1305 2183 1366 2232 Flo-

227 2254 315 2319 spuit,
353 2253 477 2317 quumvis
509 2252 772 2318 Schweighaeusero
824 2253 947 2302 rentinus
959 2250 1031 2301 liber
1043 2256 1071 2300 et
1083 2251 1183 2300 Aldine
1195 2251 1264 2300 dunt
1276 2250 1366 2310 πιεζ-

226 2323 381 2388 probatum,
395 2319 440 2384 qui
451 2320 484 2370 de
499 2321 660 2370 confusione
673 2320 772 2370 utrius·
824 2313 933 2384 pe'votoc
953 2317 995 2381 (ut
1007 2335 1101 2368 omnes
1114 2318 1191 2369 codd.
1205 2319 1232 2379 Ι,
1248 2319 1304 2368 1⁴2.
1319 2319 1365 2376 lx,

229 2405 279 2454 quc
303 2389 379 2438 vocis
404 2387 477 2437 haud
501 2388 669 2452 infrequenti
694 2387 773 2452 plura
824 2386 865 2437 λθ.
885 2385 946 2450 60),
966 2387 1037 2452 quod
1054 2388 1162 2451 recepi:
1182 2386 1368 2437 vid.nott.ud

228 2457 341 2522 profert.
387 2455 464 2518 Quod
492 2455 618 2520 equidem
643 2455 719 2515 dedi,
745 2455 773 2504 id
824 2457 852 2516 1,
868 2454 970 2504 ltt.-
987 2454 1104 2504 Verbum
1117 2447 1310 2519 οἰκοφθορεῖν
1327 2460 1368 2503 ut-

227 2523 325 2574 Mstth.
349 2524 394 2572 Gr.
414 2523 459 2572 Gr.
481 2525 504 2584 3.
523 2522 586 2585 eet,
609 2523 619 2571 l
645 2524 710 2588 poni
734 2523 774 2572 uit
825 2523 876 2587 tigi
886 2521 1007 2582 edwii).
1021 2523 1168 2572 Caeterum
1180 2527 1243 2587 epte
1254 2538 1313 2574 oum
1325 2523 1368 2572 his

229 2609 290 2658 pro:
314 2583 421 2641 τούτων
437 2582 575 2640 ἁπάντων
597 2585 708 2648 αἰτίους
725 2580 773 2639 ὄν·
825 2595 968 2654 comparat
981 2591 1065 2640 Grote
1084 2590 1208 2654 (History
1220 2590 1251 2640 oi
1262 2589 1368 2639 Grecos

229 2675 291 2718 τας,
317 2652 428 2715 αἰτίους
452 2652 598 2721 γενέσθαι.
638 2659 677 2706 Ae
702 2659 772 2707 bene
824 2657 857 2706 V.
871 2667 896 2722 p.
911 2655 974 2720 200)
988 2673 1121 2722 eu‚qune
1134 2673 1216 2722 supru
1228 2657 1307 2718 VIII,
1323 2655 1370 2706 tuu

229 2727 301 2776 horre
311 2726 458 2776 lectionem
468 2731 560 2774 tuetur
568 2724 639 2774 Eltz.
649 2723 668 2773 l.
680 2725 697 2774 I.
708 2740 771 2790 pag.
824 2724 985 2774 stradentem
997 2725 1213 2776 Atheniensibus
1232 2725 1301 2775 lucit
1315 2725 1369 2774 No·

229 2793 292 2854 343,
318 2793 456 2857 genitivos
473 2786 581 2841 τούτων
597 2783 734 2842 ἁπάντων
755 2807 772 2841 u
824 2791 1105 2843 eter'IhcmistoeIem
1117 2797 1179 2858 post
1190 2809 1309 2858 pugnum
1319 2791 1368 2842 Sa-

230 2855 406 2924 θονλοαίνης
420 2859 540 2924 pendere
553 2865 642 2920 ratus,
661 2861 731 2910 adeo
744 2865 773 2909 ut
824 2860 966 2909 leminiam
984 2860 1076 2910 Persis
1094 2862 1242 2926 regressis:
1261 2857 1313 2910 καί
1327 2875 1370 2918 τις

229 2927 385 2977 Herodotus
395 2927 446 2976 hoc
457 2925 545 2976 dicut:
556 2933 785 2994 „praeter-ecque‚·
825 2921 921 2992 οἰκίην
943 2941 973 2977 τε
995 2919 1213 2978 ἀναπλασάσθω
1235 2925 1286 2978 καὶ
1302 2921 1369 2978 σπό-

229 3001 255 3045 ut
265 2996 341 3043 duee
353 2995 432 3046 omni
438 3010 454 3043 a
465 2997 490 3042 λιι
502 2997 644 3044 seruientem
654 2997 774 3059 νεσίρακ-
825 3009 877 3058 ρον
889 2985 1003 3053 α’νακιίς
1016 2987 1112 3060 ἐχέτω,
1132 2995 1204 3046 unde
1217 3001 1309 3062 petet,
1323 3013 1369 3046 se·

230 3069 284 3122 tur,
303 3067 421 3111 auctores
435 3063 496 3124 fieri
513 3063 620 3112 Graecis
635 3064 773 3112 Athenien·
824 3063 872 3112 des
890 3062 995 3112 dirutus
1011 3063 1156 3114 reficiendi
1173 3069 1201 3114 et
1219 3069 1370 3114 sementem

229 3145 278 3190 ses,
292 3145 335 3178 ree
347 3132 412 3180 nullo
424 3130 497 3179 modo
506 3131 631 3192 serendo:
644 3131 690 3194 qui
703 3145 772 3180 sem·
825 3130 948 3181 faciendi
956 3135 1064 3197 tempus
1072 3132 1190 3182 nondum
1200 3137 1298 3182 nectos
1309 3147 1370 3182 esse

229 3211 279 3262 per
295 3200 324 3245 et
339 3196 394 3246 inm
412 3197 516 3260 pridem
533 3196 632 3247 multos
648 3198 773 3248 homines
824 3197 1020 3261 Athenienses,
1050 3199 1153 3265 duplici
1179 3200 1287 3265 frugum
1310 3209 1371 3264 pro·-

230 3263 426 3314 IuIIbertotem
437 3264 678 3316 vindicaverItis.“
706 3267 773 3315 Ver·
824 3269 910 3316 ventu
925 3267 1062 3330 privatos,
1082 3271 1110 3316 et
1127 3281 1174 3330 eo,
1196 3281 1248 3334 quo
1266 3267 1371 3316 Perses

230 3333 273 3381 bis
284 3329 373 3380 ταῦτα
383 3321 497 3380 ἅπαντα
510 3333 581 3382 idem
595 3333 713 3399 intelligi
727 3349 774 3398 pu·
824 3337 970 3384 vastantes
982 3339 1083 3384 terrum
1096 3336 1169 3400 ipsos
1181 3335 1370 3400 privaverunt,

231 3399 580 3449 tntuniuersamb'rnectum.
604 3401 774 3451 Eltziumse-
826 3401 855 3451 et
874 3417 918 3462 eo,
945 3417 1024 3466 quem
1046 3419 1060 3453 e
1083 3409 1206 3452 semente
1227 3402 1320 3466 (quem
1342 3403 1371 3452 in

233 3472 311 3517 cutus
329 3467 455 3517 Ilindorf.
473 3467 606 3517 Herodoti
629 3469 715 3519 verbe
733 3470 773 3519 sic
825 3470 976 3534 proximum
994 3485 1094 3520 snnum
1112 3470 1208 3520 fucere
1226 3485 1279 3520 non
1294 3477 1370 3536 pote-

230 3536 330 3585 Latius
350 3535 500 3600 expressit:
519 3535 623 3596 ,λονακι
635 3539 712 3601 ίρίλαν
723 3553 773 3587 our·
826 3536 900 3596 rent)
914 3553 1013 3603 cepere
1027 3539 1094 3604 ipsis
1106 3538 1179 3588 hund
1191 3537 1280 3588 licuit.

230 3606 294 3652 nium
323 3609 442 3652 auctor-er
467 3603 584 3662 Graecis,
613 3612 721 3667 praeter
741 3621 774 3654 cu
859 3597 893 3654 ut
912 3597 941 3663 ἐς
953 3599 1078 3671 πόλεμον
1092 3597 1221 3671 ἄχρηστα
1238 3599 1372 3656 οἰκετέων

230 3671 508 3732 εἰὶαιπτεκοίλνλίιγίικκ·
518 3671 693 3736 Athenienses,
707 3676 773 3722 ιιιιλλο
826 3663 956 3739 ἐχόμενα]
975 3673 1070 3724 Servos
1086 3675 1284 3740 domesticosque
1305 3673 1370 3723 dello

231 3741 303 3787 modo
319 3737 390 3798 soret
401 3737 542 3790 tolerabile.
550 3739 565 3763 “
686 3777 688 3782 ι
826 3743 926 3791 inutiles
935 3741 1227 3807 explientWesseliug.
1236 3741 1270 3790 nd
1280 3743 1302 3804 Ι,
1314 3741 1369 3802 λλθ,

266 3801 300 3882 σί
308 3817 382 3860 τινες
399 3798 458 3854 αἰεὶ
470 3803 519 3854 καί
534 3797 566 3854 τὸ
579 3796 773 3858 πάλαι-οἷν-
827 3807 1075 3859 scientissimi.
1097 3808 1200 3874 pult.
1237 3810 1371 3860 'I'ucont

228 3867 370 3936 θρωπων]
386 3869 466 3930 ,,Ηοο
480 3876 540 3920 erut
553 3872 773 3936 Atheniensibus,
826 3881 893 3925 nott.
912 3876 947 3925 sd
960 3877 1062 3926 Herod.
1080 3876 1097 3926 l.
1117 3875 1135 3926 l.
1155 3883 1182 3926 ct
1200 3876 1235 3926 ud
1252 3877 1308 3936 111,
1327 3876 1370 3926 25.

232 3937 331 4002 qulbus
349 3952 456 4000 semper
473 3939 573 3988 Noster
590 3940 668 3990 luvet
702 3944 773 3993 conl.
827 3943 957 4007 In'seqq.
981 3944 1015 3993 nd
1038 3943 1269 4007 signifiecuonem
1291 3945 1371 3994 verbi

233 4009 301 4055 nott.
316 4003 350 4053 ed
362 4005 427 4065 Vll,
444 4003 491 4054 139
505 4011 533 4055 et
546 4007 621 4068 VIII,
639 4007 687 4057 140
714 4000 775 4074 ἥθι-
828 4023 984 4076 σννεστηκη
998 4011 1034 4060 cf.
1048 4013 1112 4071 Vll,
1129 4010 1176 4060 14⁴
1194 4012 1287 4076 iquue
1300 4017 1370 4061 nott.

233 4087 312 4132 υτον,
331 4075 361 4120 ut
378 4071 508 4134 arbitror,
530 4068 672 4139 οῐκρόαμα.
707 4077 776 4126 Eum
829 4083 857 4125 et
874 4078 908 4126 ud
921 4063 1024 4142 λεήνας
1046 4083 1113 4128 nott.
1131 4079 1166 4127 sd
1183 4079 1247 4140 VII,
1266 4078 1290 4128 u.
1308 4081 1332 4140 ξ.
1345 4079 1371 4130 3.

233 4143 261 4190 in
274 4155 330 4188 rem
343 4139 469 4203 exempla
482 4155 587 4206 quoque
599 4147 707 4202 veteru,
721 4144 776 4193 He·
829 4144 982 4208 Sellueiglr.
1001 4146 1029 4194 in
1042 4147 1109 4195 Lex.
1123 4147 1224 4196 Herod.
1243 4146 1280 4195 ΙΙ.
1298 4162 1324 4211 p.
1338 4145 1372 4196 ou

233 4207 328 4257 rodoto
352 4211 419 4256 note
444 4214 527 4273 utque
551 4209 598 4258 illo
623 4211 777 4260 recentiora
828 4213 951 4276 exponit:
977 4216 1123 4278 „Ineor'pnre
1140 4215 1279 4264 credonem
1293 4215 1371 4263 clien-

234 4273 404 4340 collegerunt
428 4277 457 4325 in
480 4276 696 4327 Panathenaicis
720 4279 776 4328 suis
827 4279 865 4327 ins
877 4293 898 4326 s.
912 4282 1006 4329 laeuum
1018 4288 1043 4330 et
1054 4281 1168 4345 ¹qlobrom
1179 4283 1305 4340 reddere,
1319 4296 1371 4346 qno

234 4343 371 4393 Isocrates
391 4344 578 4406 etArietides;
597 4361 708 4409 quorum
722 4362 776 4396 mo·
828 4345 941 4396 lucilius
964 4349 993 4397 in
1018 4350 1136 4399 unimum
1158 4349 1242 4420 intret
1264 4349 1371 4400 audito-
