3026 4970
571 366 836 430 CALLIOPE.
859 369 918 429 IX.
940 377 984 432 27.
1283 375 1343 438 261

205 535 271 610 ὑπό
285 537 521 628 Θερμώδοντος
535 542 686 628 ποταμοῦ
697 537 899 626 ἐσβαλούσας
912 541 984 610 κοτὲ
999 544 1030 621 ἐς
1042 544 1106 629 γῆν
1116 537 1178 630 τὴν
1187 537 1343 632 Ἀττικήν.

206 643 261 711 καὶ
281 643 317 710 ἐν
334 656 419 710 τοῖσι
444 649 619 731 Τρεολιιοῑσι
637 638 767 710 πόνοισι
784 637 943 732 οὐδαμῶν
961 640 1170 732 ἐλειπόμεθα.
1204 639 1286 714 Ἀλλ’
1305 641 1346 716 orl

204 740 267 832 γάρ
285 771 316 812 τι
333 745 465 832 προέχει
483 739 611 812 τούτων
631 745 887 830 ἐπιμεμνῆσθαι·
907 739 1043 834 καὶγὰρ
1061 737 1104 813 ἂν
1121 747 1254 834 χρηστοὶ
1272 744 1345 816 τότε

206 841 314 924 ἐόντες
328 837 428 913 thoral
446 845 513 913 νῦν
529 837 572 914 ἂν
591 842 660 912 εἷεν
676 842 908 934 φλαυρότεροι,
927 846 983 914 καλ
994 843 1067 915 τότε
1081 843 1189 927 ἐόντες
1200 850 1345 938 φλαῦροι

203 948 269 1015 νῦν
281 939 323 1015 ἂν
336 939 595 1033 εἷενολμείνουες.
615 947 775 1015 Παλαιῶν
785 947 922 1033 με’ννυν
940 953 1048 1035 ἔργον
1064 942 1136 1027 ἅλις
1154 953 1246 1018 ἔστω.
1264 943 1345 1038 ἡμῖν

206 1047 244 1116 δὲ
262 1053 293 1117 εἰ
309 1047 415 1134 μηδὲν
440 1043 520 1115 ἄλλο
544 1047 612 1116 ε’στλ
634 1042 918 1136 ἀποδεδεγμένον,
946 1043 1057 1139 ὥσπερ
1085 1050 1153 1117 ἐστὶ
1178 1048 1284 1118 πολλό
1309 1078 1345 1119 τε

153 1149 265 1218 rosnat
292 1137 332 1216 εὖ
358 1154 491 1237 ἔχοντα,
519 1151 549 1216 ελ
570 1150 671 1216 τέοισι
697 1149 753 1216 καὶ
770 1144 897 1218 ἄλλοισι
910 1143 1090 1237 Ἑλλήνων,
1106 1145 1190 1219 ἄλλό
1206 1152 1262 1220 καλ
1279 1146 1344 1221 alab

203 1252 266 1318 τοῦ
283 1251 319 1318 ἐν
336 1251 528 1339 Μαραθῶνι
547 1254 646 1338 ἔργον
663 1245 753 1331 ἄξιοί
768 1255 859 1338 εἰμεν
876 1253 972 1320 τοῦτο
990 1247 1027 1320 τό
1044 1255 1143 1341 γέρας
1162 1257 1264 1340 ἔχειν,
1288 1253 1344 1322 καὶ

202 1347 286 1420 ἄλλα
305 1347 386 1440 πρὸς
403 1347 524 1443 τούτῳ·
560 1355 681 1431 οἵτινες
698 1351 815 1439 μοῦνοι
828 1345 995 1440 Ἑλλήνων
1014 1349 1055 1440 δὴ
1072 1351 1343 1442 μουνομαχήσαν·

203 1479 256 1532 τες
279 1455 328 1544 τῷ
349 1453 464 1541 Πέρσῃ
491 1453 546 1520 ual
578 1457 663 1543 ἔργφ
689 1450 835 1544 τοσοότφ
867 1451 1131 1542 ἐπιχειρήσαντες
1156 1452 1343 1544 περιεγενό-

202 1564 292 1641 μεθα
315 1555 371 1622 καλ
393 1549 592 1641 ἐνικήσαμεν
615 1559 718 1622 ἔθνεα
741 1555 774 1636 ἕξ
797 1581 833 1622 τε
856 1555 910 1622 καὶ
933 1552 1185 1645 τεσσεράκοντα.
1222 1544 1277 1645 αἶρ’
1300 1551 1341 1624 οὐ

237 1746 286 1800 καλ
304 1741 335 1801 ἐν
350 1751 424 1800 τοῖσι
445 1751 597 1813 Τριοϊιιοῖσι
618 1742 743 1817 πόνοισι]
796 1750 867 1802 nobis
879 1751 1014 1802 exhibitur
1026 1759 1093 1802 esset
1106 1755 1262 1802 usinallum
1273 1753 1344 1802 aliud

203 1817 277 1868 Male
294 1817 346 1868 duo
364 1817 440 1868 codd.
455 1810 632 1882 Ἦρωϊιιοὶσι,
652 1833 744 1882 quum·
796 1819 960 1870 edidissemus
978 1820 1081 1883 facinus
1104 1819 1145 1881 (at
1166 1820 1252 1870 multe
1273 1835 1341 1870 sane

203 1885 646 1952 quam‚notanteWesselingio,id
657 1887 746 1951 ipsum
796 1887 993 1952 praestitimus,
1005 1889 1029 1937 si
1040 1888 1087 1953 qui
1097 1887 1340 1951 aliiGraecorum)‚

202 1953 338 2019 reperitur
350 1953 422 2018 apud
435 1953 547 2003 Diodor.
561 1953 619 2010 XV,
633 1952 666 2003 76
681 1952 744 2004 coll.
796 1953 828 2004 ab
846 1971 919 2004 unam
935 1962 1006 2005 certe
1025 1971 1134 2020 pstquam
1153 1954 1341 2006 Marathoniam

203 2021 292 2070 Cicer.
303 2022 345 2070 De
356 2021 387 2070 N.
397 2021 430 2070 D.
441 2021 489 2082 ΙΙΙ,
500 2019 542 2070 21.
561 2021 677 2070 Additur
688 2021 715 2069 h.
726 2019 745 2070 1.
797 2023 867 2086 ἄλμιιι·
877 2038 974 2086 sumus,
991 2025 1035 2106 qui
1049 2023 1113 2072 Ιιιιιιο
1127 2023 1283 2072 obtineamus
1294 2023 1338 2072 do·

202 2104 301 2138 nomen
318 2084 444 2148 πόνοισι,
470 2103 531 2138 cum
553 2087 625 2138 aliae
642 2087 745 2137 nnllam
797 2105 890 2140 norem.
915 2091 968 2140 Pro
981 2103 1074 2154 ωσπερ
1087 2092 1116 2140 in
1128 2091 1250 2156 proxime
1264 2095 1340 2139 ante-

202 2156 336 2208 eiusmodi
357 2171 456 2206 nomen
477 2156 647 2220 reperiemus
669 2155 745 2205 adie-

202 2229 287 2284 ctum,
307 2227 338 2272 ut
355 2224 420 2284 VII,
439 2221 481 2273 20.
503 2222 548 2272 171
567 2215 602 2272 eal
620 2215 743 2285 Τρωϊκά.

201 2293 236 2340 At
258 2291 319 2342 vide
342 2291 379 2340 sis
400 2291 540 2341 Lambert.
559 2291 623 2340 Bos.
641 2291 683 2339 De
707 2290 744 2340 el·

200 2358 277 2423 lipss.
296 2356 546 2424 perpetrassem
565 2357 638 2407 coni.
657 2357 744 2407 Lehrs

201 2427 244 2476 De
261 2425 413 2476 Aristarchi
430 2425 528 2476 studiis
545 2440 609 2490 pag.
626 2423 673 2486 86,
698 2425 744 2489 qui

121 2516 122 2519 ¹
200 2493 375 2543 Homericam
394 2493 463 2542 dicit
479 2493 551 2542 hanc
568 2492 741 2554 locutionem,

200 2562 224 2611 si
247 2561 354 2626 quidem
379 2561 452 2626 apud
475 2561 623 2611 Homerum
647 2559 744 2609 crebro

199 2629 337 2678 invenitur
348 2621 437 2686 πόνος
449 2627 481 2677 dc
492 2628 551 2677 belli
560 2627 647 2677 labore
661 2627 743 2676 adeo·

200 2713 250 2762 que
269 2695 303 2745 de
320 2697 382 2762 ipsa
396 2711 497 2760 papan:
515 2694 687 2750 vid.1li.VI‚
701 2695 742 2743 77.

199 2765 253 2814 XII
260 2801 267 2825 ,
280 2762 330 2814 348
343 2770 395 2812 etc.
426 2761 484 2813 Nec
502 2762 584 2813 aliter
600 2762 672 2827 spud
686 2762 741 2812 He·

199 2831 323 2882 rodotum
340 2823 431 2880 πόνον
447 2831 480 2880 de
499 2832 560 2895 ipsa
577 2845 669 2896 pugna
686 2829 742 2880 dici

200 2899 354 2950 notavimus
373 2898 408 2948 sd
425 2898 477 2961 VI,
498 2897 554 2947 114.
596 2897 741 2948 Caeterum

199 2967 280 3016 testis
309 2970 352 3016 est
379 2965 515 3016 Homerus
544 2964 587 3015 lli.
616 2965 656 3022 ΙΙ,
685 2963 742 3015 546.

198 3033 249 3084 556
269 3050 358 3100 seqq,
385 3033 420 3082 ad
442 3033 570 3082 Troicum
591 3032 743 3098 expeditio·

199 3117 261 3152 nem
276 3101 477 3166 quinquaginta
495 3115 580 3150 naves
593 3099 742 3150 Athenien-

199 3185 244 3220 ses
272 3169 443 3234 praebuisse.
483 3167 637 3216 Eorundem
661 3167 743 3216 Athe-

200 3237 335 3287 niensium
348 3237 430 3302 po‘dta
442 3235 567 3284 meminit
577 3233 619 3283 Ili.
633 3234 679 3295 ΙΙΙ,
693 3233 743 3284 328

201 3302 262 3366 (ubi
294 3295 439 3368 Ἀθηναῖοι
468 3294 610 3366 μήστωρες
638 3291 742 3367 ἀϋτῆς)

200 3371 278 3430 XIII,
300 3369 356 3420 1116.
375 3368 433 3420 689.
452 3369 514 3430 XV,
532 3367 591 3418 337.

233 3429 298 3489 ἀλλ’
310 3428 344 3490 orl
361 3431 415 3503 μιὶρ
432 3452 459 3486 τι
476 3429 601 3501 προέχει]
620 3436 682 3485 nibil
697 3437 742 3486 ad-

200 3507 295 3558 modum
314 3509 419 3572 proficit
435 3505 582 3554 mentionem
599 3503 686 3552 barum
702 3519 743 3552 re·

199 3591 252 3624 rum
261 3575 365 3638 secisse,
378 3574 577 3638 interpretatur
589 3569 742 3634 Schweigh.

200 3643 228 3691 in
240 3643 307 3692 Lex.
320 3640 422 3692 Herod.
436 3640 470 3690 11.
486 3655 550 3705 pag.
564 3636 622 3687 735.
658 3637 743 3688 Usum

199 3709 353 3776 particulae
376 3701 431 3773 γὰρ
456 3707 549 3771 attigit
571 3705 670 3755 hiutth.
695 3705 741 3754 Gr.

200 3777 246 3828 Gr.
259 3779 283 3838 §-
292 3775 350 3839 615,
365 3776 410 3826 cni
423 3775 484 3824 add.
498 3775 638 3838 Hertung:
651 3771 741 3822 Lehre

198 3863 224 3894 ν.
239 3845 264 3893 d.
279 3844 324 3894 Gr.
338 3844 425 3893 Partt.
440 3843 462 3892 1.
476 3859 502 3908 p.
515 3840 574 3891 470.
610 3840 652 3890 Tu
667 3839 739 3890 conl.

198 3913 220 3974 Ι,
237 3911 266 3961 14
278 3911 371 3976 ibique
384 3913 453 3960 nott.
467 3909 532 3970 VH,
548 3906 604 3958 158.
617 3908 668 3967 lx,
684 3906 741 3957 169.

199 4005 230 4014 -
245 3971 433 4045 φλαυρότεροι
446 3977 522 4027 velet
533 3977 685 4036 deteriores,
698 3981 740 4024 mt-

200 4063 246 4097 rrus
255 4048 340 4111 sortes
348 4045 504 4111 imbellesque
512 4047 620 4110 indeque
631 4045 739 4104 inoliter,

200 4120 231 4164 ut
244 4115 263 4173 Ι,
273 4113 332 4176 267,
346 4113 394 4163 uhi
406 4111 456 4179 τῆς
465 4109 597 4177 στρατιῆς
608 4104 640 4188 τὸ
653 4109 742 4174 φλαυ-

202 4173 321 4243 ρότατον
332 4181 403 4231 idem
417 4185 458 4229 est
472 4185 553 4245 atque
566 4171 597 4228 τό
610 4173 741 4243 αρχήϊον.

235 4243 262 4298 sr’
278 4243 369 4316 μηδὲν
385 4239 454 4298 ἄλλο
477 4238 534 4298 leel
551 4238 742 4310 ἀποδεδεγμέ-

203 4314 264 4380 νον]
282 4318 300 4368 i.
314 4333 337 4368 e.
350 4319 375 4366 si
390 4319 479 4366 nullum
495 4317 565 4366 aliud
580 4311 711 4378 (facinus)
726 4329 743 4362 a

797 2156 959 2206 cedentibus
975 2157 1049 2207 haud
1061 2173 1128 2223 opus
1143 2157 1265 2207 scribere
1283 2151 1340 2206 ola·

796 2218 849 2286 πέρ
869 2215 942 2285 ἔστι,
964 2230 994 2274 ut
1011 2223 1162 2274 Abreschio
1179 2228 1294 2274 venerat
1310 2225 1340 2273 in

796 2296 915 2340 mentem
938 2291 1005 2352 (vid.
1026 2291 1162 2340 Matthiae
1183 2291 1229 2340 Gr.
1249 2289 1294 2340 Gr.
1314 2291 1338 2350 §-

795 2356 865 2418 629),
884 2373 948 2407 nam
959 2348 1052 2420 ὥσπερ
1065 2358 1091 2406 h.
1103 2357 1121 2407 1.
1135 2357 1291 2406 affirmandi
1303 2358 1340 2408 si·

795 2424 1002 2490 gnificutionem
1015 2424 1113 2474 hahet:
1131 2431 1158 2473 ut
1170 2426 1268 2490 quidem
1280 2439 1302 2474 s.
1313 2431 1340 2473 ut

794 2507 857 2542 eane
869 2495 944 2542 multa
955 2507 1036 2558 eaque
1051 2495 1189 2556 praeclare
1204 2491 1278 2553 facta
1290 2507 1338 2541 en·

794 2565 872 2620 stant,
886 2575 950 2625 quas
962 2575 1017 2621 nos,
1030 2565 1055 2608 sl
1065 2561 1108 2624 qui
1118 2561 1164 2608 alii
1176 2560 1270 2610 Graeci
1291 2575 1339 2609 ea·

793 2627 920 2677 ltr'bm'mru.
940 2627 981 2703 Ad
993 2627 1079 2676 verba
1091 2619 1119 2676 el
1129 2620 1217 2677 τέοισι
1229 2597 1278 2677 sul
1290 2617 1339 2676 aa·

794 2695 867 2744 λοισι
879 2686 1020 2760 Ἐλληνιον
1037 2694 1091 2744 rid.
1111 2694 1225 2744 eundem
1238 2694 1337 2744 Matth.

793 2763 817 2824 5.
830 2761 879 2811 617
893 2767 921 2812 et
933 2761 1069 2812 Knehner.
1085 2762 1131 2812 Gr.
1145 2761 1191 2812 Gr.
1204 2763 1228 2824 ξ.
1241 2759 1299 2821 855,
1312 2761 1337 2810 2.

792 2830 834 2879 Ad
856 2831 944 2894 ipsam
961 2829 1129 2880 sententiam
1150 2829 1185 2879 ab
1203 2831 1338 2894 scriptore

792 2897 839 2948 hic
851 2897 988 2963 prolatam
1005 2897 1124 2958 iaciunt,
1144 2911 1215 2962 quse
1234 2895 1339 2946 adscri-

794 2966 850 3032 psit
865 2967 891 3015 V
894 2964 1114 3016 alchenariae:
1127 2963 1267 3030 „Campus
1279 2963 1338 3012 Ms-

794 3033 935 3084 rathonius
966 3033 1115 3098 praecipua
1149 3047 1257 3096 semper
1285 3031 1339 3080 luit

794 3100 1008 3150 Atheniensibus
1032 3099 1169 3164 gloriandi
1198 3099 1336 3160 materies,

794 3169 859 3232 quis
876 3168 948 3216 hanc
966 3168 999 3217 d'e
1012 3167 1105 3216 Persis
1122 3168 1266 3222 victoriam
1284 3166 1337 3215 soli

793 3240 1010 3301 reportaverant.
1046 3236 1087 3282 He
1110 3235 1144 3282 de
1167 3249 1196 3283 re
1213 3233 1338 3298 loquenti

793 3303 920 3366 Lycurgo
934 3317 958 3351 c.
972 3302 1068 3351 Leocr.
1082 3317 1109 3364 p.
1124 3299 1180 3360 162,
1196 3299 1227 3350 13
1239 3300 1275 3364 (p.
1287 3299 1338 3347 Ι210

795 3385 851 3434 seq.
869 3370 911 3430 R.)
933 3368 1061 3418 dicuntur
1078 3356 1129 3416 οόιι
1148 3359 1195 3416 λιτὶ
1215 3364 1249 3431 τῇ
1267 3361 1337 3428 δόξη

794 3431 867 3501 μέγα
904 3433 1066 3500 ρονοῦντες,
1080 3424 1145 3482 ἀλλ’
1159 3425 1205 3484 tut
1218 3431 1257 3496 τῷ
1269 3417 1335 3482 τοιό-

793 3519 843 3568 equ
859 3451 928 3564 ἅῖιοι
944 3497 1109 3563 πράττειν’*
1139 3500 1192 3560 Qui
1209 3499 1282 3550 idem
1294 3500 1337 3549 vir

794 3571 858 3620 dein
880 3570 985 3619 excitat
1002 3567 1159 3617 testimonis
1175 3566 1336 3631 Aristopha-

794 3638 913 3701 nisqu.
928 3634 999 3686 1331.
1020 3633 1187 3698 Thucydidis
1199 3634 1222 3696 1,
1232 3633 1274 3694 73,
1288 3633 1336 3682 uhi

792 3705 976 3756 Athenienses
993 3718 1022 3752 se
1040 3702 1114 3752 solos
1132 3701 1227 3750 dicunt
1244 3701 1336 3750 Mera·

791 3773 875 3824 thone
887 3767 1129 3834 προκινδυνεῦσαι
1141 3766 1179 3835 τῴ
1189 3763 1333 3833 βαρβάρῳ,

793 3841 898 3892 Critiae
916 3838 988 3903 apud
1000 3838 1098 3888 Athen.
1111 3837 1131 3887 1.
1146 3853 1173 3901 p.
1186 3835 1270 3897 280„
1289 3851 1334 3886 eo·

793 3923 844 3974 quc
870 3907 954 3956 etiam
978 3909 1087 3970 spectat
1106 3896 1333 3967 Μαραθωνομά-

793 3991 850 4042 qma
870 3987 969 4026 nomen
986 3973 1087 4023 Atticis
1109 3971 1220 4022 auribus
1241 3972 1334 4020 incun-

793 4043 932 4093 dissimum
950 4040 1021 4107 apud
1039 4039 1176 4106 Aristoph.
1192 4039 1261 4090 Nub.
1275 4036 1333 4088 98⁸2.

792 4111 892 4160 Athen.
905 4109 952 4162 VI.
964 4125 991 4174 p.
1003 4107 1053 4159 253
1062 4109 1094 4158 F.

828 4168 999 4242 ἐνικήσαμεν
1017 4169 1107 4226 ἔθνεα
1126 4169 1156 4236 ἓξ
1173 4188 1202 4224 τε
1215 4170 1264 4223 ιια1
1276 4186 1334 4222 τεσ-

793 4237 961 4310 σεράκοντα]
981 4243 1074 4304 „Satis
1087 4241 1214 4307 gloriose.
1244 4240 1334 4290 Annu-

793 4318 932 4364 merantur
948 4311 1027 4364 nobis
1044 4311 1172 4361 nationes
1184 4309 1271 4358 Dario
1286 4321 1334 4357 ve·
