3066 4964
348 487 406 546 DE
429 487 532 548 VITA
554 487 612 548 ET
634 488 827 550 SORIP'I'IS
851 487 1085 550 llliRODO'Pl.
1222 496 1282 558 loo

145 661 279 728 nepotem,
294 657 498 728 philosophum,
520 659 567 730 qui
582 659 751 714 Herodotum
765 659 887 713 Thurios
902 658 1120 730 proticiscentem
1140 661 1283 716 comitatus

144 743 305 796 domicilium
324 741 439 796 Thuriis
461 759 521 796 oum
543 742 686 798 Herodoto
702 745 828 816 posuerit
847 748 925 816 (pag.
944 746 1000 813 72),
1023 744 1050 796 id
1071 761 1105 798 ex
1124 747 1284 800 coniectura

143 845 230 897 eaque
254 827 333 881 valde
353 827 459 881 incerta
481 829 595 882 fluxisse
617 829 680 882 mibi
702 829 822 883 videtur.
862 827 964 882 Nullus
985 835 1130 898 praeterea
1147 831 1282 885 Herodoti

144 919 277 981 cognatus
292 919 465 966 memoratur.
499 915 556 978 Qui
572 913 641 968 enim
655 913 732 982 Vlll,
757 917 805 970 132
820 921 983 967 memoratur
998 916 1160 982 Herodotus,
1184 917 1282 970 Basili·

143 999 193 1051 dae
208 997 292 1066 tilius,
310 998 413 1066 Chius,
436 1005 571 1068 cognatus
587 1017 649 1053 num
663 999 763 1068 luerit,
779 999 906 1066 dubium;
926 1016 1041 1069 namque
1058 1000 1174 1054 nominis
1190 1001 1282 1054 simili-

142 1083 208 1136 tudo
224 1083 384 1153 scriptorem
401 1101 511 1138 movere
525 1084 632 1155 potuit,
659 1089 691 1138 ut
705 1084 787 1137 huius
803 1084 975 1155 potissimum
991 1084 1152 1138 mentionem
1169 1087 1282 1140 laceret.

677 1271 700 1334 S·
717 1273 744 1326 3.

226 1422 268 1475 De
290 1420 453 1474 educatione
471 1427 499 1475 et
520 1419 695 1475 institutione
715 1421 851 1474 Herodoti
875 1420 940 1474 nibil
963 1423 1093 1476 traditum
1116 1423 1279 1492 accepimus.

141 1507 252 1561 Homeri
275 1506 439 1560 carminibus
462 1507 583 1560 eximiam
603 1507 676 1560 illurn
692 1506 804 1560 dedisse
820 1523 929 1576 operam
951 1506 994 1560 vel
1012 1507 1076 1561 inde
1092 1507 1183 1577 colligi
1199 1527 1282 1580 posse

141 1597 220 1662 putat
245 1593 342 1660 laegcr
360 1591 483 1662 Disputt.
506 1591 628 1646 Herodd.
656 1609 683 1662 p.
710 1595 736 1657 5,
765 1591 840 1661 quod
862 1597 905 1644 tot
933 1591 1045 1646 Homeri
1070 1593 1227 1646 sententiae
1252 1595 1280 1647 in

142 1677 275 1730 Herodoti
289 1675 381 1729 ltlusis
396 1693 545 1748 expressae
561 1683 721 1744 occurrant,
743 1676 813 1728 addo
824 1681 869 1756 i⁰l
883 1676 977 1744 verba,
992 1683 1035 1730 tot
1048 1677 1201 1731 locutiones
1217 1679 1282 1732 inde

142 1763 331 1833 depromptae,
351 1761 417 1830 quin
435 1761 521 1814 omnis
542 1761 676 1814 orationis
694 1763 781 1814 forma
802 1767 830 1813 et
849 1760 956 1814 indoles
971 1762 1006 1814 ad
1020 1763 1157 1833 poeticum
1183 1781 1205 1818 s.
1223 1763 1281 1834 epi-

141 1865 201 1900 cum
220 1861 371 1900 sermonem
392 1847 545 1899 ascendens
568 1847 714 1918 ipsumque
737 1851 926 1914 argumentum
947 1845 981 1898 ad
1003 1846 1074 1917 epici
1094 1847 1222 1900 carminis
1237 1865 1281 1901 ra-

141 1933 241 1985 tionem
267 1931 443 1985 distributum
472 1939 499 1984 et
524 1933 728 1986 conformatum.
759 1930 822 1983 Vid.
845 1931 918 1983 infra
945 1931 972 1993 S.
1004 1935 1045 1985 12.
1072 1931 1111 1985 Ac
1133 1939 1282 2002 praeterea

140 2017 302 2071 adolescens
322 2015 461 2071 lectitasse
482 2017 592 2069 videtur
610 2015 742 2070 Hecataei
760 2015 863 2068 Milesii
886 2014 991 2092 libros,
1006 2034 1057 2086 per
1072 2017 1175 2070 loniam
1193 2018 1281 2070 Grae-

140 2103 263 2173 ciamque
287 2111 354 2154 tunc
369 2101 500 2171 temporis
521 2101 600 2154 valde
616 2107 783 2171 propagatos
803 2107 831 2153 et
852 2099 1006 2155 celebratos
1015 2096 1060 2172 *);
1083 2102 1156 2156 unde
1173 2102 1282 2155 iuveni-

140 2189 190 2241 lem
205 2186 349 2258 scriptoris
365 2187 480 2240 animum
502 2185 656 2239 adsimilis
677 2184 808 2238 mutanda
829 2185 972 2240 incensum
988 2185 1078 2240 luisse
1095 2186 1165 2240 baud
1181 2187 1280 2256 impro-

139 2273 239 2326 babilis
256 2271 376 2324 eiusdem
394 2271 500 2340 laegeri
516 2277 560 2325 est
577 2272 736 2324 coniectura
749 2271 768 2326 l.
786 2270 804 2324 l.
820 2288 848 2340 p.
864 2275 890 2328 6.
906 2271 1152 2342 Logographorum
1176 2273 1279 2342 scripta

140 2357 310 2410 Herodotum
337 2357 448 2408 novisse
468 2371 527 2410 earn
549 2355 740 2429 Creuaerolss)
761 2359 870 2408 statuas
892 2355 970 2422 licet;
993 2363 1020 2408 et
1040 2357 1131 2426 potuit
1146 2373 1213 2408 sane
1227 2356 1280 2408 Pa-

141 2441 253 2509 nyasis,
276 2441 320 2493 vir
341 2446 432 2493 aetate
453 2441 611 2511 provectior
633 2441 759 2511 idemque
781 2445 809 2493 et
826 2439 1030 2493 eruditissimus
1048 2447 1075 2492 et
1096 2440 1281 2493 celebratissi-

141 2543 217 2592 mus,
238 2525 348 2578 iuvenis
370 2525 485 2578 animum
508 2525 540 2577 ad
565 2523 659 2578 literas
682 2525 839 2579 tractandas
860 2525 967 2593 erigere
984 2523 1059 2577 etad
1075 2525 1173 2578 altiora
1188 2525 1281 2577 studia

141 2607 375 2682 promoverem),
392 2609 454 2662 Hoc
467 2610 546 2664 modo
560 2610 695 2664 matarius
712 2611 739 2663 in
753 2609 936 2664 adolescentis
951 2609 1039 2662 animo
1054 2607 1121 2662 illud
1137 2609 1280 2663 consilium

142 2695 273 2748 historiae
294 2693 455 2748 scribendae
477 2695 609 2766 orbisque
634 2703 769 2749 terrarum
792 2696 819 2748 in
841 2696 913 2748 bunc
934 2697 1014 2748 linem
1031 2694 1197 2764 peragrandi
1213 2695 1280 2747 oriri

141 2781 244 2852 potuit,
267 2781 340 2851 quod
359 2787 456 2852 postea
480 2786 521 2834 tot
542 2797 674 2834 annorum
696 2781 816 2834 decursu
836 2787 889 2832 tam
914 2780 1009 2834 eximie
1025 2779 1099 2832 illurn
1121 2785 1280 2833 exsecutum

140 2885 202 2920 esse
219 2865 351 2920 videmus.

222 2950 419 3005 Halicarnasso
436 2951 543 3004 Samum
564 2953 696 3020 migrasse
714 2951 883 3004 Herodotum
904 2949 938 3003 ob
952 2947 1129 3018 Lygdamidis
1151 2950 1279 3017 tyranni·

140 3037 199 3089 dem
220 3035 305 3106 inque
321 3037 400 3090 Samo
416 3037 534 3090 lonicam
554 3037 697 3090 dialectum
719 3036 789 3106 (vid.
806 3036 878 3088 intra
893 3039 918 3100 s.
934 3037 990 3103 ll.)
1007 3034 1131 3086 edanum
1146 3034 1278 3087 historias

140 3119 341 3188 conscripsisse
355 3120 475 3191 indeque
490 3122 517 3174 in
541 3123 634 3175 urbem
652 3121 875 3174 Halicarnassum
893 3135 1064 3186 regressum,
1081 3137 1140 3172 cum
1159 3127 1279 3187 tyranno

142 3205 229 3257 eiecto
245 3221 261 3255 a
279 3204 386 3257 civibus
403 3205 507 3258 inridil
522 3223 647 3275 pressum
664 3223 694 3258 se
712 3205 832 3270 videret,
853 3203 975 3256 'l'burios
995 3203 1057 3256 hinc
1072 3203 1278 3270 discessisse†)

141 3289 242 3341 suidas
258 3289 344 3341 relert
364 3289 381 3340 l.
405 3307 490 3359 supra
507 3289 524 3346 l.
542 3307 615 3357 vera,
631 3289 798 3354 revidetur,
814 3287 893 3340 falsis
910 3287 1094 3356 commiscens,
1111 3287 1184 3340 nulla
1200 3287 1279 3340 etiarn

141 3373 234 3426 addita
249 3373 550 3445 temporaneumque,
565 3391 620 3444 quo
638 3372 746 3441 singula
761 3373 827 3424 baec
845 3371 1003 3442 acciderint,
1018 3372 1169 3426 notatione.
1199 3372 1278 3435 Quae

141 3477 208 3512 vero
223 3457 293 3511 idern
309 3453 463 3535 Suidasfl)
490 3457 524 3510 de
539 3457 692 3511 commercio
713 3455 848 3508 Herodoti
871 3473 930 3510 cum
948 3455 1077 3509 Choerilo
1097 3457 1180 3526 poeta
1194 3454 1279 3508 tradit

208 3673 239 3774 ζ),
253 3675 333 3758 (ξοαί.
342 3675 469 3726 Oreuaer.
482 3673 663 3754 inHiatoricc.
677 3671 820 3737 antiquiss.
835 3670 960 3737 fragmen.
971 3687 997 3736 p.
1010 3669 1049 3722 lli.
1063 3670 1123 3722 Vid.
1138 3670 1212 3722 iufra
1221 3669 1277 3734 §.H

207 3745 261 3876 1Μ’ὶ)
267 3741 488 3863 ¹llliiriirui5hisilir
498 3739 674 3876 dilseilllsbi
677 3737 790 3858 'siloni
803 3808 832 3856 in
838 3805 973 3872 Philolog.
988 3807 1092 3873 Xpag.
1106 3803 1139 3857 38
1151 3821 1226 3872 seqq.
1242 3807 1277 3857 ad

141 3881 289 3946 Panyasim
301 3881 432 3942 reterens,
447 3891 623 3946 quaecuuque
636 3877 664 3926 in
676 3875 810 3925 Herodoti
821 3876 909 3926 Musis
926 3874 1054 3941 leguntur
1069 3875 1102 3924 de
1116 3875 1276 3940 antiquiori·

141 3950 192 4000 bns
223 3951 294 4000 ottis
312 3963 457 4013 eorumque
475 3945 654 4006 carminibus,
667 3945 788 4009 itemque
801 3957 890 3994 rerum
903 3942 1055 3994 divinarum
1068 3942 1134 3992 illud
1147 3942 1275 4002 studium,

143 3966 267 4082 quodtot
278 4017 417 4068 Musarum
429 4015 485 4066 loci
497 4011 648 4066 declarant.

210 4081 239 4148 †)
252 4085 325 4135 Hinc
337 4084 502 4148 Weeseling.
517 4083 545 4130 iu
557 4081 680 4131 Praelat.
694 4097 721 4146 p.
733 4079 758 4142 3,
773 4095 852 4144 quern
865 4081 988 4144 sequitur
999 4077 1164 4141 Laroherus,
1178 4079 1277 4128 statuit

143 4167 160 4202 a
173 4149 254 4202 Samo
266 4151 414 4217 proiectum
427 4149 593 4202 Herodotum
606 4149 706 4198 itinera
718 4149 887 4212 suscepisse,
910 4163 923 4197 e
938 4147 1034 4211 quibus
1048 4161 1186 4197 reversum
1199 4147 1275 4196 cives

143 4233 206 4270 snos
219 4219 253 4268 ad
266 4221 383 4285 patriam
396 4217 589 4270 Halicaruaeai
600 4215 772 4268 liberandam
785 4214 933 4266 adiuvisse.
950 4215 1005 4264 Res
1018 4215 1124 4264 incerta
1136 4231 1169 4265 ac
1181 4214 1274 4264 dubis.

212 4286 260 4350 ††)
274 4301 296 4335 s.
304 4301 330 4336 u.
338 4287 369 4336 T.
376 4287 424 4337 111.
438 4303 464 4352 p.
477 4284 528 4336 695
540 4285 588 4348 (11,
599 4285 623 4334 2.
634 4301 660 4351 p.
675 4281 869 4345 roalssemhm
883 4274 1144 4347 Xosplloelioipsoa·
1156 4275 1232 4340 esula
1244 4271 1274 4332 δ’

141 4343 242 4413 Ἰασέα,
265 4343 345 4404 sitlos
363 4345 392 4405 δ’
407 4345 621 4418 Ἁλικαρνασσέα
641 4345 803 4414 inoperire,
826 4344 962 4416 γενέσθαι
981 4341 1013 4400 dl
1030 4343 1103 4400 sard
1116 4341 1273 4427 ῃααόασιν

144 4425 205 4501 τοῖς
219 4413 346 4540 porisma,
367 4412 414 4472 lari
432 4415 463 4472 di
482 4417 538 4498 spis
555 4419 703 4502 Hepcssoiq
715 4408 873 4502 o'lvpmqids
885 4410 924 4498 σε’
941 4417 1094 4500 psuslpsog
1109 4414 1167 4482 ηδη
1186 4409 1273 4500 alvom,

145 4489 215 4543 dost
235 4504 252 4540 s
269 4502 299 4540 se
316 4487 431 4554 Σαμίου
448 4501 524 4548 τινος
536 4503 625 4538 ueros
636 4487 787 4554 γενεσθαι,
802 4485 898 4554 εαειδη
911 4501 990 4538 novo
1002 4501 1054 4552 την
1065 4499 1156 4549 moue,
1170 4499 1275 4550 puyasv
