3026 4970
487 433 892 497 canomannica
949 401 950 404 Ὺ

1193 435 1256 498 285

119 633 194 693 τον,
230 610 430 694 Μαρδονίου
458 604 495 674 δὲ
522 605 715 694 ἰσχυροτέρη
741 631 778 672 τε
804 605 859 672 καί
885 598 1173 692 ἀγνωμονεστέρη,
1201 605 1256 672 καί

117 701 272 795 οὐδαμιός
301 706 606 794 συγγινωσκομένη·
643 705 771 774 δοκέειν
800 731 835 773 τε
863 700 926 792 γάρ
955 706 1067 796 κολλρῐ
1094 706 1256 792 κρέσσονα

118 807 203 878 εἶναι
227 803 288 895 τὴν
311 809 476 896 σφετέρην
499 801 655 893 στρατιὴν
678 809 734 893 τῆς
757 801 962 893 Ἑλληνικῆς,
991 801 1193 893 συμβάλλειν
1220 831 1257 874 τε

104 905 179 996 ιτὴν
200 916 374 998 ταχίστην,
401 907 486 997 μηδὲ
504 909 662 997 περιορᾶν
680 909 944 995 συλλεγομένους
962 912 1009 974 έτι
1027 908 1171 986 πλεῦνας
1189 909 1257 976 των

118 1011 403 1098 συλλελεγμένων·
427 1005 467 1078 τά
489 1034 525 1077 τε
548 1004 673 1096 σφάγια
694 1005 734 1076 τά
752 1003 1012 1098 Ἡγησιστράτου
1036 1009 1093 1078 ἐάν
1115 1015 1256 1098 χαίρειν,

117 1111 200 1200 μηδὲ
225 1109 413 1199 βιάζεσθαι,
438 1105 522 1178 άλλά
538 1105 628 1201 νόμῳ
646 1111 693 1200 τῷ
708 1111 869 1200 Περσέων
887 1109 1093 1198 χρεωμένους
1110 1106 1256 1198 συμβάλ-

119 1269 342 1338 &lemmatis
352 1273 431 1322 codd.
447 1273 490 1322 Dc
502 1277 661 1337 argumento
713 1275 756 1323 bie
769 1265 940 1339 συμβάλλειν
951 1287 987 1322 τε
1000 1264 1053 1337 τὴν
1064 1271 1208 1338 ταχίστην,
1223 1289 1256 1324 ea

118 1342 173 1392 loci
190 1343 231 1392 sic
254 1343 501 1404 Wesreliapiur:
524 1340 602 1402 „adi
627 1341 662 1390 ad
712 1341 834 1407 pendent
846 1341 881 1392 ab
895 1340 1072 1390 antecedenti
1084 1333 1181 1406 γνώμη
1194 1355 1256 1390 son·

119 1409 170 1466 lx,
188 1411 213 1458 2.
248 1410 333 1459 Putes
351 1424 385 1458 ex
401 1407 581 1472 praecedenti
599 1423 661 1456 con·
713 1409 881 1472 tertiamque
892 1407 967 1456 illam
978 1407 1256 1458 Mardoaiiacriorom

117 1476 267 1526 saltatione
282 1480 310 1525 et
321 1475 453 1525 Artabazi
466 1474 661 1538 (laudatissimi
712 1477 849 1537 indicant,
868 1489 935 1539 qua,
954 1489 1016 1524 snas
1030 1475 1196 1539 (Persarum)
1211 1491 1255 1524 co-

118 1545 170 1594 viri
189 1544 237 1593 lib.
250 1543 332 1604 VIII,
347 1541 405 1606 121)
425 1542 576 1604 sententia,
595 1542 661 1591 ube·
713 1545 775 1609 pias
791 1543 905 1594 Graecis
923 1541 1006 1592 multo
1022 1543 1176 1608 superiores
1194 1557 1255 1592 esse

116 1628 174 1662 rcrn
191 1613 246 1661 iam
267 1616 325 1660 tum
345 1609 512 1676 proditorum
530 1609 558 1658 in
576 1609 661 1659 Grae·
714 1627 774 1661 cum
793 1611 976 1672 existimaret,
995 1609 1056 1659 inde
1075 1624 1155 1673 quam
1171 1609 1256 1659 celer·

117 1680 178 1728 ciac
191 1678 303 1728 urbibus
319 1676 470 1743 pullulasse
484 1683 658 1742 proventum:
710 1679 778 1728 rime
791 1677 922 1743 congredi
933 1677 1020 1726 voluit
1033 1691 1119 1740 aeque
1132 1676 1254 1726 commit-

117 1747 162 1812 qui
174 1746 281 1811 quidem
290 1746 428 1796 succrevit
437 1744 589 1794 laetissime
597 1743 660 1792 Phi·
710 1752 783 1804 tere,
801 1749 831 1794 ut
847 1745 939 1810 plnres
959 1745 1041 1794 etiam
1054 1745 1177 1806 (Graeci)
1191 1760 1255 1794 oon-

116 1814 186 1878 lippi
199 1813 359 1863 Macedonis
377 1827 461 1874 aevo,
479 1813 659 1862 testeDemo·
710 1813 850 1876 venirent,
874 1827 954 1878 qaam
972 1813 1018 1878 qui
1039 1811 1095 1862 iam
1111 1813 1253 1862 conveula·

117 1881 206 1930 athen.
218 1896 266 1945 pro
276 1879 373 1930 Ceron.
384 1895 450 1945 pag.
459 1879 506 1928 145
518 1875 592 1944 [pag.
600 1878 658 1940 245,
711 1885 781 1933 sent.

118 1947 151 1998 to
161 1945 275 2012 Relalr.],
288 1947 335 1996 ubi
347 1953 441 1996 orator
452 1945 659 2010 nondiffitetur,

117 2015 256 2080 superiore
270 2016 400 2064 memoria
416 2013 490 2063 haud
503 2028 605 2078 paucos
619 2014 658 2062 iu·

116 2083 180 2132 isse.
212 2081 285 2144 Quin
299 2081 437 2132 Herodoto
449 2081 544 2130 boram
557 2081 661 2145 aliquid

115 2149 281 2212 suboluerit,
303 2149 377 2200 baud
394 2149 587 2214 negaverim.“
621 2149 661 2197 Ac

115 2233 183 2268 sane
201 2217 286 2268 verba
306 2217 418 2266 adiecta
436 2215 491 2265 tale
513 2215 577 2280 quid
589 2215 661 2267 indi-

116 2300 181 2336 care
191 2285 331 2334 videntur:
345 2275 382 2341 oie
392 2277 559 2347 προειδότος
571 2279 661 2332 πλεῦν

115 2368 142 2402 τι
151 2347 202 2402 καὶ
210 2347 323 2414 τούτου,
335 2352 353 2399 i.
362 2357 419 2400 eut
432 2353 475 2416 qai
484 2349 659 2412 (Artabazus)

115 2423 193 2470 etiam
216 2422 320 2482 maplr'ua
343 2419 404 2484 qaid
426 2423 468 2468 illo
495 2417 659 2480 (Mardonia)

112 2487 296 2551 praeviderat,
320 2501 341 2535 a.
358 2491 389 2534 ut
407 2487 452 2550 qni
468 2485 574 2534 maiora
590 2485 659 2535 adeo

116 2569 199 2620 qnam
217 2553 265 2602 ille
284 2553 460 2618 praeviderat
472 2557 563 2602 mente
576 2557 659 2616 atque

114 2621 320 2687 praesciverat;
332 2624 364 2669 ut
375 2635 523 2685 sanequam
533 2619 579 2670 ille
591 2635 664 2670 corn·

114 2689 248 2738 mercium
266 2687 399 2752 quoddam
416 2687 547 2737 babuisse
563 2687 658 2737 ridea-

113 2761 161 2806 tur
174 2771 233 2806 cnm
247 2755 362 2806 Graecia
375 2755 553 2819 quibusdam,
572 2757 618 2820 qui
631 2755 659 2804 ia

112 2823 231 2890 singulis
250 2823 409 2874 civitatibus
426 2822 539 2872 multum
556 2822 660 2888 pollen-

110 2897 157 2942 tes
180 2891 252 2941 clam
276 2905 337 2940 cunr
358 2891 446 2940 Persa
464 2893 660 2955 transegerant

112 2960 228 3024 eiusque
242 2963 334 3024 partes
347 2973 390 3007 arn
412 2957 468 3008 laxi
481 2962 569 3008 erant.

139 3020 307 3102 ἰσχυροτέρη
317 3039 347 3075 τε
357 2975 657 3090 καίάγνωμονεστέρη,

109 3090 162 3144 καλ
174 3091 309 3155 ουδαμοός
318 3086 576 3158 συγγινωσκομένη]
588 3107 659 3156 γνω-

108 3177 153 3227 μη
167 3153 333 3224 ἰσχυροτέρη
344 3159 443 3209 dicitur
453 3161 539 3210 κατίοι*
550 3165 659 3210 senten·

110 3230 170 3290 tia,
182 3229 295 3290 pravior,
309 3231 340 3274 at
352 3227 411 3286 vll,
427 3225 474 3275 tot
486 3220 600 3292 ἰσχυρὸς
612 3220 659 3278 νό-

108 3309 171 3414 itt
194 3299 222 3409 i‘
240 3287 658 3426 {lulittttlttt‘t‘

174 3398 180 3410 Ι
214 3397 221 3422 J
276 3395 282 3408 Ι
648 3391 657 3400 ”

108 3429 258 3494 νομοπιίου,
268 3427 393 3491 ferocior,
407 3432 437 3477 ut
449 3427 660 3493 Schweighaeu-

108 3512 191 3548 serns
205 3497 417 3560 interpretatnr;
436 3500 465 3544 tu
478 3495 550 3544 conl.
565 3495 598 3546 de
610 3512 657 3546 ao·

107 3565 188 3615 miae
205 3553 410 3630 α’γνωμοσάνης
427 3567 495 3613 nott.
515 3563 550 3612 od
568 3563 621 3624 lx,
634 3562 658 3614 3.

106 3633 179 3689 VII,
192 3629 218 3680 9.
236 3634 260 3694 §-
278 3631 302 3681 2.
320 3619 454 3696 οὐδαμῶς
471 3644 658 3696 τυγγινωσκο·

104 3695 185 3766 μένη
198 3698 300 3748 dicitur
311 3699 450 3748 sententia
462 3701 559 3748 minime
570 3713 658 3750 conoe·

737 1943 781 2027 ιτοί
793 1961 823 2024 τε
835 1939 945 2012 σφάγια
957 1971 988 1981 -
1002 1939 1076 2012 μηδὲ
1089 1915 1253 2013 βιάζει-διά]

711 2031 746 2064 τα
757 2029 866 2080 σφαγια
876 2019 939 2064 sunt
947 2030 1032 2071 sacru.
1043 2016 1170 2070 victimae,-
1182 2014 1253 2063 uude

712 2099 766 2134 aon
779 2083 907 2132 differunt
918 2075 952 2132 τά
966 2075 1045 2144 λερά,
1059 2082 1131 2131 coni.
1145 2082 1196 2142 IX,
1211 2081 1253 2132 45.

712 2148 754 2200 51.
777 2149 817 2200 52.
861 2149 1041 2200 Locutioncm
1067 2139 1119 2199 έοῖν
1142 2146 1255 2212 χαίρειν

712 2217 820 2286 (κοίρανοι
840 2219 944 2282 facere,
968 2231 1018 2266 noa
1041 2215 1158 2279 curare),
1183 2230 1254 2280 quae

713 2285 795 2334 etiam
814 2289 906 2334 exstat
922 2285 974 2346 IX,
993 2283 1041 2345 45,
1060 2283 1142 2348 attigi
1160 2283 1194 2332 ad
1207 2283 1254 2340 1v‚

713 2351 771 2400 111.
800 2352 1001 2402 Valckenarius
1020 2349 1182 2399 laudaverat
1193 2350 1256 2398 Pla·

710 2423 767 2469 ton.
781 2417 850 2469 crit.
863 2433 926 2484 pag.
937 2418 1005 2466 45Α.
1020 2415 1080 2480 (ubi
1093 2417 1253 2466 Stallbaum.

710 2501 775 2552 pag.
788 2485 834 2535 lll
847 2489 993 2551 praeterea
1005 2483 1101 2534 laudat
1110 2484 1254 2533 Heindorf.

712 2555 747 2604 ad
759 2554 905 2604 I'hoaetet.
916 2567 979 2618 pag.
989 2550 1038 2600 441
1053 2556 1081 2600 et
1093 2552 1180 2616 ipsum
1190 2551 1255 2600 Val-

712 2621 824 2671 ckenar.
843 2619 878 2670 ad
895 2619 1018 2684 Euripid.
1035 2619 1091 2683 Hip
1112 2617 1177 2682 olyt.
1196 2617 1254 2681 113)

710 2690 823 2739 Isocrat.
840 2689 957 2753 Trapez.
978 2701 1042 2752 pag.
1062 2684 1077 2736 3
1124 2685 1154 2737 G.
1179 2682 1253 2751 [cap.

713 2755 751 2806 14.
762 2757 785 2818 ὅ.
796 2753 839 2820 29]
851 2753 974 2820 Xenoph.
985 2753 1072 2804 Anah.
1082 2753 1142 2816 VII,
1153 2751 1177 2804 3.
1188 2755 1211 2815 5.
1221 2753 1254 2804 23

711 2821 770 2888 [nbi
788 2824 823 2874 cl.
842 2819 1167 2887 ameger.]et1.ucian.
1186 2820 1207 2872 Ι.
1227 2837 1252 2886 p.

710 2891 760 2940 727
773 2891 837 2952 (Pro
850 2891 932 2956 Lapa.
947 2889 974 2938 in
986 2887 1069 2967 palat.
1080 2890 1105 2938 2.
1116 2887 1152 2970 ³).‘
1177 2888 1253 2969 Quod

709 2951 1254 3091 bittit..itliitittlttlittab?

710 3093 820 3155 ζεσθαι,
831 3109 911 3159 aeque
921 3093 1086 3144 considerare
1097 3107 1118 3141 a.
1125 3107 1205 3157 reque
1218 3094 1255 3142 ad

709 3163 754 3212 illa
766 3164 869 3211 calmum
879 3162 1021 3220 advertere,
1037 3174 1069 3210 eo
1082 3159 1155 3209 baad
1169 3175 1252 3224 aegre

711 3229 874 3278 carebimus.
905 3226 999 3278 Noluit
1012 3227 1084 3278 enim
1096 3227 1143 3276 ille
1156 3230 1202 3276 vim
1214 3233 1253 3276 ιἰι-

706 3297 781 3360 serrc
798 3297 931 3361 auspiciis,
954 3300 985 3344 nt
1005 3294 1064 3345 scil.
1084 3295 1172 3343 invita
1190 3294 1251 3343 lita-

710 3370 780 3414 rent.
811 3365 853 3413 Ea
870 3364 942 3412 enim
955 3361 1123 3427 significatio
1138 3366 1180 3410 est
1192 3377 1252 3410 vcr-

709 3432 738 3481 bi
751 3424 916 3496 denigratione,
936 3429 1028 3478 addito
1044 3429 1205 3478 accusativo
1218 3419 1252 3476 τά

708 3491 840 3616 titia
862 3496 1041 3614 tullii·
1055 3496 1200 3628 liiii*
1213 3495 1253 3611 il.

708 3634 836 3698 probavIt
848 3633 876 3682 id
890 3581 995 3696 quodue
1009 3629 1252 3694 Schweighaeuse-

708 3717 762 3763 rns,
774 3701 881 3750 reiecta
894 3715 936 3759 ea,
944 3713 1024 3763 quam
1035 3703 1118 3746 antea
1128 3697 1250 3760 dederat,

10 3769 15 3780 '
105 3771 222 3818 alenae.
235 3769 394 3816 cernentieae
405 3768 542 3828 οιιυιιιλίίε,
561 3767 658 3818 minime
708 3767 937 3834 interpretatione
955 3765 1013 3828 (ιιεο
1029 3767 1144 3815 instituta
1157 3765 1251 3815 Perra-

102 3835 220 3887 redeas:
243 3833 278 3885 de
296 3849 348 3898 qao
366 3834 437 3884 coni.
457 3839 517 3884 nott
544 3834 579 3883 ad
596 3834 655 3896 VII,
708 3851 762 3885 rma
782 3851 838 3886 esse
859 3833 995 3896 violando).
1031 3832 1180 3894 Matthiae,
1206 3833 1251 3898 qui

105 3904 156 3965 12;
169 3903 223 3952 etei
233 3901 285 3951 boc
297 3901 470 3966 displicuisse
478 3901 557 3954 video
565 3901 656 3952 Gallio
708 3895 782 3968 padi
799 3893 950 3969 βιάζεσθαι
971 3901 1044 3950 idem
1066 3915 1126 3951 esee
1144 3901 1253 3951 dixerat

103 3972 160 4035 (Le
180 3968 276 4034 philol.
294 3969 327 4018 V.
344 3983 407 4034 pag.
426 3968 501 4030 ⁶253),
525 3970 570 4034 qui
593 3969 656 4020 reli·
710 3975 791 4035 atque
804 3966 878 4036 μηδέ
891 3961 944 4020 έοὶν
955 3961 1107 4035 βιάζεσθαι
1123 3958 1251 4028 έαυτούς,

102 4053 165 4106 qua
175 4037 217 4086 sle
227 4035 334 4086 Gallice
345 4037 484 4086 reddenda
493 4042 584 4102 putat:
596 4044 657 4102 trop
709 4054 788 4104 neque
800 4041 960 4103 permittere,
978 4043 1004 4086 ut
1021 4039 1132 4087 uictimae
1146 4037 1195 4087 sibi
1206 4042 1251 4086 rim

97 4109 205 4172 senae,
218 4110 277 4168 trop
290 4106 438 4169 ἐκενςιήιιε,
451 4111 511 4168 trop
523 4119 573 4169 pra
584 4106 657 4170 re'lle'·
708 4107 832 4172 offerant,
847 4110 874 4156 et
884 4121 992 4171 pugnae
1007 4105 1120 4170 cupidos
1130 4120 1147 4154 a
1156 4119 1252 4170 pugna

100 4175 156 4226 clii.
181 4197 212 4206 —-
234 4171 312 4232 Quae
336 4172 409 4236 apud
426 4171 595 4222 Herodotum
613 4187 656 4222 se·
709 4174 875 4235 deterreant,
888 4175 956 4222 bene
967 4173 1088 4234 subiicit,
1099 4167 1251 4237 βιάζεσθαι

101 4241 231 4308 quantur
242 4238 340 4288 rerba:
355 4231 468 4289 δοκέειν
480 4253 509 4289 τε
522 4231 576 4304 γάρ
590 4239 657 4289 πολ·
708 4233 743 4290 τά
757 4233 867 4304 σφάγια
883 4240 967 4290 otiam
984 4255 1065 4306 posse
1079 4255 1139 4290 ease
1152 4241 1198 4289 aim
1210 4241 1251 4318 o(-

5 4321 6 4328 ’
100 4307 145 4360 λῶ
164 4299 306 4367 κρέσσονα
323 4298 400 4356 εἰναι
417 4323 442 4357 κ.
457 4322 480 4356 τ.
495 4307 534 4368 λ.,
553 4307 581 4356 in
599 4308 656 4371 qui·
705 4308 780 4371 serre
803 4307 906 4358 victimis
935 4309 961 4357 ei
987 4309 1022 4356 iis
1046 4307 1141 4356 invitIs
1170 4308 1252 4370 (τερος

99 4363 158 4430 baa
176 4372 317 4440 particula
329 4387 358 4424 τε
375 4376 504 4440 congruit
521 4389 582 4424 cum
594 4390 654 4425 ver·
708 4373 787 4440 βίαν)
800 4389 933 4441 pugnare.
962 4374 1030 4425 Mihi
1047 4375 1098 4425 boc
1111 4389 1192 4424 unum
1205 4390 1251 4426 ve·
