2980 4978
277 427 339 490 496
684 425 1000 488 ΟΟΜΜΕΝΤΑἸἸΟ

278 615 310 650 eo
326 595 517 648 discedendum
538 597 693 665 putavimus
710 598 857 667 praecipue
873 599 901 650 in
917 598 966 666 iis,
992 615 1062 668 quae
1078 599 1112 652 ad
1127 598 1226 650 formu
1241 597 1349 650 lonicae
1362 597 1397 649 rel

277 681 369 752 potius
380 679 553 734 Herodoteae
567 680 674 734 dialecti
688 691 763 735 recte
779 683 945 736 exhibendas
961 684 1115 753 pertinent,
1139 683 1260 735 virorum
1271 682 1397 735 doctorum

278 767 378 819 studiis
395 766 422 818 in
445 767 494 816 hae
511 784 541 818 re
557 767 657 835 positis
676 765 785 820 meliora
800 768 889 820 edocti
904 768 1023 838 indeque
1039 769 1209 834 assuerum,
1231 767 1397 820 Dindorhun.

277 851 456 918 Bredovium‚
478 849 546 903 alios
566 851 638 903 haud
653 869 715 904 raro
732 853 829 904 secuti.
871 853 1039 923 Quamquam
1054 854 1125 906 enim
1145 869 1241 905 novam
1260 860 1352 904 textus
1365 871 1398 904 re·

246 925 249 931 ’
279 935 434 989 censionem
450 937 619 988 constituere
630 937 736 990 minime
751 938 829 989 nobis
845 947 904 990 erat
918 940 1103 1008 propositum,
1124 948 1213 990 tamen
1226 939 1398 991 emendatiora

278 1020 405 1074 exhibere
426 1020 561 1073 voluimus
575 1020 709 1075 Herodoti
730 1023 827 1090 rerba,
856 1023 1010 1076 difficiliore
1027 1024 1180 1093 explicare,
1207 1040 1287 1076 usum
1305 1021 1398 1075 dicendi

278 1105 433 1172 illustrare,
454 1112 643 1173 argumentum
658 1125 794 1177 exponere
813 1117 840 1160 et
855 1107 969 1160 clariore
984 1109 1011 1160 in
1028 1109 1087 1161 luce
1104 1107 1253 1160 collocare:
1283 1125 1337 1178 quo
1350 1117 1399 1157 tan-

279 1191 338 1242 dem
361 1191 394 1244 de
414 1191 558 1261 scriptoris
575 1191 628 1244 lide
644 1209 789 1263 rerumque
808 1193 969 1246 traditarum
990 1194 1153 1246 auctoritate
1175 1193 1245 1244 setis
1261 1199 1399 1244 constaret.

280 1275 362 1328 (loni.
379 1294 449 1346 quae
465 1276 494 1327 in
510 1275 684 1330 Praelatione
702 1277 819 1330 diximus
836 1277 895 1333 Vol.
914 1279 937 1330 1.
952 1296 979 1348 p.
997 1277 1020 1330 X
1035 1297 1094 1348 seq.

364 1361 432 1414 Inde
446 1361 566 1414 Bekkeri
586 1361 669 1414 editio
694 1363 736 1414 hic
754 1363 984 1416 commemoranda
1005 1363 1064 1415 sola
1079 1361 1214 1416 Herodoti
1236 1361 1323 1414 verba
1338 1357 1400 1410 exhi-

281 1446 348 1500 bens
370 1447 538 1516 (‚,Herodoti
559 1447 592 1498 de
614 1446 683 1499 bello
699 1447 810 1500 Persico
833 1447 895 1500 libri
910 1447 957 1503 lx.
996 1446 1169 1515 Recognovit
1184 1448 1334 1500 immanuel
1348 1445 1399 1497 udr-

279 1531 399 1596 bernw),
414 1548 484 1600 quae
499 1531 612 1600 primum
627 1532 729 1602 prodiit
743 1540 902 1603 stereotypa
919 1533 1042 1585 Berolini
1057 1535 1134 1586 1833.
1150 1534 1181 1599 8,
1199 1531 1302 1584 deinde
1315 1529 1403 1600 passim

281 1617 375 1668 relicta
389 1615 455 1668 ibid.
475 1618 549 1671 1845.
584 1617 685 1669 Secuta
700 1624 758 1684 est,
778 1635 857 1688 quam
873 1633 957 1686 supra
971 1618 1023 1670 iam
1039 1617 1255 1682 commemoravi,
1279 1613 1404 1668 Dindorlii

282 1701 364 1752 editio
387 1701 436 1752 hoc
454 1701 507 1753 sub
525 1701 620 1754 titulo:
650 1702 809 1768 „Herodoti
823 1702 1007 1756 Historiarum
1027 1702 1089 1755 libri
1107 1702 1153 1754 lll.
1195 1699 1366 1769 Recognorit
1383 1705 1404 1748 et

281 1786 528 1838 commentationem
540 1786 573 1838 de
585 1785 700 1838 dialecto
711 1787 845 1840 Herodoti
856 1787 996 1856 praemisit
1009 1790 1153 1842 Guilelmus
1164 1787 1328 1856 Dindarfiur.
1350 1783 1404 1833 Cte-

281 1871 338 1922 sise
350 1871 441 1922 Cnidii
459 1879 486 1922 et
502 1870 792 1941 chronographorum,
815 1872 957 1940 Castoris,
981 1872 1176 1926 Eratosthenis
1192 1883 1245 1924 etc.
1262 1873 1406 1938 fragmenta

282 1955 475 2008 dissertatione
490 1963 518 2007 et
532 1955 605 2008 notis
617 1954 753 2008 illustrata
768 1975 784 2008 a
796 1956 895 2010 Carolo
911 1957 1054 2010 Muellero.
1081 1959 1186 2009 Graece
1196 1965 1231 2008 et
1241 1956 1343 2008 Latine
1357 1969 1406 2004 cun

281 2039 428 2092 indicibus.
451 2039 566 2092 Parisiis
583 2043 659 2094 1844.
680 2041 754 2110 apud
774 2041 860 2094 Didot
883 2044 1005 2095 iratres“
1025 2043 1148 2096 inform.
1169 2041 1223 2094 lex.
1239 2043 1268 2094 8.
1306 2040 1407 2106 Deque

282 2125 402 2178 editione
426 2124 486 2177 olim
507 2123 559 2176 tuli
580 2124 710 2178 iudicium
729 2126 772 2179 in:
795 2127 908 2179 Jahrbb.
925 2128 970 2190 fiir
982 2126 1115 2195 Philolog.
1133 2143 1161 2178 u.
1178 2126 1338 2192 Paedagog.
1357 2122 1407 2172 Vol·

281 2209 378 2262 XLVI.
395 2227 458 2278 pag.
474 2211 525 2264 392
540 2227 619 2280 seqq.
636 2211 802 2280 multumque
817 2229 857 2264 me
877 2212 909 2266 ei
923 2211 951 2263 in
966 2211 1099 2263 Herodoti
1114 2211 1205 2264 verbis
1225 2211 1330 2263 iterum
1344 2207 1408 2261 exhi-

282 2294 379 2348 bendis
400 2295 522 2348 adiutum
540 2313 603 2347 esee
620 2303 717 2364 gratus
736 2297 878 2366 profiteor.
917 2296 1064 2348 Praeterea
1082 2295 1124 2347 hic
1139 2295 1306 2347 nominanda
1328 2301 1370 2346 eet
1385 2307 1409 2342 ea

282 2379 381 2447 editio,
406 2397 484 2450 qnam
499 2383 652 2435 Alexander
666 2382 765 2454 Negris
779 2381 887 2434 curavit
903 2381 1072 2452 Graecisque
1088 2379 1161 2432 notis
1181 2379 1320 2432 instruxit
1334 2377 1408 2430 Edin·

283 2467 364 2533 burg.
382 2469 458 2520 1833.
476 2458 684 2536 (Ἡροδότου
700 2467 750 2521 τοῦ
761 2459 1050 2534 Ἀλιιιαρνησσῆος
1064 2462 1191 2533 ἱστοριῶν
1205 2459 1286 2533 λόγοι
1300 2459 1346 2532 θ’)
1361 2457 1408 2515 ln-

283 2544 452 2620 ypuqo'pevoa
467 2555 503 2605 M
509 2551 626 2604 οὖσαι·
648 2545 699 2605 οὐν
710 2548 918 2622 προλεγομένοις
929 2547 977 2603 aul
991 2544 1183 2621 σημειώσεων,
1197 2543 1361 2608 ἐκδιδόντος
1373 2543 1409 2599 xol

283 2637 465 2704 διορθοῦνιος
477 2629 652 2704 Ἀλεξάνδρου
664 2635 770 2706 Νέγρηι
795 2635 850 2688 rid.
862 2634 1038 2702 Heidelberg.
1054 2635 1167 2688 Jahrbb.
1182 2635 1210 2687 d.
1223 2634 1326 2687 Litter.
1345 2634 1410 2685 1834.

284 2738 326 2774 nr.
344 2723 387 2776 26.
405 2739 432 2790 p.
447 2724 499 2774 404
513 2720 559 2788 ff.)
574 2721 691 2792 itemque
709 2725 774 2775 1843
796 2721 874 2788 (with
889 2719 1074 2774 emendations
1089 2720 1126 2786 hy
1142 2719 1300 2772 Alexander
1315 2717 1410 2784 Negris

284 2805 338 2858 and
355 2823 371 2856 a
386 2805 448 2858 Life
464 2807 496 2858 ol
507 2805 666 2859 Herodotus
684 2807 719 2873 by
735 2807 770 2858 ll.
788 2805 823 2857 0.
841 2805 990 2871 Mueller).
1017 2809 1033 2857 2
1049 2804 1119 2856 Voll.
1138 2805 1166 2856 in
1181 2807 1207 2857 8.
1227 2811 1255 2855 et
1275 2821 1311 2855 ea
1326 2802 1410 2866 editio,

285 2906 355 2958 quae
370 2891 397 2942 in
412 2889 493 2942 Nova
506 2891 629 2942 Ameriae
643 2891 757 2960 prodiit:
775 2890 934 2943 Herodotus
948 2891 1016 2942 lrom
1033 2890 1078 2941 the
1093 2897 1152 2942 text
1167 2887 1411 2956 olSchweigheeu-

285 2992 345 3040 aer,
368 2974 435 3026 with
451 2973 567 3042 English
586 2981 674 3028 notes.
719 2975 819 3028 Edited
840 2975 878 3042 by
901 2977 929 3030 G.
949 2979 978 3030 8.
997 2975 1126 3029 Wheeler.
1155 2974 1369 3027 Boston.184·2.
1390 2971 1411 3021 in

285 3058 389 3114 avon.
410 3061 436 3112 8.
1040 3061 1041 3064 ’
1158 3099 1160 3104 ,

370 3143 449 3206 Quae
466 3141 588 3214 reliquae
603 3151 697 3198 nostra
711 3151 800 3198 aetate
815 3144 978 3214 prodierunt
988 3145 1122 3198 Herodoti
1137 3143 1290 3210 editiones,
1311 3160 1360 3196 eae
1373 3147 1413 3192 aut

287 3230 392 3284 Graeca
409 3230 493 3282 verba
508 3229 567 3282 sola
583 3237 631 3284 aut
645 3231 745 3282 additis
765 3229 927 3300 quibusdem
943 3229 1016 3282 notis
1032 3228 1170 3282 exhibent.
1206 3227 1356 3280 Pertinent
1371 3229 1413 3278 huc

287 3315 420 3368 editiones
435 3333 451 3367 a
468 3317 500 3370 G.
515 3317 550 3368 H.
563 3318 703 3386 Schnesera
719 3321 829 3367 curatae
846 3315 924 3385 Lips.
942 3317 1008 3368 1819
1022 3313 1094 3383 apud
1110 3311 1226 3380 Weigel.
1245 3311 1288 3364 Ill
1306 3311 1377 3364 Voll.
1393 3317 1414 3359 et

287 3401 364 3470 Lips.
381 3403 447 3454 1822
463 3401 536 3470 apud
552 3401 730 3454 Schwickert.
747 3403 788 3467 8.‚
813 3403 834 3454 l.
852 3401 881 3456 Β.
901 3401 981 3453 Gailii
996 3398 1098 3466 (Paris.
1119 3401 1194 3452 1821.
1215 3397 1244 3448 ll
1259 3395 1366 3463 Voll.),
1387 3397 1413 3448 G.

287 3486 455 3539 Stallbaurnii
470 3485 562 3557 (Lips.
578 3487 652 3539 1825.
668 3485 710 3538 Ill
721 3486 824 3538 Torum.
843 3484 894 3554 8.),
912 3489 944 3539 A.
958 3485 1091 3538 Matthiae
1104 3488 1189 3554 (quae
1204 3481 1255 3533 hoc
1269 3483 1326 3534 sub
1343 3479 1414 3532 titulo

288 3570 315 3622 in
334 3571 418 3624 lucem
434 3571 530 3624 emisse
547 3578 603 3624 est:
625 3570 778 3638 „Herodoti
793 3570 899 3622 unsre.
932 3569 1000 3622 Cum
1014 3569 1091 3621 brevi
1108 3574 1230 3620 annotat.
1246 3566 1338 3618 critic.
1353 3567 1414 3630 Aug.

288 3655 420 3709 Matthiae
436 3665 463 3709 et
477 3657 563 3710 Henr.
582 3657 696 3726 hpetaii.
717 3656 793 3724 Lips.
812 3658 887 3708 1825.
906 3655 943 3706 11.
957 3653 1026 3710 Voll,
1046 3653 1102 3720 8.)‚
1121 3655 1149 3705 C.
1164 3657 1195 3708 A.
1208 3653 1319 3722 Stegeri
1333 3651 1413 3722 („He

289 3741 377 3795 rodoti
398 3742 506 3796 Musae.
543 3741 694 3794 Recensuit
714 3749 742 3792 et
762 3739 939 3792 annotatione
960 3739 988 3792 in
1011 3755 1088 3791 usum
1108 3737 1260 3790 scholarum
1288 3733 1415 3788 instruxit

289 3827 322 3879 C.
335 3827 365 3881 Α.
377 3827 485 3894 Steger.
508 3827 601 3878 Giees.
622 3827 696 3878 1826.
720 3825 762 3876 Ill
778 3825 881 3877 Tomm.
901 3826 971 3895 8.“),
990 3827 1038 3878 Fr.
1055 3824 1150 3877 Palmir'
1162 3820 1332 3892 (‚‚Herodoti
1348 3819 1414 3872 Hist

289 3911 351 3962 libri
371 3909 418 3962 lX.
457 3911 567 3964 Accedit
592 3909 701 3962 libellus
725 3910 758 3962 de
780 3909 837 3962 vita
858 3909 968 3961 Homeri
990 3915 1018 3962 et
1040 3908 1121 3960 index
1141 3905 1300 3959 historicus.
1343 3905 1415 3956 Nora

290 3995 354 4048 edit.
371 4003 537 4064 stereotypa.
578 3993 695 4047 (iuravit
710 3993 869 4047 Eridericus
884 3993 965 4046 Palm.
989 3993 1099 4062 Lipsiae
1115 3991 1187 4062 apud
1206 3990 1239 4044 C.
1255 3989 1415 4042 Tauchnitz.

291 4079 382 4149 [1815]
400 4081 466 4133 1839
482 4087 509 4130 et
525 4082 599 4132 1855.
622 4079 664 4131 Ill
680 4078 750 4131 Voll.
766 4077 823 4144 8.),
846 4079 964 4148 itemque
980 4077 1128 4146 Anglorum
1145 4077 1286 4130 doctorum
1301 4075 1416 4126 virorum

291 4162 425 4216 editiones
441 4163 564 4214 hocloco
586 4163 657 4215 haud
675 4164 944 4233 praetermittendae:
971 4161 1150 4230 „Herodotus
1173 4163 1241 4212 lrom
1257 4159 1303 4211 the
1320 4166 1380 4212 text
1394 4155 1418 4206 ol

291 4247 432 4300 Gaiel'ord.
447 4247 513 4298 with
528 4255 607 4299 notes
621 4247 800 4302 illustratives
820 4249 873 4300 and
891 4247 1008 4301 critieels
1023 4246 1076 4298 and
1094 4265 1109 4298 a
1125 4243 1318 4315 geographical
1337 4242 1414 4294 lnder
1441 4285 1442 4288 ,

291 4335 327 4402 by
341 4333 396 4388 Pet.
409 4333 484 4391 Edon.
499 4333 625 4387 haerent.
643 4331 758 4384 London
773 4335 838 4388 1831
855 4333 897 4385 ed.
910 4349 966 4384 sec.
982 4337 1010 4382 et
1023 4334 1098 4385 1846.
1112 4331 1154 4383 ed.
1165 4335 1226 4385 tert.
1244 4327 1342 4382 tvoll.
1360 4329 1414 4387 8.“;
1441 4343 1442 4346 ’

292 4418 469 4486 „Herodotus
485 4417 594 4484 Greek,
613 4419 679 4468 lrom
695 4418 740 4468 the
758 4424 816 4468 text
831 4417 861 4468 of
873 4416 996 4482 Belslrer,
1016 4415 1081 4468 with
1092 4415 1209 4483 English
1224 4421 1303 4468 notes
1317 4413 1354 4481 by
1368 4413 1414 4464 Ed·
