3040 4962
480 389 689 453 URANIA.
714 391 803 452 VIII.
826 400 868 452 52.
888 401 932 454 53.
1235 396 1275 460 73

164 562 212 646 τῆς
226 554 356 648 ἐσόδου,
374 565 415 653 σῇ
427 558 470 652 δὴ
488 559 567 632 οὔτε
584 591 633 643 τις
652 560 834 652 ἐφύλασσε,
853 557 926 633 οὔτ’
945 556 987 632 ἂν
1005 560 1121 652 ἤλπισε
1138 561 1184 653 μή
1201 561 1277 636 κοτέ

161 689 203 740 τις
225 659 300 731 κατὰ
323 667 427 734 τοῦτο
453 660 600 752 ἀναβαίη
626 659 834 755 ἀνθρώπων,
867 661 970 753 ταύτῃ
996 661 1164 754 ἀνέβησάν
1189 693 1276 746 τινες

159 759 230 831 mel
250 760 283 832 τὸ
307 762 380 856 ipsiu
408 769 468 854 τῆς
497 763 667 856 Κέκροπος
689 763 858 856 θυγατρὸς
879 761 1079 856 Ἀγλαύρου,
1106 774 1276 858 καίτοιπεο

158 859 352 956 ἀποκρήμνου
371 865 484 950 ἐόντος
502 871 563 937 rou
579 865 697 957 χώρου.
730 863 785 948 Ὡς
810 868 846 936 dl
865 867 957 936 εἶδον
974 863 1095 948 αὐτοὺς
1111 865 1275 957 ἀναβεβη-

157 1033 208 1078 eret
233 1045 247 1080 e
272 1032 384 1097 regione
409 1032 563 1098 Areopagi,
591 1033 683 1098 ibique
735 1036 815 1098 perte
836 1031 1021 1082 Erechtheum
1043 1032 1149 1090 stsbst,
1176 1033 1276 1082 ducere

156 1097 227 1148 etiem
244 1113 330 1149 murus
348 1093 394 1164 (τὸ
411 1102 514 1165 τεῖχος,
535 1100 605 1164 quod
622 1116 684 1150 mox
736 1101 871 1150 dicuntur.
899 1099 978 1161 Quod
990 1115 1056 1150 vero
1067 1097 1153 1150 Beule
1166 1099 1277 1163 (Phoro-

154 1163 251 1224 dicitur)
271 1181 325 1217 ens
343 1183 406 1218 cum
423 1168 511 1233 portis
528 1172 684 1217 exstructus
736 1167 798 1232 pole
816 1169 837 1217 I.
855 1184 881 1232 p.
899 1167 941 1216 27.
963 1165 1020 1230 159)
1037 1167 1084 1216 rie
1100 1167 1277 1226 subterranea,

155 1239 217 1282 eret:
247 1232 297 1284 hec
320 1241 403 1300 perte
429 1235 596 1286 secedentes
618 1236 683 1284 Per·
735 1234 1278 1300 queeexAgleurisenoinsrcissreem

153 1313 264 1350 sescum
281 1302 387 1368 repulsi
406 1302 576 1354 adscendere
595 1303 623 1352 in
641 1319 683 1352 er·
735 1303 850 1362 duxerit,
863 1303 964 1352 Perses
978 1301 1154 1352 adscendisse
1167 1307 1278 1352 eonten-

152 1383 202 1416 cen
217 1384 266 1418 non
278 1375 408 1435 possent,
432 1370 488 1420 elie
502 1370 684 1420 escenderunt
735 1369 775 1418 dit
787 1369 868 1434 idque
881 1370 991 1435 proberi
1003 1369 1062 1420 vrslt
1073 1370 1207 1420 Herodoti
1220 1385 1279 1420 ver·

151 1441 230 1499 perte,
258 1440 459 1502 septentrionali
482 1439 610 1486 nimirum
638 1431 682 1501 ἔμ-
735 1437 778 1486 bis
791 1437 872 1487 initio
884 1438 995 1502 positis:
1015 1429 1110 1502 ἐφάνη
1120 1430 1156 1503 δή
1166 1453 1209 1495 τις
1219 1431 1278 1488 ἔσο-

151 1518 168 1550 π
211 1504 245 1554 de
255 1498 372 1572 πρὸτῆς
382 1495 565 1569 expendisse,
579 1493 683 1554 ὄπισθε
736 1502 870 1562 descedes
886 1498 1055 1571 βαρβάροισι
1073 1505 1155 1570 (quse
1168 1505 1277 1556 Gellice

150 1567 166 1619 d
186 1570 236 1620 reis
244 1563 611 1638 πολέωνκαὶσῆςοῖνόδου,
625 1579 684 1622 ente
736 1573 776 1622 sic
794 1572 896 1622 reddit:
916 1573 975 1634 „les
989 1573 1121 1624 barbares
1136 1573 1277 1624 decouvri·

149 1654 233 1702 osen,
250 1641 299 1690 sed
317 1642 348 1690 in
366 1647 446 1706 perte
464 1655 481 1690 s
496 1647 577 1704 porta
594 1646 621 1689 et
638 1641 684 1690 ed·
735 1645 798 1690 rent
814 1654 866 1689 une
883 1639 1008 1703 entree“)
1026 1645 1054 1691 et
1066 1657 1126 1692 mox
1140 1642 1277 1707 sequenti·

145 1704 583 1841 rectissimos
591 1707 684 1824 iss
735 1707 801 1838 uu
812 1699 1277 1844 seditiosissime?

146 1843 184 1906 qui
200 1843 349 1924 ⁸Agleurpm
371 1845 544 1961 Hersemque
565 1813 684 1920 soporem,
735 1844 776 1893 sic
790 1845 999 1910 interpretetur:
1019 1861 1072 1908 „oe
1085 1847 1128 1896 lut
1139 1863 1191 1912 per
1202 1851 1277 1897 cette

143 1909 683 2055 tttttsittzffttts'ittet
735 1909 1276 2046 {tiuidithitttttttitti:

143 2061 199 2096 rens
220 2047 294 2097 heec
318 2049 448 2097 continuo
473 2047 562 2096 eddit:
594 2062 681 2096 sete
734 2047 790 2097 tele
813 2049 878 2114 quid
895 2050 1029 2101 Herodoti
1046 2050 1140 2101 verbis
1158 2049 1277 2100 indicari

142 2112 235 2164 rodco
255 2115 287 2178 (i.
307 2131 331 2164 e.
351 2115 405 2164 heo
425 2115 497 2164 ercis
515 2119 607 2179 perte,
629 2129 682 2180 que
732 2130 818 2180 nego,
844 2132 914 2180 quse
936 2116 1006 2166 nibil
1030 2117 1105 2168 eliud
1123 2116 1276 2176 declarent,

141 2183 251 2232 rnsxime
296 2197 413 2247 recceps
439 2182 492 2245 est)
520 2172 681 2247 ἕπανσβοὶο-
732 2183 962 2247 nisiPersis(cum
972 2185 1018 2236 vie
1028 2184 1154 2235 sollemni
1164 2183 1277 2233 adscen-

140 2263 180 2308 σες
209 2248 264 2315 Me}
288 2264 316 2299 οι
350 2243 570 2314 κατεφόνευσαν
600 2239 679 2316 Ἀθη-
733 2250 798 2300 dere
816 2251 844 2300 in
863 2267 955 2301 ercern
971 2267 1025 2302 non
1042 2249 1163 2314 possent)
1184 2265 1277 2298 ecces-

140 2316 224 2366 ναίων
249 2311 317 2375 τούς
339 2311 429 2367 πλέον
449 2333 476 2366 τι
500 2307 529 2374 ἐς
550 2309 599 2366 τὸν
615 2334 680 2383 χρη·
733 2333 791 2367 sum
806 2318 941 2382 quendem
959 2318 1120 2381 opposuisse
1140 2315 1278 2378 (slocum

139 2377 204 2448 sude
221 2373 242 2450 ἦ
261 2381 300 2435 Os
324 2381 456 2450 ιστοκλῆς
474 2376 582 2436 εἰδέναι
603 2384 681 2450 νομί·
733 2385 872 2444 detectum
885 2399 960 2444 esse,
974 2399 1026 2446 quo
1036 2382 1204 2432 adscendere
1218 2395 1278 2446 pos·

137 2453 234 2514 ζοσσας
257 2400 386 2532 seIslp
409 2442 568 2516 ἀκρόπολιν
589 2447 684 2515 ξύλοις
735 2450 809 2515 sont)
827 2465 914 2514 eoque
931 2449 1008 2512 loco,
1027 2449 1152 2514 quemvis
1168 2461 1278 2514 preeru-

137 2517 184 2570 καὶ
195 2521 334 2582 σταυροῖς
350 2517 597 2584 αποσειχίσσηας.
619 2522 684 2571 Per·
735 2523 793 2584 pto,
806 2533 889 2582 prope
902 2516 1017 2583 Aglauri
1030 2515 1123 2566 lenum
1132 2515 1279 2568 nonnullos

136 2604 182 2638 see
195 2589 284 2654 igiter
295 2587 480 2650 visselemni,
491 2601 561 2652 quse
574 2589 683 2638 exurbe
736 2585 922 2637 adscendisse.
961 2585 1004 2634 De
1021 2585 1151 2650 Aptasero,
1172 2585 1206 2634 de
1225 2599 1279 2650 qus

136 2657 164 2705 in
180 2671 276 2706 arcem
299 2655 335 2705 eb
354 2669 457 2705 occasu
479 2654 598 2705 ducebat
620 2655 684 2720 (quo
735 2654 891 2704 PsusenIes
903 2651 1018 2703 treditl.
1032 2651 1064 2713 1.‚
1082 2652 1162 2718 plere
1174 2653 1279 2704 debunt

136 2723 199 2774 loco
216 2727 314 2789 postse
332 2723 351 2772 i.
365 2738 389 2772 e.
404 2738 478 2773 enno
494 2721 543 2772 437
562 2727 590 2772 et
606 2739 682 2788 seqq.
736 2721 855 2772 Creuzer
868 2722 896 2770 in
909 2720 1028 2784 symbol.
1041 2721 1089 2771 111.
1121 2719 1189 2773 ,390
1200 2737 1277 2788 seqq.

135 2807 160 2842 e.
179 2791 245 2842 Chr.
263 2805 290 2840 n.
307 2805 324 2840 e
340 2789 453 2840 Pericle
471 2790 620 2856 propyleee
638 2806 683 2841 ex·
736 2795 764 2840 et
780 2788 900 2839 Prellerz
920 2788 1030 2840 Grieeh.
1047 2738 1198 2854 Mytholog.
1211 2789 1233 2839 1.
1249 2807 1276 2856 p.

134 2863 243 2910 structe
260 2861 324 2908 sunt
342 2859 371 2908 in
387 2858 480 2908 locum
492 2863 615 2908 veterum
626 2873 683 2908 mu·
737 2856 784 2907 134
796 2873 855 2922 seq.
869 2855 1162 2908 coll.C.0.hiuellero:
1176 2855 1277 2908 Kleine

134 2928 327 2986 iumentorum,
341 2930 372 2975 ut
383 2929 491 2991 petent,
506 2927 578 2976 ercis
591 2927 684 2976 introi·
735 2925 867 2975 deutsche
881 2924 995 2976 Sehriit.
1012 2925 1047 2975 11.
1062 2941 1126 2992 peg.
1143 2924 1199 2976 146.
1234 2927 1277 2976 De

133 3001 193 3045 tum
203 2995 239 3044 eb
248 2993 300 3043 hec
311 2997 390 3059 perte
399 2993 561 3056 tutantium
572 2994 683 3045 cinott.
734 2994 795 3058 ipso
807 2992 920 3058 Agleuri
938 2993 1003 3044 iuno
1020 2994 1075 3044 vid.
1088 2993 1199 3045 Leuke:
1223 2994 1278 3044 Το-

135 3063 171 3112 ed
191 3063 228 3124 V,
246 3061 303 3126 77),
326 3060 401 3111 haud
419 3061 615 3124 escenderunt,
634 3062 683 3111 sed
734 3060 865 3126 pogreph.
884 3078 908 3114 v.
921 3061 1020 3112 Athen.
1033 3077 1060 3128 p.
1076 3061 1123 3112 192
1139 3077 1211 3112 vers.
1223 3062 1277 3111 'Iu-

134 3145 207 3196 pone
220 3135 315 3195 portes
327 3129 372 3179 hic
382 3128 489 3194 posites
502 3133 530 3178 et
541 3145 611 3194 pone
623 3143 683 3180 sem
735 3129 849 3188 cicens,
868 3129 913 3192 qui
925 3129 1041 3194 Agleuri
1058 3130 1151 3180 lenum
1168 3133 1278 3195 septen-

134 3196 683 3324 titillettlt⁰d¹.tz⁰{utitis
733 3195 1277 3316 sistitisdestituisti·

136 3332 187 3400 τῆς
198 3322 324 3392 εἰσόδου,
342 3332 390 3381 ubi
402 3330 448 3381 vel
461 3333 593 3383 articulus
605 3349 682 3398 pree·
733 3348 818 3398 prope
836 3281 921 3383 uehis
939 3337 1046 3382 entrum
1065 3339 1092 3382 et
1111 3347 1187 3392 cem,
1207 3299 1277 3394 quse

135 3400 240 3467 positus
258 3400 292 3450 de
309 3415 363 3450 uuo
380 3403 488 3450 tentum
503 3415 588 3464 eoque
602 3400 682 3450 solito
733 3415 805 3450 nunc
818 3401 925 3450 Mecrei
938 3397 1057 3466 (μακραὶ
1070 3393 1181 3461 πέτραι)
1195 3411 1276 3446 voce·

136 3469 274 3518 adscensu
292 3468 434 3533 portisque
453 3467 493 3516 ibi
511 3467 608 3532 positis
626 3483 682 3518 ser·
733 3473 790 3530 tur,
816 3469 969 3532 regionem,
996 3468 1044 3516 ubi
1067 3481 1135 3515 sene
1160 3463 1277 3512 menime

136 3551 243 3586 monem
254 3551 316 3586 esse
329 3535 400 3586 setis
410 3533 558 3598 declaret),
572 3535 683 3586 edscen-
734 3551 868 3602 praeceps
885 3537 959 3586 ercis
975 3549 1065 3599 rupes.
1102 3532 1164 3593 Qua
1182 3529 1278 3580 eedem

135 3604 237 3654 demut
258 3619 292 3653 ee
313 3607 406 3668 perte,
437 3603 490 3667 qut
514 3617 593 3652 nemo
617 3617 682 3654 sene
734 3597 1279 3669 pertenostriquoquememoriliilreeci

136 3671 314 3722 custodiebat
337 3685 430 3720 ercem
458 3685 548 3735 neque
575 3671 683 3722 omnino
735 3673 765 3720 in
778 3687 868 3722 ercem
881 3669 1001 3736 Ingressi
1011 3667 1198 3733 perhibentur.
1216 3665 1277 3716 vid.

136 3741 281 3804 qnisquam
305 3736 367 3787 lieri
391 3751 470 3802 posse
491 3741 629 3804 putasset,
653 3744 684 3788 ut
736 3739 829 3789 Stuert
847 3744 875 3788 et
891 3739 1003 3789 Revett.
1020 3734 1137 3786 Alterth.
1155 3753 1181 3802 p.
1195 3733 1279 3786 249-

135 3808 191 3858 hec
208 3811 288 3872 perte
312 3821 361 3855 ers
380 3805 608 3866 adscenderunt,
631 3806 684 3870 qut
734 3806 792 3856 254.
812 3806 920 3856 Leelrio
933 3803 1084 3854 assentitur
1095 3803 1278 3855 Broendsted:

136 3877 255 3924 menime
278 3871 330 3922 ille
354 3887 488 3939 praeceps
514 3872 682 3939 perhibetur.
734 3875 817 3924 Rcise
836 3877 888 3922 ete.
903 3874 940 3922 11.
956 3889 983 3937 p.
1001 3870 1051 3922 234
1066 3887 1123 3936 seq.
1138 3871 1171 3921 de
1189 3872 1278 3921 orien-

135 3941 217 3990 Heec
236 3945 330 3990 entem
349 3941 422 3989 ercis
444 3957 507 4006 pers
532 3940 566 3991 ed
583 3947 683 4006 septen·
734 3941 785 3990 teli
807 3941 880 3989 ercis
901 3939 989 3990 letere
1011 3940 1040 3989 in
1062 3940 1195 3990 Herodoti
1218 3938 1278 3990 loco

136 4012 246 4058 trionem
270 4013 314 4058 est
338 4023 482 4070 converse,
507 4009 554 4059 ubi
576 4008 603 4058 in
621 4010 683 4074 ipse
733 4007 852 4071 cogitari
869 4021 949 4071 posse
966 4021 1085 4072 negens,
1105 4008 1132 4056 in
1150 4021 1205 4070 quo
1218 4009 1278 4054 teu·

139 4091 206 4126 erce
226 4075 411 4126 Erechtheum
433 4080 599 4126 exstructum
621 4091 682 4126 csse
733 4079 789 4123 turn
804 4074 925 4124 enterior
937 4077 1009 4124 ercIs
1022 4089 1085 4139 pers
1096 4074 1170 4136 (‚‚die
1184 4087 1277 4137 grosse

139 4143 310 4205 invenimus,
329 4143 400 4193 ercis
417 4141 498 4193 leteri
516 4149 607 4193 eutem
620 4143 682 4194 sub·
733 4141 1278 4208 VorderseitederBurg“)iudiceturee-

141 4211 243 4260 iectunr
253 4211 365 4275 Aplesrrt
374 4211 480 4260 lenum:
500 4227 533 4261 ex
546 4225 599 4276 quo
611 4227 683 4261 nunc
735 4224 786 4273 que
801 4209 835 4258 ed
847 4209 1060 4274 septentrionem
1076 4222 1219 4270 converse,
1231 4207 1279 4256 uhi

142 4277 243 4340 grsdns
260 4277 320 4342 (qui
342 4278 407 4328 olim
427 4277 495 4327 nulli
512 4279 632 4342 luerunt)
655 4279 683 4326 in
736 4277 819 4326 etiem
843 4275 957 4343 Aglauri
981 4277 1065 4326 sedes
1088 4289 1173 4340 prope
1192 4273 1278 4324 Psnis

143 4359 225 4410 rupes
243 4345 330 4394 excisi
352 4345 380 4394 in
397 4347 486 4412 ipsein
504 4361 606 4404 ercem.
631 4361 684 4410 que
736 4347 851 4394 entium.
866 4369 898 4380 ω
914 4345 946 4395 ln
963 4357 1039 4410 seqq.
1052 4358 1101 4408 pro
1118 4337 1277 4402 solocense,
