3074 4960
489 511 694 572 URANIA.
718 513 807 572 VIII.
830 521 963 575 (is—65.
1253 516 1291 578 91

158 699 270 772 veios,
292 680 403 772 φυγάς
425 684 534 752 τεκαὶ
553 680 641 772 παρὰ
660 681 808 770 Μήδοισι
832 680 963 772 λόγιμος
986 680 1161 772 γενόμενος
1177 685 1296 754 τοῦτον

157 783 218 855 τὸν
242 782 378 875 χρόνον,
406 787 533 854 ἐπείτε
557 787 699 872 ἐκείρετο
722 779 742 873 ἡ
763 780 897 872 Ἀττικὴ·
913 781 1003 874 χοίρη
1027 779 1092 854 ὑπὸ
1114 787 1174 856 τοι]
1197 789 1296 870 πεζοῦ

159 889 303 975 στρατοῦ
325 889 386 982 τοῦ
407 883 552 974 Ξέρξεω,
583 887 682 955 ἐοῦσα
712 889 830 975 ἐρῆμος
850 881 1055 973 Ἀθηναίων,
1082 903 1195 976 τυχεῖν
1223 886 1296 956 τότε

160 985 226 1058 {siv
248 984 316 1076 ἅμα
333 983 523 1078 Δημαρήτῳ
546 990 593 1079 τῷ
610 993 861 1078 Λακεδαιμονίῳ
886 989 922 1056 ἐν
939 989 986 1079 τῷ
1009 996 1156 1080 Θριασίῳ
1174 995 1294 1080 πεδίῳ·

159 1095 249 1158 idel-'v
273 1089 310 1158 dl
328 1085 499 1178 κονιορτὸν
523 1090 688 1178 χωρέοντα
710 1083 774 1158 dmi
794 1084 995 1172 Ἐλευσῖνος,
1020 1083 1063 1170 ὥς
1081 1083 1216 1179 ἀνδρῶν
1237 1088 1296 1178 μοί-

158 1187 255 1259 λιστᾰ
277 1218 319 1277 κη
342 1196 561 1278 τρισμυρίων·
581 1185 835 1277 ἄποθωυμοὶζειν
857 1191 896 1258 τί
910 1209 1015 1277 σφεας
1032 1185 1090 1259 cdv
1113 1187 1295 1281 κονιορτὸν,

157 1287 264 1362 ὅτεών
287 1317 362 1362 κοτε
380 1299 430 1379 εἴη
448 1285 658 1380 ἀνθρώπων,
682 1292 737 1359 καὶ
756 1287 863 1380 πρόκα
880 1317 916 1360 τε
933 1285 1217 1381 saevissumos,
1241 1299 1300 1362 καί

158 1495 240 1557 perte
255 1490 436 1554 ¹excitaverat
458 1491 546 1540 Oreus.
572 1491 600 1539 in
624 1489 701 1540 Corn-

158 1561 255 1608 meutt.
268 1557 387 1608 Herodd.
401 1575 427 1623 p.
440 1556 500 1608 234.

194 1615 260 1676 ἐκεί
274 1639 304 1676 τε
322 1616 445 1688 ἐκείρετο
462 1641 488 1675 κ.
502 1640 525 1674 τ.
540 1622 577 1690 L]
603 1624 703 1692 Attigit

157 1693 287 1743 Euststh.
301 1693 336 1743 ad
348 1693 390 1743 lli.
404 1707 468 1758 pag.
481 1690 545 1755 364,
559 1692 593 1742 25
605 1707 626 1743 s.
637 1708 701 1758 pag.

157 1761 210 1809 475
244 1775 271 1809 n.

157 1759 703 1958 ..risseiteretis-s.-

162 1963 280 2013 Iliriusio
304 1978 414 2028 eampo,
445 1963 490 2027 qul
514 1963 550 2012 ab
574 1961 703 2013 Eleusine

156 2029 305 2080 Boeotium
326 2045 422 2080 versus
444 2034 573 2080 extensus
592 2029 703 2080 multum

157 2099 251 2164 patuit
277 2098 402 2162 beneque
430 2097 551 2148 discerni
580 2097 663 2148 debet
687 2113 703 2146 a

158 2181 258 2231 campo
282 2165 391 2228 Rhome,
416 2165 463 2230 qui
486 2166 574 2214 minor
598 2165 704 2214 ambitu

157 2235 233 2283 inter
245 2247 320 2282 marc
338 2238 366 2283 et
384 2231 482 2282 collem
501 2231 589 2294 illurn,
609 2233 637 2280 in
651 2247 702 2296 quo

157 2317 208 2350 οτι
224 2299 370 2350 Eleusinia
387 2301 473 2350 tuisse
492 2299 591 2358 fertur,
610 2305 702 2350 exten-

156 2367 288 2428 debatur,
306 2368 361 2418 vid.
373 2369 528 2433 interpreti.
548 2366 583 2416 ad
595 2365 702 2428 Thucy·

157 2435 214 2486 did.
226 2435 269 2496 11,
285 2433 315 2484 19
332 2435 385 2494 (ed.
399 2435 500 2500 Poppo.
514 2435 541 2492 1,
553 2435 578 2484 2.
592 2451 618 2500 p.
632 2431 702 2496 256).

155 2503 278 2552 Pansan.
290 2503 316 2566 1,
327 2500 368 2552 38.
379 2503 403 2563 §-
413 2501 437 2552 6.
453 2502 553 2552 Herod.
563 2503 616 2562 IX,
628 2502 643 2550 7
656 2501 701 2551 fin.

157 2570 250 2620 Strsb.
264 2571 312 2620 IX.
325 2586 351 2634 p.
364 2567 421 2620 395.
439 2569 579 2621 Plutarch.
593 2569 702 2620 Themi·

157 2637 286 2688 stoel.l·'r.
301 2635 426 2703 Pelop.8.
439 2638 516 2687 Aret.
526 2635 573 2689 ³3:
587 2653 657 2702 quse
669 2653 702 2687 ex

157 2709 238 2772 parte
262 2705 318 2754 ism
336 2704 429 2755 attulit
445 2704 565 2755 Simonis
587 2705 621 2755 sd
639 2703 702 2754 Plu·

156 2771 246 2822 tarch.
257 2772 433 2823 Themistool.
444 2789 470 2838 p.
478 2771 536 2824 103.
549 2771 700 2822 Ciliruse:

156 2839 259 2891 Hellas
270 2840 298 2900 Ι,
312 2841 337 2888 2.
355 2855 419 2905 pag.
435 2838 483 2889 178
495 2855 552 2904 seq.
573 2839 634 2896 186,
657 2841 702 2904 qui

157 2911 233 2957 recte
257 2907 357 2956 Titiam
375 2903 480 2972 δῆμον,
499 2906 570 2956 unde
588 2907 702 2958 Ibriasr'o

157 2989 259 3039 campo
282 2989 394 3036 nomen,
419 2990 452 3025 eo
474 2973 536 3024 loeo
560 2975 702 3026 exstitisse

156 3043 251 3108 ponit,
275 3057 327 3106 quo
348 3057 363 3091 e
386 3041 513 3092 lancibus
535 3043 581 3106 qni
598 3043 703 3108 egressi

157 3115 222 3160 sunt
234 3123 310 3158 mare
322 3125 418 3160 versus
428 3109 635 3168 descendentes,
649 3111 702 3159 rui·

140 3193 209 3240 ¹nos
227 3176 358 3242 quasdam
377 3176 551 3242 conspiciunt
570 3177 598 3226 in
615 3177 703 3242 plani·

157 3247 198 3294 tis
211 3243 275 3294 inde
287 3249 427 3309 porrecta:
451 3259 533 3309 supra
545 3243 702 3294 Eleusinem

158 3313 185 3362 in
200 3311 293 3362 medie
304 3311 434 3378 planitIe,
448 3312 510 3362 loco
524 3312 558 3362 sb
571 3311 702 3364 Eleusine

157 3383 263 3430 remoto
280 3379 369 3429 tribus
388 3378 553 3429 milliaribus
569 3379 702 3445 Anglieis,

158 3462 212 3512 quo
236 3446 325 3496 adhue
349 3447 446 3496 ruinae
469 3446 603 3511 quaedam
625 3461 702 3512 repe·

157 3515 281 3576 riantur,
303 3511 401 3578 quihus
418 3529 517 3564 nomen
531 3513 648 3577 Mupdlu,
668 3513 703 3564 ad

157 3581 268 3632 laevem
292 3583 381 3646 ripam
406 3580 533 3646 Cephissi
557 3579 704 3642 (Surandal-

157 3648 251 3716 poro),
275 3649 387 3698 Thriam
410 3649 489 3714 ponit
511 3649 620 3698 Leuke:
650 3649 702 3698 Die

157 3715 282 3766 Themen
298 3715 416 3767 Attioa‘s
439 3733 504 3782 pag.
523 3715 571 3766 146
593 3732 608 3766 e
630 3731 700 3766 vers.

156 3785 376 3834 Westermanni:
398 3785 488 3834 minus
505 3784 602 3848 opinor
617 3789 702 3846 recte,

156 3857 189 3902 ut
201 3851 271 3902 setis
283 3851 481 3902 demonstravit
493 3850 606 3910 Preller,
620 3865 701 3902 accu-

157 3923 219 3968 rate
233 3917 267 3968 de
279 3917 323 3968 his
337 3934 476 3984 exponens
490 3919 518 3967 in
527 3920 577 3968 Dis
597 3923 665 3968 utet.
675 3919 702 3968 11

157 3986 192 4036 de
205 3985 252 4036 via
270 4000 351 4036 saera
364 3985 489 4051 (Dorpst.
506 3935 596 4049 18411
608 4002 671 4051 pag.
685 3985 702 4034 8

157 4069 215 4118 seq.
252 4053 306 4114 Qui
323 4054 397 4103 enim
412 4053 527 4104 Athenis
544 4052 702 4103 Eleusinem

157 4118 382 4186 proficiscuntur,
402 4119 500 4180 colles,
520 4121 617 4185 quibus
630 4137 701 4170 eam-

157 4203 209 4254 pns
223 4187 402 4238 Atheniensis
419 4203 437 4237 s
453 4187 581 4238 Thriasio
602 4187 702 4237 disiun-

158 4255 245 4320 gitur,
257 4256 317 4307 sive
330 4257 423 4320 iugum
435 4254 517 4314 illud,
534 4255 604 4320 quod
616 4259 702 4305 totum

103 4372 109 4392 ι
157 4321 275 4388 Aegalei
287 4337 388 4374 nomen
399 4322 498 4384 habet,
515 4337 643 4386 superare
656 4321 702 4372 de·

105 4434 108 4444 ,
157 4389 226 4439 bent
237 4389 283 4439 sid
295 4405 345 4456 per
358 4396 491 4455 angustas
503 4390 599 4440 lauces
611 4391 700 4448 ducti,

156 4455 188 4506 in
212 4455 310 4522 quibus
334 4455 446 4508 summis
471 4471 544 4508 nunc
567 4461 700 4508 moneste-

753 1491 822 1540 rium
833 1490 970 1555 Dsphnae
987 1491 1069 1540 situm
1086 1493 1140 1552 est,
1165 1491 1236 1540 unde
1250 1493 1297 1542 vie

754 1573 828 1608 mare
838 1573 934 1608 versus
944 1557 1101 1608 deseendit:
1112 1558 1167 1618 „sd
1177 1557 1241 1608 litus
1251 1560 1296 1609 ds-

754 1625 895 1676 scendeuti
913 1625 987 1686 (sunt
998 1626 1083 1676 verbe
1095 1625 1210 1675 Prelleri
1223 1625 1241 1675 l.
1255 1625 1294 1688 1.),

754 1709 807 1758 quo
824 1692 884 1744 loeo
900 1693 1008 1742 Eleusis
1026 1694 1142 1758 primum
1160 1693 1295 1759 conspici·

754 1769 811 1820 tur,
825 1760 960 1810 convallis
973 1761 1110 1825 excipitur
1122 1761 1222 1826 angulo
1240 1777 1296 1811 me·

754 1827 883 1877 ridionali
901 1829 992 1892 campi
1007 1827 1142 1892 Thriasii,
1165 1843 1235 1892 quse
1254 1844 1296 1878 re·

754 1897 799 1960 gio
824 1911 987 1961 quamquam
1010 1911 1083 1945 nune
1108 1893 1230 1946 sterilior
1254 1901 1297 1946 est

754 1964 895 2028 rariusque
909 1962 1051 2013 arboribus
1064 1963 1185 2024 consito,
1203 1967 1296 2014 tamen

754 2030 818 2080 olim
831 2029 932 2080 fertilis
950 2036 978 2080 et
990 2029 1099 2081 cultura
1111 2031 1241 2095 frequens
1254 2031 1296 2081 lu-

754 2099 809 2148 isse
830 2097 951 2148 videtur:
974 2113 1038 2148 nam
1059 2103 1169 2149 constat
1189 2098 1296 2148 demum

754 2165 908 2214 Thriasium
925 2165 954 2214 in
965 2165 1019 2216 hoe
1032 2167 1091 2231 ipso
1104 2165 1192 2216 litoris
1205 2171 1296 2216 tractu

753 2233 834 2282 situm
848 2233 948 2296 luisse,
966 2233 1166 2283 nobilissimum
1179 2233 1255 2283 illum
1269 2239 1297 2282 et

753 2301 854 2364 priscis
871 2300 1037 2364 temporibus
1059 2300 1128 2350 adeo
1145 2305 1296 2364 potentem,

753 2372 784 2416 ut
795 2383 894 2417 nomen
911 2383 987 2417 suurn
1004 2373 1033 2416 et
1050 2368 1085 2417 ed
1101 2371 1207 2432 portam
1220 2367 1296 2416 illam

753 2434 930 2497 Athenarum,
944 2449 998 2498 qus
1007 2435 1035 2483 iu
1048 2435 1121 2484 viam
1133 2449 1240 2484 sacram
1251 2451 1296 2485 ex·

754 2501 860 2564 ibatur,
884 2505 912 2551 et
935 2502 969 2551 ad
990 2517 1115 2566 eampum
1137 2503 1296 2566 putentissi-

754 2585 839 2630 mum,
869 2571 916 2634 qui
945 2569 980 2619 sb
1004 2569 1126 2634 Aegaleo
1151 2585 1237 2634 usque
1262 2571 1297 2620 ed

754 2637 911 2688 Eleusinem
924 2637 1052 2702 oppidum
1065 2637 1222 2702 porrigitur,
1235 2653 1296 2702 pro-

752 2703 928 2822 pepererim·
963 2704 1004 2753 Ad
1017 2705 1119 2754 exitum
1136 2705 1216 2754 huius
1234 2721 1297 2756 cou-

753 2788 789 2822 va
801 2771 848 2834 lis,
868 2785 938 2836 quus
952 2787 968 2821 a
981 2772 1148 2823 monasterio
1159 2773 1296 2838 Daphnes

753 2839 864 2904 incipit,
892 2840 1014 2904 vestigia
1042 2839 1175 2904 quosdam
1203 2840 1296 2892 aedili·

754 2909 858 2958 ciorum
874 2908 1047 2971 antiquorum
1065 2908 1172 2959 invenit
1184 2908 1297 2958 Fiedler

754 2975 847 3038 (Reise
865 2973 949 3024 durch
963 2973 1167 3025 Grleehenlend
1184 2977 1206 3028 1.
1224 2992 1250 3040 p.
1263 2974 1297 3026 86

753 3043 837 3107 seq),
857 3057 926 3106 quse
945 3043 980 3092 ad
994 3048 1116 3093 veterem
1129 3041 1242 3092 'l'hrism
1254 3059 1297 3093 re-

754 3111 827 3160 ferre
840 3110 912 3160 idem
925 3109 997 3168 vult,
1015 3111 1122 3160 tristem
1136 3110 1297 3176 adspectum

753 3193 825 3228 nuno
838 3178 971 3243 praebere
983 3177 1055 3227 hauc
1067 3177 1208 3243 regionem
1221 3177 1297 3227 affir-

753 3261 839 3305 mans,
852 3246 951 3310 quippe
961 3246 1033 3309 aqud
1042 3245 1215 3306 destitutum
1226 3261 1296 3310 quae

743 3314 778 3362 ei
791 3317 961 3377 suppeteret,
985 3311 1019 3362 ad
1036 3313 1153 3378 priorem
1166 3311 1296 3361 fertilita-

754 3386 809 3430 tem
833 3379 973 3444 regionem
998 3379 1098 3429 adduci
1121 3393 1201 3444 posse
1224 3379 1297 3428 idern

753 3447 867 3496 iudicet.

788 3509 864 3564 ldss's
882 3505 923 3578 di]
948 3507 981 3564 61
998 3512 1070 3562 male
1091 3516 1120 3562 in
1134 3511 1296 3575 quibusdam

754 3583 882 3631 omissum
895 3581 996 3630 retinui
1006 3579 1147 3629 meliorum
1161 3578 1237 3628 codd.
1250 3593 1296 3628 au·

754 3649 893 3710 ctoritate,
908 3649 1027 3712 itemque
1038 3645 1101 3696 dedi
1111 3639 1233 3708 μάλιστά
1245 3661 1294 3709 κη,

753 3717 801 3766 ubi
815 3715 864 3765 elii
876 3729 937 3764 κον
949 3713 994 3764 vel
1006 3729 1081 3764 που.
1099 3713 1141 3762 Tu
1154 3713 1226 3763 coni.
1240 3715 1296 3764 He·

754 3785 811 3834 rod.
824 3783 866 3842 11,
881 3782 922 3832 76.
936 3781 987 3843 1v,
1003 3781 1058 3830 171.
1074 3781 1139 3842 Vll,
1154 3779 1187 3832 ³0
1200 3785 1227 3830 et
1239 3781 1294 3831 vid.

752 3850 867 3901 Vosmel
889 3850 922 3899 de
945 3865 1012 3899 voce
1032 3843 1154 3914 μάλιστα
1176 3849 1296 3898 numeris
1404 3875 1406 3880 ·

754 3919 850 3968 addite
871 3919 1056 3982 disputantem
1078 3916 1106 3964 in
1123 3917 1295 3966 Franeolurt.

753 3987 959 4048 Progrsmmate
978 3985 1042 4034 suni
1057 3981 1130 4032 1852.
1145 3999 1207 4048 pag.
1221 3982 1235 4031 7
1249 3999 1295 4048 po-

753 4054 888 4102 tissimum
908 4056 935 4101 et
951 4065 1026 4116 seqq.
1048 4052 1090 4100 De
1108 4051 1167 4115 ipso
1183 4065 1296 4100 numero

752 4119 892 4170 hominum
904 4120 1009 4183 trimma
1018 4121 1106 4168 milium
1116 4117 1170 4169 vid.
1180 4122 1248 4168 nott.
1261 4118 1295 4168 ad

754 4187 791 4248 V,
804 4185 845 4235 97.
882 4187 936 4236 Pro
952 4178 1163 4252 α’ποθωμοὶζων,
1186 4191 1217 4234 nt
1234 4201 1296 4234 cnm

754 4253 907 4319 Schweigh.
921 4254 1035 4303 dederat
1048 4253 1151 4312 (iulet,
1166 4254 1295 4302 revocavi

753 4312 981 4386 αἰιοθωνμάζων.
1016 4319 1058 4368 Ad
1071 4319 1185 4368 sormam
1199 4309 1294 4380 ὅτεων,

753 4404 824 4454 quae
848 4389 930 4438 etiam
950 4387 1054 4451 legitur
1075 4386 1116 4448 11,
1137 4385 1196 4446 102,
1221 4385 1294 4436 eonl.

753 4455 851 4508 Struve
861 4455 1062 4522 Spec.Qusest.
1073 4452 1106 4502 de
1117 4451 1229 4504 dialect.
1240 4453 1294 4502 He·
