3040 4962
473 487 676 550 URANIA.
700 488 790 550 VIII.
812 501 839 552 8.
861 497 886 554 9.
913 499 952 552 10.
1242 494 1281 556 15

142 657 188 743 ὥς
206 658 319 742 οὐδείς
343 685 404 751 σφι
429 665 592 750 ἐπέκλυε,
618 667 733 749 δείλην
754 657 856 750 ὀψίην
878 663 1057 750 γινομένην
1079 664 1136 750 τῆς
1159 657 1282 752 ἡμέρης

141 761 349 852 φυλάξαντες
367 759 462 832 arisel
481 765 694 832 ἐπανέπλωον
712 765 765 832 ἐπὶ
782 759 860 842 τούς
878 760 1078 852 βαρβάρους,
1097 759 1283 851 ἀπόπειραν

142 861 258 934 αὐτοῖν
272 863 476 953 ποιήσασθαι
494 861 691 953 βουλόμενοι
705 866 763 950 τῆς
773 891 809 933 τε
821 861 925 952 μάχης
943 866 1078 933 καὶτοῦ
1095 863 1279 935 διεκπλόου.

137 962 308 1057 Ὀρὲοντες
333 969 373 1035 δέ
393 987 497 1055 σφεας
520 971 554 1034 οἳ
574 993 610 1034 τε
632 962 725 1034 ἄλλοι
750 968 944 1055 στρατιῶται
966 970 1001 1034 ολ
1019 968 1147 1056 Ξέρξεω
1171 969 1226 1036 καὶ
1249 973 1283 1036 oi
1289 978 1328 1037 16

141 1070 320 1158 στρατηγοὶ
341 1066 566 1147 ε’πιπλοόονιας
584 1069 684 1154 νηυσὶ
701 1062 848 1156 όλίγησι,
868 1065 977 1155 πάγχυ
995 1089 1055 1155 σφι
1073 1075 1197 1156 μανίην
1210 1072 1281 1138 ἐπε·

141 1177 329 1257 νείκαντες,
352 1165 479 1258 ἀνῆγον
502 1171 558 1237 καὶ
581 1163 676 1237 αὐτοὶ
699 1164 757 1248 ταὶς
775 1169 869 1255 νέας,
895 1171 1087 1249 ἐλπίσαντές
1104 1190 1209 1256 σφεας
1228 1165 1281 1238 εό-

141 1274 265 1351 uetes
290 1269 456 1361 αἱρήσειν,
483 1267 596 1340 οἰκότα
620 1267 724 1358 κόρτα
747 1272 956 1358 ἐλπίσαντες,
985 1266 1043 1350 τός
1067 1272 1129 1360 μέν
1152 1297 1191 1357 γε
1215 1274 1282 1341 τοῖν

142 1469 254 1518 verbum
286 1469 447 1534 assumpsit,
478 1472 508 1516 ut
536 1471 688 1518 monstrent
739 1465 804 1532 χίας
820 1457 1200 1533 α’πόπειρανλαμβαὶκεικ
1212 1469 1283 1518 dixit

142 1537 196 1585 1οοί
214 1537 364 1585 Herodotei
379 1538 435 1596 Ill,
453 1535 509 1584 110.
522 1537 575 1596 IX,
590 1534 631 1587 37.
644 1535 686 1584 63.

141 1603 222 1653 Cous.
246 1606 329 1653 etlam
354 1603 454 1652 Sturzii
480 1603 572 1654 Lexie.
596 1603 685 1652 Xeno·

141 1671 232 1736 phont.
252 1672 273 1720 1.
292 1687 354 1748 pag.
374 1671 424 1720 466
436 1687 494 1734 seq.
506 1697 539 1706 -
553 1671 630 1731 Quae
643 1685 686 1720 se-

141 1745 273 1802 quuntur:
302 1754 391 1788 νυκτα
424 1733 513 1803 μέσην
543 1733 687 1800 παρέντας

140 1809 235 1861 (suedie
261 1813 334 1855 reorte
356 1804 564 1870 praeter-lapsa),
589 1806 686 1854 eudem

140 1875 200 1922 tere
223 1874 351 1937 leguntur
370 1875 435 1936 VII,
458 1873 512 1922 163.
554 1873 617 1922 Mox
637 1889 686 1938 pro

140 1941 216 2006 vulg.
229 1940 308 2006 νηοίν
323 1957 382 1990 eum
395 1941 531 1990 ltrcdovio
549 1940 623 2006 (pag.
636 1940 686 1990 266

140 2011 212 2072 seq.)
232 2014 260 2057 et
277 2013 394 2058 reeeutt.
408 2009 469 2057 edd.
483 2009 592 2072 reposui
605 2006 685 2058 νεών.

176 2075 277 2141 δείλην
288 2067 614 2140 όφίηνωφυλάξακτες]
628 2073 686 2125 δεί-

140 2143 194 2208 λην
211 2133 304 2208 όφιήν
322 2143 476 2193 Lerelrerus
494 2143 626 2208 intelligit
641 2160 687 2192 ειιν

139 2216 176 2260 les
187 2213 254 2261 troie
264 2213 354 2260 leeures
366 2213 444 2274 αγνὶυ
454 2212 522 2260 νιλιΙί.
544 2210 686 2274 HesyehIo

140 2285 254 2328 urrctore
275 2281 296 2328 I.
315 2295 340 2343 p.
358 2277 408 2328 903
425 2279 563 2328 indicetur
585 2269 687 2343 ἡπερλ

141 2343 225 2395 δόσιν
238 2338 334 2410 ἡλίου,
354 2346 424 2410 quod
441 2346 513 2395 idem
528 2345 615 2395 hebet
627 2346 686 2394 Sui·

140 2415 190 2464 dns
208 2415 230 2462 1.
249 2431 277 2478 p.
292 2412 349 2462 636.
386 2414 469 2462 ΡΙυτα
488 2414 567 2462 debit
581 2413 686 2462 Alberti

142 2481 175 2531 ed
191 2481 310 2544 llesyelr.
324 2481 342 2530 l.
357 2481 375 2530 l.
394 2481 490 2530 Leuke
503 2481 567 2544 (Die
580 2482 687 2530 Demen

140 2548 261 2599 Attike's
270 2566 295 2614 p.
311 2549 356 2597 184
367 2565 381 2598 e
392 2548 686 2610 vers.Westermenni)

139 2619 240 2666 tertium
252 2618 340 2666 norme
349 2621 412 2666 ente
423 2617 489 2665 solis
503 2631 632 2665 oceasum
645 2616 685 2664 in·

140 2683 232 2750 telligi
254 2683 327 2745 vult,
348 2700 428 2748 quem
450 2683 565 2734 eandem
584 2683 686 2733 Graeci

140 2747 518 2816 adhuederiwo'veppellent.
533 2751 586 2799 Sed
598 2752 684 2815 ipsum

140 2819 330 2884 crepusculum
355 2820 541 2884 vespertinum
569 2819 628 2868 sive
658 2819 685 2868 id

139 2893 262 2954 tempus,
282 2887 351 2952 qnod
369 2889 457 2952 ipsum
476 2901 621 2950 vesperam
637 2901 687 2940 no-,

138 2961 267 3020 ctemqee
286 2957 458 3020 ingruentem
471 2956 592 3019 proxime
606 2959 684 3003 ente-

138 3023 228 3084 eedit,
253 3023 384 3087 intelligi,
408 3023 476 3072 setis
495 3022 591 3087 opinor
607 3025 686 3086 petet

138 3107 172 3140 ex
191 3093 240 3150 iis,
259 3105 329 3154 quoe
348 3091 382 3139 ad
402 3091 483 3151 VIII,
501 3087 518 3138 6
535 3088 685 3138 attulimus.

137 3159 259 3206 Verbum
277 3154 456 3222 φυλάξαντες
473 3157 571 3206 Suiues
589 3157 638 3206 III.
658 3173 684 3221 p.

137 3224 189 3273 642
202 3231 279 3274 recte
291 3226 488 3290 interpretetur
498 3216 685 3290 ἐπιτηρήσαν-

137 3307 193 3348 τες.
221 3293 263 3340 Tu
277 3291 330 3341 vid.
345 3291 433 3342 ellnte
446 3291 481 3340 nd
494 3292 524 3352 V,
539 3291 569 3340 l‘l
582 3298 610 3340 et
623 3291 684 3342 edd.

138 3359 217 3420 VIII,
235 3357 273 3407 14.
302 3358 442 3408 Plutarch.
455 3358 632 3408 Themistocl.
646 3359 684 3409 14.

180 3417 346 3488 α’πόπειραν
362 3417 473 3500 ,αὐτῶν
505 3418 684 3491 ποιήσασθαι

138 3487 320 3560 βουλόμενοι]
350 3488 513 3557 απόπειραν
534 3495 684 3545 ποιεῖσθαι

138 3561 209 3611 nihil
228 3561 304 3610 eliud
322 3561 379 3610 fere
394 3569 459 3612 esse·
471 3567 553 3626 etque
566 3554 684 3613 α’παπει-

138 3628 265 3692 ρᾶσθαι,
294 3636 394 3679 tentare
417 3631 525 3696 aliqur'd,
548 3633 685 3694 portentum

137 3700 244 3747 αλίααιιιτ
261 3700 302 3746 rei
317 3697 420 3760 fucere,
443 3698 598 3760 Herodoto,
621 3697 685 3748 Pro·

139 3765 227 3830 copie.
242 3765 308 3814 aliie
321 3765 535 3830 frequentatum,
548 3764 618 3814 bene
631 3767 685 3814 mo-

137 3833 199 3882 nuit
217 3832 385 3912 wesseling.
406 3833 565 3897 similesque
592 3832 686 3882 attulit

138 3901 293 3950 locutiones
308 3890 472 3965 α’νακειραν
490 3907 518 3950 et
530 3893 685 3964 διάπειραν

138 3967 304 4029 ποιεῖσθαι,
324 3969 421 4032 quibus
433 3974 558 4031 utuntur,
578 3969 684 4033 quoties

139 4035 291 4102 perieulum
305 4035 334 4084 Iit
347 4037 462 4100 peritiae
478 4041 621 4086 nautarum
636 4037 683 4086 rni-

724 1535 913 1599 -Tlrucydides
936 1537 1001 1596 VII,
1027 1535 1073 1597 ⁶21,
1104 1536 1150 1585 ubi
1179 1537 1282 1586 similia

739 1603 873 1667 quaedem
899 1602 980 1652 effert
1005 1602 1156 1654 Blomlield.
1178 1631 1211 1638 -
1238 1605 1281 1653 De

739 1687 806 1720 voce
822 1665 974 1721 διεκπλόου
984 1672 1038 1722 vid.
1049 1677 1115 1721 nott.
1127 1671 1161 1720 sd
1173 1671 1225 1734 VI,
1242 1671 1281 1728 12,

738 1739 835 1802 quibus
848 1739 912 1788 eddi
925 1745 1052 1804 possunt,
1071 1755 1141 1804 quee
1159 1739 1283 1805 disputet

738 1805 834 1855 Leuke
847 1806 863 1858 l.
877 1805 894 1856 l.
909 1823 972 1872 pug.
991 1807 1036 1858 183
1049 1823 1105 1871 seq.

950 1974 1016 2026 (ier.
1035 1977 1069 2024 X.

768 2066 914 2139 Ὀρέοντες
927 2069 969 2135 δὲ]
984 2075 1160 2126 Florentium
1172 2076 1242 2127 liber
1254 2085 1282 2127 et

737 2142 763 2192 h.
777 2143 795 2194 l.
810 2149 838 2193 et
850 2144 933 2208 paulo
950 2145 1065 2193 inferius
1084 2145 1168 2194 hebet
1180 2137 1281 2210 ὁρέων·
1368 2148 1373 2158 “

737 2225 795 2273 τες,
820 2213 891 2276 quod
913 2213 1020 2276 recepit
1041 2212 1187 2261 Muttines.
1227 2213 1282 2262 Sed

738 2279 793 2329 rid.
807 2279 924 2328 Bredov.
942 2294 1004 2344 pag.
1018 2279 1076 2329 384.
1089 2305 1121 2315 ——
1138 2280 1179 2328 Ad
1197 2281 1283 2329 verbe

738 2343 847 2411 μανίην
860 2339 1059 2403 ἐπενείκαντες
1077 2346 1150 2395 eous.
1164 2351 1232 2395 nott.
1247 2348 1282 2396 sd

738 2413 789 2474 IV,
807 2413 863 2463 154.
899 2413 977 2474 ered
992 2413 1115 2477 seqnitur
1126 2405 1238 2479 ἀνῆγον
1250 2441 1282 2449 -

737 2473 789 2538 τὰς
812 2475 891 2541 νέας,
918 2479 1186 2544 αἰφυίΐιοαλευαυτε,
1212 2496 1282 2545 quee

738 2548 885 2598 stationem
904 2548 1049 2609 tenebunt,
1069 2548 1133 2597 iude
1151 2549 1178 2597 in
1198 2549 1282 2598 ultum

738 2616 868 2665 adversus
892 2615 1014 2665 Graecos
1040 2617 1150 2666 educere
1170 2619 1282 2665 t'nrtltee-

736 2690 804 2732 runt.
841 2683 881 2733 Ad
898 2683 1064 2732 locutionem
1082 2684 1156 2734 conl.
1169 2684 1220 2738 V1.
1242 2684 1281 2732 12.

736 2751 802 2810 VII,
819 2750 867 2800 166
885 2755 913 2800 et
929 2751 1002 2800 infra
1021 2752 1101 2811 VIII,
1125 2752 1162 2801 15.
1181 2751 1222 2800 57.
1239 2749 1281 2801 63.

736 2817 777 2868 76.
791 2818 832 2868 76.
846 2818 888 2868 79.
901 2817 942 2868 83.
955 2819 1003 2879 lx,
1017 2817 1059 2870 96.
1093 2821 1186 2884 Neque
1200 2819 1283 2868 uliter

736 2876 756 2935 α’
760 2879 947 2952 ναζενγνόναι
955 2879 1006 2944 τὰς
1016 2881 1083 2945 νέας
1089 2888 1162 2948 VIII,
1174 2885 1215 2936 66.
1223 2887 1248 2946 §-
1258 2886 1281 2947 l,

736 2955 783 3004 ubi
800 2955 855 3005 vid.
869 2959 937 3004 nott.
974 2955 1120 3005 Caeterum
1139 2954 1218 3019 plura
1230 2955 1282 3004 hoe

736 3021 797 3071 loeo
822 3023 973 3087 partieipia
991 3024 1139 3072 coniuncte
1161 3027 1224 3070 sunt
1241 3022 1283 3084 (ut

738 3089 796 3138 fere
814 3105 898 3155 supra
916 3091 953 3150 V,
971 3089 1033 3154 105,
1052 3089 1099 3139 ubi
1117 3090 1171 3139 vid.
1190 3091 1281 3152 nott),

738 3173 826 3221 neque
844 3157 984 3222 particule
997 3157 1054 3207 ulle
1072 3157 1197 3219 adlecta,
1221 3172 1282 3207 eum

737 3225 853 3274 alterum
874 3227 908 3275 eb
927 3225 1014 3275 altero
1032 3225 1153 3290 pendeat
1168 3227 1283 3289 partiei-

737 3292 819 3410 pium.
831 3293 941 3342 Etenim
952 3309 968 3342 a
978 3295 1070 3343 verbis
1080 3285 1180 3342 οἰκότα
1189 3285 1281 3356 κάρτα

752 3357 914 3424 λπίσαντες,
930 3362 1028 3425 quibus
1041 3360 1166 3410 consulto
1180 3365 1207 3408 et
1220 3375 1281 3408 cum

736 3429 764 3477 vi
778 3428 895 3491 quedem
908 3429 1043 3493 repetitur
1055 3427 1224 3476 antecedens
1239 3418 1281 3475 tt-

736 3489 872 3552 πίσαντές
884 3509 974 3560 σφεας
987 3487 1125 3550 εόπετὲως
1140 3485 1281 3557 αἱρήσειν,
1309 3538 1310 3541 ,

736 3563 839 3642 pendet
863 3563 934 3627 quod
958 3563 1081 3626 sequitur
1104 3561 1283 3626 perticipium

737 3624 867 3693 αρὲσντες
879 3636 943 3694 (cum
954 3629 1096 3691 uiderent),
1110 3643 1223 3678 causum
1236 3629 1282 3678 ‹le-

738 3697 847 3748 elurnns
860 3699 933 3762 spei,
948 3711 1030 3760 qnam
1043 3698 1135 3746 animo
1149 3713 1282 3762 concepe-

737 3771 812 3815 runt:
837 3765 918 3816 velue
938 3764 1009 3814 enim
1026 3763 1197 3830 probabilem
1216 3767 1281 3816 Per-

737 3849 826 3884 sorum
850 3849 927 3898 spem
951 3832 1035 3882 fusse
1058 3833 1156 3884 Noster
1177 3833 1282 3899 signifi-

737 3917 802 3951 cure
825 3901 898 3962 vult,
924 3915 984 3950 cum
1002 3899 1170 3951 Graecorum
1193 3917 1280 3952 neves

736 3985 840 4035 pauens
863 3984 924 4018 esse
942 3969 1080 4030 viderent,
1105 3984 1170 4019 surm
1188 3973 1281 4018 autem

735 4053 847 4087 numero
860 4037 938 4102 louge
952 4036 1044 4102 plures
1055 4053 1088 4087 ec
1098 4037 1195 4086 melius
1204 4037 1281 4086 navi·

139 4103 271 4167 litemque
291 4109 354 4152 ente
367 4119 501 4168 pugnem,
521 4103 592 4167 epud
604 4104 684 4167 Poly·
735 4112 842 4168 gentes.
878 4105 956 4154 Haec
969 4121 1033 4155 vero
1047 4107 1154 4168 omnin,
1168 4121 1238 4169 quse
1252 4105 1281 4152 in

140 4171 213 4219 bium
234 4169 290 4235 {nbi
307 4171 410 4232 XXVI,
429 4171 454 4219 7.
472 4172 495 4232 ξ.
515 4169 532 4219 6
549 4171 611 4220 eoll.
630 4169 684 4232 §.8
736 4173 827 4222 animo
845 4172 975 4223 imbuisse
987 4174 1089 4223 Perses
1106 4189 1140 4222 ae
1152 4187 1279 4238 sperasse

140 4239 252 4287 verbum
276 4229 495 4300 α’ποπειρᾱσθαι
516 4237 568 4288 hoc
591 4237 683 4304 sensu]
736 4244 819 4289 untes
829 4240 937 4290 discret
945 4241 1052 4297 Noster,
1066 4245 1095 4289 in
1107 4255 1189 4289 unum
1202 4242 1280 4304 qussi

142 4310 169 4353 et
180 4305 330 4356 Diodorum
342 4305 468 4367 xl11,8,
487 4305 534 4355 ubi
546 4305 626 4370 plura
638 4305 682 4354 de·
736 4307 903 4357 concludens
921 4308 1074 4357 subiunxit:
1098 4299 1278 4371 καταφρονή-

141 4373 182 4421 dit
190 4374 358 4440 wesseling.
377 4373 458 4423 Ceut.
470 4374 553 4423 etiem
563 4364 683 4423 α’ναπει-
735 4388 835 4432 σαντες
851 4374 942 4424 ταῦτα
960 4374 1018 4438 (luc
1034 4376 1112 4438 ιἠιλαν
1128 4381 1209 4423 mente
1225 4391 1279 4423 eum

142 4439 313 4504 pdudusVL
334 4441 365 4490 12
382 4441 474 4505 ibique
492 4445 682 4508 nottvuupu-
731 4444 851 4507 siuissent)
876 4443 957 4507 idque
982 4443 1123 4492 coniunxit
1151 4457 1211 4490 eum
1236 4455 1278 4491 ee·
