3074 4960
528 463 731 524 URANIA.
754 465 843 523 VIII.
865 473 908 526 93.
931 473 974 526 94.
1258 465 1316 528 139

129 653 179 705 663
186 639 387 725 συνέμισγον
399 639 436 704 αί
450 637 538 721 νῆες,
559 637 762 722 ἐκπλαγέντα
779 661 814 704 τε
832 637 887 704 καί
900 629 1155 724 ὑπερδείσαντα,
1173 631 1214 704 τὰ
1232 639 1319 704 ίστιά

180 733 393 826 ἀειράμενον,
417 745 569 824 οίχεσθαι
593 733 777 824 φεύγοντα,
805 734 937 816 ἰδόντας
961 736 998 804 δὲ
1021 732 1097 816 τούς
1115 745 1319 826 Κορινθίους

181 835 242 926 τὴν
268 841 469 927 στρατηγίδα
495 835 706 924 φεύγουσαν,
735 832 891 918 ὡσαύτως
917 847 1076 926 οἴχεσθαι.
1116 833 1160 918 ὦς
1193 839 1230 907 δὲ
1256 835 1320 929 ἄρα

181 938 368 1028 φεύγοντας
393 945 548 1026 γίνεσθαι
567 941 624 1025 τῆς
651 945 858 1027 Σαλαμινίης
884 935 966 1008 κατὰ
990 934 1026 1008 τὰ
1045 935 1118 1026 ίρόν
1141 935 1318 1027 Ἀθηναίης

181 1038 362 1129 Σκιράδος,
381 1047 590 1129 περιπίπτειν
607 1061 667 1129 σφι
686 1042 804 1128 κέλητα
821 1047 900 1130 θείη
919 1043 1046 1130 πομπῇ·
1071 1035 1129 1109 τὸν
1146 1037 1223 1109 οὔτε
1241 1044 1318 1129 πίμ-

181 1157 290 1224 ηαντα
313 1144 459 1230 φανῆναι
483 1136 625 1228 οὐδένα,
650 1137 727 1210 οὔτε
744 1171 775 1211 τι
793 1145 860 1211 ταῖν
877 1137 941 1212 ἆπό
964 1145 1021 1230 τῆς
1040 1145 1191 1232 στρατιῆς
1216 1140 1319 1212 εἰδόσι

182 1309 257 1358 cient
270 1307 376 1357 Greece
388 1305 434 1355 IV.
447 1323 473 1370 p.
484 1303 534 1355 436
547 1321 622 1370 seqq.
635 1305 686 1355 440
698 1311 726 1354 et
778 1307 876 1368 etism,
895 1308 919 1357 si
932 1307 991 1372 quis
1003 1299 1060 1356 α’πδ
1078 1305 1128 1372 τῆς
1140 1305 1319 1372 Σαλαμινίης

181 1376 236 1426 vid.
251 1371 509 1432 nou.s‹1V11,130
523 1373 726 1440 etqueeplurs
777 1375 899 1424 scribere
923 1375 1003 1438 idque
1033 1375 1067 1425 sd
1090 1367 1249 1440 φεύγοντας
1277 1391 1318 1424 re-

181 1443 253 1493 henc
271 1444 299 1491 in
317 1457 372 1491 rem
390 1441 542 1506 disputavit
559 1441 651 1504 Heyse
669 1439 724 1505 (De
777 1443 849 1492 serre
863 1442 944 1505 velit,
965 1447 1178 1492 cousentaneum
1193 1447 1248 1502 est,
1267 1441 1318 1492 Co-

181 1509 312 1560 llerodot.
325 1510 375 1558 vit.
395 1512 423 1558 et
440 1507 512 1570 itin.)
530 1523 591 1574 pag.
604 1508 636 1558 57
649 1523 724 1574 seqq.
776 1510 892 1560 rintbios
914 1511 1052 1576 fugientes
1073 1526 1157 1576 prope
1173 1509 1318 1560 Phslerum

181 1579 240 1628 iure
258 1577 403 1626 discedens
421 1577 449 1626 iu
466 1575 644 1642 Wesselingii
663 1592 724 1641 par·
776 1579 919 1642 pervenire
936 1579 1072 1643 potuisse,
1097 1593 1158 1628 oum
1175 1578 1318 1627 Persarum

182 1651 238 1705 tes,
258 1643 302 1695 cui
320 1645 390 1694 haee
407 1644 436 1692 in
448 1643 617 1693 Herodotum
635 1643 724 1693 erimi-

180 1713 266 1774 nstio‚
281 1728 297 1761 a
307 1711 446 1760 Lsrehero
459 1725 564 1775 quoquc
575 1717 671 1776 posteo
684 1711 724 1760 di·

180 1781 253 1844 luta,
267 1795 283 1830 a
296 1779 407 1828 serioris
420 1779 483 1828 aevi
495 1777 651 1829 bominibus
663 1795 724 1844 pro·

182 1851 258 1899 fecte
281 1847 403 1906 videtur,
434 1861 486 1910 quo
510 1845 632 1906 sollicet,
664 1861 724 1896 curn

180 1931 286 1966 summe
298 1915 464 1964 auctoritate
482 1914 592 1963 floreret
603 1913 725 1964 Herodo-

179 1989 237 2042 tus,
264 1998 315 2032 eae
334 1981 501 2032 Graecorum
524 1981 666 2042 civitates,
691 1981 724 2031 de

200 2051 278 2100 uibus
292 2051 380 2099 minus
389 2048 539 2098 honorifica
550 2049 671 2113 adeoque
681 2049 725 2098 de-

180 2069 280 2168 δοοοτιι
308 2115 356 2166 ille
381 2116 527 2166 memoriae
552 2115 723 2182 prodidisset,

180 2187 251 2236 baec
268 2187 330 2250 ipsa
348 2183 439 2248 iniquo
458 2183 581 2234 ferentes
600 2185 691 2233 animo
709 2199 725 2234 a

180 2271 210 2304 se
225 2257 352 2303 avertero
371 2251 525 2301 studuerint
538 2267 571 2302 eo
584 2251 677 2311 mode,
696 2255 726 2300 ut

181 2321 324 2386 scriptoris
348 2319 428 2369 fidem
450 2325 607 2384 suspectam
629 2318 724 2368 redde·

180 2394 242 2438 rent
260 2402 374 2452 eumque
392 2387 509 2452 partium
534 2387 632 2436 studiis
649 2387 724 2436 ineu·

180 2459 283 2517 serent,
297 2455 332 2505 ob
346 2454 417 2512 eliis,
430 2453 643 2504 Atheniensibus
653 2469 678 2503 v.
691 2470 724 2516 ο,

180 2523 258 2574 donis
277 2527 440 2587 corruptum.
483 2521 536 2572 Sed
553 2522 624 2571 hoec
644 2537 725 2586 quam

181 2591 336 2642 alienusint
346 2589 380 2640 ab
387 2587 519 2640 Herodoti
530 2589 722 2650 auimo,nemo,

181 2659 226 2724 qui
240 2657 397 2708 accuratius
409 2657 484 2707 illins
496 2657 581 2707 libros
594 2657 724 2723 supersti-

180 2733 223 2777 tes
240 2725 402 2792 perlegerit,
426 2740 480 2774 uon
497 2725 613 2788 sentiet,
636 2729 723 2774 recte·

180 2809 231 2859 que
244 2793 378 2844 Herodoti
395 2796 488 2858 partes
505 2798 600 2843 contra
617 2794 723 2842 Plutar-

181 2862 227 2912 ebi
240 2861 447 2912 criminationes
457 2860 626 2924 aliorumque
639 2860 725 2924 suspi-

181 2931 274 2980 ciones
284 2931 370 2978 tuitus
381 2933 423 2978 cst
432 2927 599 2990 Lahmeyer:
613 2930 654 2979 De
662 2927 724 2977 Plu·

179 2997 270 3047 tarchi
282 2995 373 3046 libelli
391 2996 437 3062 qui
450 2996 483 3046 de
497 2995 608 3061 mulign.
622 2995 724 3045 Herod.

181 3065 292 3114 inscrib.
311 3069 364 3114 etc.
382 3079 444 3129 pop.
462 3063 495 3111 74
508 3079 564 3129 seq.
578 3090 612 3098 —
629 3063 670 3113 hd
687 3063 725 3112 lo-

181 3133 318 3182 cutionem
336 3120 400 3181 κατ’
419 3121 511 3195 α’ργὰς
528 3131 601 3181 conl.
615 3131 679 3192 Vll,
692 3129 726 3178 88

776 1660 863 1694 neves
886 1646 1037 1696 obstarent.
1079 1645 1203 1695 Seiredis
1219 1646 1319 1695 Miner·

776 1727 828 1762 vae
842 1713 938 1762 aedem
951 1714 979 1762 iu
993 1713 1083 1763 insula
1093 1712 1245 1764 Salaminio
1257 1729 1320 1778 quo-

777 1796 827 1844 que
841 1781 926 1830 fuisse
941 1797 973 1830 ex
985 1781 1037 1831 hoe
1054 1780 1115 1831 loco
1128 1785 1218 1846 patet,
1239 1779 1319 1846 idque

777 1847 849 1898 haud
862 1849 919 1898 scio
937 1863 973 1898 en
991 1847 1224 1898 confirmationem
1238 1863 1320 1913 quon-

777 1915 838 1965 dam
857 1916 981 1980 accipiet
999 1931 1015 1966 s
1033 1915 1176 1966 Strabonis
1193 1916 1255 1966 loco
1272 1916 1318 1964 lx.

777 1976 1320 2116 trilitttttlttl‘rddidi'

777 2118 841 2168 olim
866 2117 1019 2168 vocabatur
1042 2118 1184 2180 salomis),
1208 2107 1264 2183 αφ’
1286 2103 1321 2167 οδ

776 2179 830 2251 μὲν
851 2177 976 2251 Ἀθηνᾶ
1000 2200 1030 2235 τε
1053 2179 1163 2250 λέγεται
1188 2178 1321 2250 Σκιράς

776 2249 826 2303 καί
836 2246 921 2310 τόπος
930 2251 1024 2315 Σκίρα
1034 2245 1066 2303 ἔν
1074 2251 1108 2319 τῇ
1118 2243 1222 2318 Ἀττικῇ
1231 2269 1257 2301 κ.
1265 2269 1288 2301 τ.
1296 2252 1319 2302 λ.

776 2322 837 2370 Ηοο
850 2336 916 2372 vero
929 2321 1058 2384 templum
1071 2319 1213 2384 probabile
1225 2321 1319 2383 utique

778 2393 821 2437 cst
849 2389 931 2437 sitnm
960 2388 1044 2438 luisse
1073 2389 1102 2436 in
1126 2388 1318 2453 promontorio,

777 2455 822 2505 eui
851 2471 949 2504 nornen
974 2450 1134 2518 Σκιράδιον
1160 2454 1233 2519 apud
1255 2453 1318 2504 Plu-

776 2523 864 2572 tsreb.
889 2523 944 2571 Vit.
963 2521 1053 2571 Solon.
1077 2521 1173 2588 capii
1196 2521 1259 2572 coll.
1277 2523 1319 2571 De

776 2590 888 2655 mulign.
907 2589 1039 2640 llerodot.
1059 2605 1120 2654 cap.
1139 2589 1181 2641 39.
1199 2606 1224 2654 p.
1237 2588 1319 2638 8703

776 2655 852 2721 (περὶ
869 2649 903 2708 τὰ
921 2653 1045 2723 λήγοντα
1062 2655 1112 2722 τῆς
1129 2655 1320 2721 Σαλαμινίας)

775 2726 856 2790 idque
870 2725 956 2791 ipsum
971 2725 1152 2790 quaerendum
1165 2741 1225 2775 esse
1238 2725 1265 2774 in
1275 2741 1319 2774 oc·

776 2793 908 2844 cidentsli
922 2793 1029 2842 insulse
1042 2799 1120 2858 parte
1133 2794 1250 2858 Megara
1261 2805 1321 2842 ver-

776 2877 830 2917 sus.
843 2877 895 2927 quo
907 2861 968 2910 loeo
982 2876 1052 2910 nuuc
1066 2862 1260 2911 monesterium
1273 2861 1321 2909 Fa-

776 2931 906 2979 αατοαιέαί
921 2929 954 2992 (s.
969 2926 1105 2993 Παναγία
1116 2922 1332 2994 φαναρωμένη,“

777 2997 794 3046 i.
809 3013 832 3047 e.
847 2998 924 3062 virgo
937 2997 965 3046 in
978 2996 1067 3047 lucem
1081 2996 1202 3063 prolata)
1216 3001 1319 3046 exstru-

777 3069 850 3114 ctum
874 3065 1025 3128 invenitur,
1051 3065 1187 3130 persuasit
1209 3064 1319 3114 Leuke:

776 3133 828 3182 Die
839 3133 943 3182 Demeu
955 3132 1071 3182 Atticu's
1084 3149 1147 3198 pag.
1157 3132 1207 3181 214
1221 3137 1250 3181 et
1262 3147 1319 3196 seq.

182 3205 210 3250 et
223 3199 258 3249 od
268 3197 402 3265 οἴχεσθαι
416 3193 561 3265 φεύγοντα
571 3200 593 3260 l,
607 3198 669 3260 1573
688 3197 725 3247 lo·
776 3201 1002 3250 Wcstermannus
1016 3201 1061 3262 (ad
1074 3200 1214 3250 Plutarch.
1228 3199 1246 3248 l.
1261 3199 1278 3247 l.
1293 3216 1320 3264 p.

181 3269 319 3317 cntionem
337 3260 371 3316 τὰ
385 3260 462 3316 Icelo
474 3257 648 3332 οἷειριίμενον
662 3267 724 3316 otti·
776 3265 819 3329 26)
831 3267 945 3316 alterum
959 3270 1178 3332 promontorium,
1193 3267 1263 3330 quod
1276 3266 1321 3316 rel

181 3337 270 3400 gImus
284 3335 319 3384 ad
330 3335 405 3390 Vlll,
418 3333 461 3384 56.
777 3335 865 3398 magle
876 3335 1047 3384 occidentem
1057 3350 1152 3385 versus
1165 3333 1239 3384 iacet
1253 3349 1267 3382 e
1281 3349 1320 3382 re-

215 3393 287 3452 surol
305 3393 338 3452 τὸ
362 3397 425 3466 ίρδν
448 3396 600 3466 Ἀθηναίης
618 3393 724 3463 Σκιρά-
777 3403 858 3467 gione
868 3403 978 3452 Minoae
990 3402 1111 3466 intelligi
1121 3399 1233 3450 mavult.
1244 3425 1278 3434 —
1289 3401 1320 3448 ln

181 3467 244 3536 δος]
265 3471 283 3519 i.
298 3487 321 3520 c.
339 3487 392 3520 cum
415 3471 453 3531 (in
470 3467 548 3534 fugel
566 3471 725 3518 aduenissent
777 3485 852 3534 seqq.
863 3465 966 3534 κέλητα
977 3469 1059 3534 vulgo
1072 3469 1188 3518 reddunt
1199 3468 1320 3531 semiplum

181 3541 217 3588 ud
237 3541 353 3602 templum
377 3538 509 3588 Mineruae
530 3533 659 3594 Subsedit,
684 3537 725 3586 ita
777 3543 927 3598 αοιιιατοακ,
947 3535 1025 3586 celox
1040 3537 1181 3600 navigium
1195 3534 1320 3599 idemque
1373 3541 1375 3543 ’

180 3605 240 3656 scil.
266 3606 476 3672 cognominatus
501 3621 518 3655 n
542 3603 631 3666 Scire,
660 3609 724 3654 vute
777 3605 903 3668 exiguum
916 3603 1057 3654 celerrime
1069 3603 1214 3664 navigans.
1240 3601 1319 3652 Cous.

181 3673 307 3739 quodem,
321 3674 367 3738 qui
378 3673 520 3724 Minervae
533 3671 629 3722 sedem
642 3686 724 3736 prope
776 3671 927 3735 Thucydid.
942 3669 988 3732 lV,
1002 3671 1027 3720 u.
1041 3671 1116 3734 VIII,
1129 3667 1162 3721 38
1175 3669 1266 3734 ibique
1280 3669 1319 3718 iu-

179 3741 328 3790 Phalerum
342 3741 497 3792 condidisse
514 3741 614 3802 fertur,
634 3735 664 3796 ὃς
677 3735 725 3788 καὶ
777 3745 900 3804 terprctt.
920 3739 1019 3788 Suidss
1037 3753 1059 3788 s.
1076 3753 1101 3788 v.
1120 3739 1157 3788 Il.
1178 3753 1242 3802 pag.
1260 3736 1319 3786 294.

180 3807 231 3873 τῆς
242 3803 388 3872 Σκιράδος
398 3801 534 3872 ίδρύοατο
545 3798 667 3873 Ἀθηνᾶς
679 3798 725 3857 hd
776 3807 818 3856 Ad
840 3807 982 3856 termulam
1001 3804 1070 3872 θείη
1087 3803 1186 3871 πομπῇ
1207 3805 1263 3855 vid.
1282 3805 1320 3855 al-

182 3869 303 3940 Φαληρφ
315 3869 347 3926 τὸ
359 3867 481 3940 ἀρχαῖον
494 3867 581 3940 leode,
596 3879 626 3926 ut
638 3876 725 3940 loqui·
777 3874 835 3924 leta
849 3874 884 3924 ed
896 3874 951 3936 111,
965 3873 1006 3922 77.

182 3949 226 3993 tur
237 3944 392 3994 Pausanias
404 3945 426 4006 1,
437 3944 503 4007 36,3
516 3943 573 4004 (ubi
587 3945 659 3994 cous.
669 3943 727 3993 Sie—
810 3934 861 3991 τὸν
878 3929 942 3992 obss
960 3934 1114 4004 πέμψαντα
1131 3957 1156 3990 κ.
1169 3956 1192 3990 τ.
1208 3937 1243 4006 λ]
1264 3941 1280 3990 i.
1295 3956 1319 3990 e.

181 4009 253 4061 belis
270 4027 334 4076 pag.
348 4010 421 4074 133),
441 4013 487 4077 qni
501 4011 571 4061 idem
583 4012 611 4068 Ι,
624 4012 648 4062 l.
661 4013 684 4072 ἓ.
699 4011 724 4060 4'.
777 4025 849 4076 quum
867 4013 910 4076 qui
925 4011 1044 4072 nutrisset,
1067 4011 1184 4059 nemiuem
1203 4007 1319 4072 (dicunt)

181 4077 311 4143 templum
330 4073 477 4142 Σκιράδος
498 4069 619 4144 Ἀθηνᾶς
641 4094 724 4144 prope
776 4082 940 4142 apparuisse,
955 4091 1044 4141 neque
1057 4077 1203 4142 quidquem
1218 4091 1317 4138 eornm,

180 4145 342 4206 Pholerum,
367 4147 395 4196 iu
419 4153 493 4196 terra
513 4147 608 4196 Attiou
632 4147 724 4212 igitur,
777 4161 847 4210 quae
862 4146 896 4196 ub
910 4145 1030 4194 exercitu
1049 4143 1149 4207 (relate
1161 4147 1253 4204 erant,
1273 4143 1318 4192 de·

181 4219 388 4264 commemoret:
420 4214 454 4266 de
481 4229 533 4280 quo
557 4219 649 4264 tamen
673 4213 724 4264 hoe
776 4212 919 4277 venerant)
951 4213 1072 4263 scientes
1101 4212 1135 4262 ad
1164 4211 1319 4261 Corinthios

181 4281 243 4332 loco
257 4281 374 4346 cogitari
386 4286 465 4332 vetut
475 4282 595 4332 additum
605 4279 656 4346 τῆς
666 4279 724 4330 Σα-
776 4296 837 4331 eam
862 4279 1014 4331 secessisse
1039 4297 1060 4330 s.
1085 4295 1199 4344 eamque
1223 4293 1319 4328 ecces-

181 4347 327 4414 λαμινίης,
343 4348 725 4414 quodinSsluminieiusuls
775 4349 843 4398 sisse
869 4349 903 4398 sd
927 4347 1083 4399 Corinthios
1111 4347 1214 4397 inscios
1236 4345 1319 4412 plene

180 4415 234 4466 hoc
246 4415 378 4482 templum
391 4417 476 4468 fuisse
491 4417 602 4468 evincit.
629 4417 724 4482 Neque
775 4431 881 4478 eorum,
901 4431 971 4482 quse
989 4415 1061 4482 npud
1080 4414 1228 4464 exercitum
1247 4412 1319 4462 scci-
