2984 4962
307 453 364 512 Du
387 453 491 512 VITA
513 453 571 512 ET
595 451 785 512 SCRIP'PIS
808 450 1043 512 HERODOTI.
1178 457 1236 518 441

112 620 172 688 τούς
189 617 245 680 cirri
262 625 421 694 Περδίκκεω
441 618 603 696 γεγονότας,
627 617 749 694 κατάπερ
770 617 850 680 αὐτοὶ
870 622 992 696 λέγουσι,
1013 617 1097 687 αὐτός
1117 643 1146 679 τε
1168 615 1240 680 οὕτω

111 705 232 780 τυγχάνω
244 705 422 779 ἐπιστάμενος
437 709 485 764 καὶ
500 705 535 782 δὴ
552 709 600 764 καὶ
618 705 647 764 ἐν
661 716 733 766 τοῖσι
752 702 855 764 ὄπισθε
875 704 980 779 λόγοισι
1001 703 1126 776 ἀποδέξω
1138 702 1176 774 ὥς
1190 709 1241 765 εἰσι

103 788 235 865 Ἕλληνες,
273 795 342 849 Add.
360 793 533 863 V111,30.*)
569 795 648 848 Talia
663 797 710 866 qui
731 795 841 863 scribit,
864 813 922 849 eum
939 795 1014 864 vulgi
1036 796 1240 865 superstitioni-

111 882 159 934 bus
174 881 343 951 superiorem
357 881 445 933 fuisse
461 881 521 934 iure
537 881 657 946 dixeris3
679 880 841 950 praesertim
855 898 914 934 cunr
929 881 1048 934 studium
1067 899 1112 933 res
1127 882 1240 934 miracu-

110 967 180 1020 losas
198 986 213 1019 e
230 966 349 1018 naturali
365 982 454 1020 rerum
470 983 552 1019 cursu
570 966 722 1036 explicandi
737 965 883 1034 insigniter
898 965 996 1034 prodat
1011 965 1063 1033 lV,
1079 968 1121 1024 32,
1136 966 1183 1032 Vl,
1196 969 1240 1020 84.

111 1052 144 1119 11,
161 1055 190 1104 21
208 1051 269 1106 coll.
288 1051 349 1115 Vll,
365 1053 422 1105 133.
439 1051 501 1118 Vll,
515 1054 559 1110 20,
599 1051 637 1102 Ac
652 1067 742 1120 parem
759 1051 926 1118 diligentiam
943 1049 1064 1120 produnt
1079 1050 1239 1121 disputatio-

111 1155 156 1189 nes
175 1137 208 1188 de
230 1136 288 1188 Nili
310 1135 477 1188 incremento
495 1136 611 1207 eiusque
632 1137 724 1188 causis
739 1136 781 1202 ll,
797 1140 827 1190 21
844 1153 919 1205 seq,
943 1136 976 1187 de
994 1141 1082 1188 aetate
1102 1153 1242 1189 sacrorum

110 1221 234 1274 Herculis
252 1221 289 1287 ll,
307 1225 357 1286 443
378 1220 412 1273 de
427 1220 566 1273 literarum
580 1227 607 1273 et
622 1221 776 1290 scripturae
792 1221 950 1273 inventione
967 1220 1004 1290 V,
1019 1222 1068 1287 583
1090 1220 1242 1274 delicians

110 1307 246 1376 rebusque
263 1305 393 1358 Troianis
410 1305 438 1358 ll
446 1347 453 1374 ,
473 1309 519 1360 113
540 1323 617 1375 seqq.
641 1309 691 1360 120
705 1324 784 1375 seqq,
807 1307 857 1376 (cl.
875 1313 942 1360 nott.
962 1303 1019 1357 Vol.
1036 1305 1057 1360 Ι.
1074 1323 1102 1374 p.
1117 1309 1168 1360 674
1182 1323 1240 1374 seq.

109 1391 187 1457 6803
212 1391 246 1443 de
261 1389 373 1460 Cypriis
391 1391 556 1443 carminibus
572 1389 608 1456 ll,
627 1393 691 1456 1173
715 1391 748 1443 de
765 1389 839 1457 Cyro
856 1389 949 1458 1,oa;
970 1390 1003 1442 de
1019 1388 1189 1460 Melampode
1203 1389 1240 1455 ll,

109 1479 156 1542 493
180 1475 212 1527 de
229 1475 348 1544 Aegypti
364 1481 462 1528 natura
474 1475 515 1544 ll,
532 1479 557 1529 5.
580 1474 684 1542 11,12=
706 1469 741 1529 roi
754 1471 818 1542 περὶ
831 1474 972 1542 Αἴγυπτον
989 1463 1029 1527 ὦν
1051 1472 1099 1528 καὶ
1115 1480 1187 1528 τοῖσι
1201 1472 1242 1528 λέ-

109 1577 185 1628 γουσι
208 1552 279 1614 αὐτὰ
301 1559 502 1630 πείθομαικαὶ
523 1553 608 1621 αὐτὸς
629 1552 703 1614 orirer
721 1554 808 1628 aripret
828 1557 914 1614 δοκέω
933 1555 1019 1630 εἶναι,
1042 1555 1188 1614 4111111111.
1206 1563 1241 1626 1.,

108 1644 166 1697 alia.
202 1646 300 1716 Neque
321 1645 348 1697 in
370 1645 471 1698 talibus
487 1647 628 1714 poiitarum
645 1646 833 1698 auctoritatem
849 1645 903 1716 ipsi
920 1645 1064 1710 offecisse,
1089 1663 1104 1697 e
1125 1645 1183 1696 loco
1199 1644 1241 1696 in·

108 1730 223 1798 signiori
237 1731 279 1796 ll,
297 1733 347 1784 120
362 1727 544 1800 apparet**),
568 1747 730 1802 quamquam
748 1731 777 1782 in
797 1731 882 1782 rebus
903 1729 991 1781 sacris
1014 1729 1157 1782 arcanisve
1179 1727 1241 1782 reli-

108 1815 189 1882 gione
205 1815 320 1886 quadam
336 1833 366 1867 se
383 1815 543 1868 obstrictum
560 1815 664 1884 luisse,
680 1816 838 1885 quominus
854 1833 908 1867 non
926 1814 1028 1880 omnis,
1046 1831 1117 1884 quae
1132 1815 1243 1882 cognita

107 1900 213 1968 habuit,
238 1900 426 1970 eloqueretur,
446 1900 494 1953 sed
509 1901 619 1953 silentio
636 1901 767 1972 quaedam
782 1900 1026 1970 praetermitteret,
1047 1899 1106 1969 ipse
1121 1900 1242 1968 ingenue

107 1985 252 2054 profitetur
267 1986 304 2052 ll,
320 1988 346 2040 3.
361 1989 405 2040 45.
421 1989 464 2040 46.
480 1988 523 2046 65,
541 1989 599 2041 170.
619 1991 677 2040 171.
717 1986 774 2050 Qui
789 1991 878 2038 autem
895 1992 972 2038 tanta
991 2002 1051 2038 oum
1064 2001 1130 2038 cura
1145 1991 1173 2038 et
1183 1984 1242 2038 reri

107 2069 197 2122 studio
214 2070 305 2122 ubivis
320 2071 391 2139 egit,
414 2071 461 2140 qui
480 2088 573 2124 verum
589 2071 648 2124 sine
664 2071 718 2124 ullo
739 2071 834 2124 timore
850 2069 995 2124 enuntiare
1012 2065 1181 2138 andet***),
1209 2070 1242 2121 ab

107 2155 177 2207 omni
193 2156 331 2208 mendacio
343 2156 505 2224 alienus†);
527 2173 586 2208 cum
601 2174 695 2210 verum
713 2174 795 2209 unum
809 2156 837 2208 in
860 2155 985 2208 omnibus
1000 2163 1032 2208 ut
1048 2163 1173 2222 erueret,
1190 2155 1242 2208 sibi

107 2241 276 2310 propositum
292 2241 417 2308 haberet,
434 2257 494 2293 eum
508 2259 602 2294 verum
618 2241 710 2295 dicere
723 2243 832 2296 volucae
848 2241 942 2311 utique
959 2240 1147 2296 concedemus.

191 2325 246 2378 lsrn
263 2326 344 2379 venio
362 2325 396 2378 ad
413 2325 541 2392 alterum,
563 2327 635 2396 quod
652 2327 831 2397 requirimus,
849 2343 943 2380 verum
959 2331 989 2378 ut
1003 2325 1112 2379 tradere
1128 2327 1244 2396 potuerit

105 2409 274 2463 Herodotus.
312 2410 368 2472 Qui
389 2427 482 2463 verum
504 2427 588 2464 unum
607 2418 639 2464 ut
660 2412 795 2478 traderet,
821 2411 972 2480 longinqua
992 2411 1115 2478 suscepit
1133 2410 1242 2476 itinera,

107 2512 198 2548 omnes
215 2495 300 2546 subiit
314 2495 420 2548 riarum
441 2495 579 2548 molestias
599 2504 682 2566 atque
700 2496 822 2565 labores,
848 2513 902 2566 quo
919 2495 980 2566 ipse
995 2495 1104 2563 singula
1122 2495 1181 2548 looa
1200 2495 1242 2548 in·

40 2649 46 2658 Ι
107 2579 201 2631 visens
217 2597 311 2632 rerum
327 2579 420 2632 videre
442 2585 490 2632 aut
504 2581 670 2634 sciscitando
690 2600 706 2633 a
721 2582 839 2652 singulis
857 2581 1006 2651 comperire
1022 2587 1131 2649 posset,
1155 2580 1202 2650 qui
1218 2581 1242 2632 si

106 2681 161 2733 qua
180 2664 246 2717 mira
262 2682 391 2734 parumve
412 2665 553 2718 credibilia
576 2672 624 2718 aut
639 2685 655 2718 a
670 2685 761 2721 rerum
776 2665 893 2721 naturali
909 2682 992 2718 cursu
1008 2665 1183 2718 abhorrentia
1198 2683 1242 2718 ac-

105 2755 229 2819 ceperat,
249 2749 410 2818 diligentius
423 2751 450 2803 in
464 2751 519 2804 istu
534 2751 680 2821 inquisivit
696 2753 849 2822 iustamque
866 2751 908 2803 his
922 2750 1100 2804 adhibendam
1114 2769 1176 2803 ease
1188 2750 1242 2803 sibi

104 2836 246 2905 persuasit
259 2835 360 2902 crisin,
380 2853 430 2889 nee
447 2837 692 2906 superstitionibus
705 2838 781 2907 vulgi
794 2855 843 2890 nec
855 2834 1049 2912 praeiudicatis
1066 2836 1242 2906 opinionibus

103 2927 202 2990 captus
218 2939 267 2974 neo
283 2921 412 2974 credulus
428 2922 592 2992 nimiumque
607 2923 772 2992 religiosus,
792 2923 841 2975 sed
860 2921 1004 2993 perspicax
1019 2925 1047 2974 et
1061 2921 1089 2974 in
1105 2921 1155 2988 iis,
1171 2939 1242 2991 quae

103 3007 165 3075 ipse
181 3007 355 3073 observavit,
377 3008 556 3073 enarrandis,
576 3009 814 3075 accuratissimus,
832 3025 894 3061 num
907 3025 966 3060 eurn
983 3023 1047 3059 vera
1061 3007 1183 3060 scribere
1195 3026 1242 3077 pa-

103 3092 184 3144 tuisse
199 3091 380 3158 negabimus?
419 3091 454 3143 At
468 3093 553 3144 verba
568 3093 641 3146 dare'
651 3101 780 3163 poterant
795 3093 848 3163 ipsi
864 3111 934 3164 quoa
950 3091 1107 3146 sciscitatus
1125 3099 1168 3145 est
1183 3093 1242 3144 sive

104 3175 264 3226 sacerdotes
278 3175 337 3226 sive
352 3181 517 3228 mercatores
533 3195 622 3246 eoque
637 3179 715 3230 modo
731 3181 821 3248 ipsum
836 3179 929 3230 fallere
946 3185 973 3230 et
987 3177 1015 3230 in
1032 3195 1141 3230 errores
1155 3177 1242 3246 impli-

103 3277 175 3313 care.
213 3259 285 3310 Num
306 3276 386 3325 vero,
407 3275 524 3329 quaeso,
550 3261 576 3312 in
593 3268 651 3314 toto
673 3263 847 3316 historiarum
870 3281 952 3332 opere
973 3261 1052 3314 talem
1076 3280 1106 3314 se
1129 3262 1244 3330 praebet

104 3343 236 3396 historiae
251 3349 345 3411 pater,
367 3344 410 3395 cui
426 3351 478 3396 tam
492 3345 570 3398 facile
586 3347 729 3416 imponas?
765 3348 899 3417 Equidem
916 3347 965 3398 hoc
981 3347 1025 3398 vix
1042 3345 1101 3398 lieri
1117 3346 1243 3415 potuisse

102 3441 173 3498 puto
194 3428 223 3480 in
243 3428 303 3480 viro
325 3435 379 3479 tam
402 3435 481 3480 cauto
501 3437 609 3499 tamque
632 3430 736 3484 sollerti
760 3437 788 3484 et
812 3431 937 3500 diligenti
956 3448 1046 3483 rerum
1069 3431 1241 3497 indagatore,

54 3524 55 3528 ’
102 3512 210 3583 qualem
226 3513 359 3565 Nostrum
373 3513 461 3566 fuisse
476 3514 538 3566 libri
554 3517 720 3584 superstites
737 3516 873 3581 indicant,
889 3516 917 3568 in
933 3515 1034 3583 quibus
1050 3515 1095 3566 vix
1112 3513 1184 3566 ullus
1199 3533 1242 3567 re-

102 3599 213 3668 peritur
230 3597 322 3664 locus,
347 3615 434 3668 equo
450 3599 524 3651 illurn
540 3599 666 3652 consulto
688 3600 715 3653 in
739 3618 848 3654 errores
869 3600 1013 3652 deductum
1035 3605 1083 3652 ant
1103 3617 1134 3650 se
1154 3598 1241 3667 decipi

101 3700 214 3753 passum
231 3702 307 3750 esse,
328 3683 432 3754 liquido
448 3693 658 3738 commonstrare
676 3687 777 3754 possis.
816 3687 885 3739 Nam
899 3684 972 3756 quod
993 3685 1026 3736 ad
1041 3686 1181 3754 Aegyptiae
1197 3701 1242 3736 res

101 3769 274 3839 potissimum
296 3770 475 3837 confugiunt,
498 3789 514 3822 a
535 3770 726 3824 sacerdotibus
741 3771 886 3840 Aegyptiis
911 3771 995 3822 verba
1017 3769 1159 3822 Herodoto
1180 3768 1242 3820 data
1306 3791 1316 3817 a

101 3873 167 3908 esse
188 3854 372 3920 clamitantes,
400 3855 426 3908 id
448 3873 527 3926 quam
550 3855 685 3908 infirmum
710 3857 759 3924 sit,
786 3856 905 3925 singulis
929 3855 995 3908 locis
1016 3855 1043 3907 in
1065 3854 1242 3906 anrrotatione

172 4051 196 4115 ³¹²)
216 4053 337 4103 Similem
355 4054 413 4104 fere
432 4056 458 4103 in
477 4055 583 4104 modum
602 4055 711 4120 scripsit
725 4057 855 4106 Arrianus
873 4054 977 4119 lispod.
992 4054 1067 4105 Alex.
1081 4055 1120 4112 11,
1138 4052 1181 4113 12,
1197 4052 1241 4102 121

99 4117 153 4172 arri
173 4119 262 4170 ταῦτα
281 4113 333 4184 iqui
352 4112 423 4172 οὔθ’
439 4113 477 4180 (ὃς
495 4115 594 4188 arnan
616 4113 681 4173 οὔτε
698 4118 736 4181 ὥς
753 4117 848 4188 πάντη
865 4112 971 4172 durata
988 4112 1150 4186 α’νὲγραψα.
1180 4121 1240 4182 v11,

102 4190 144 4248 15,
158 4187 188 4238 8:
201 4184 352 4239 καὶταῦτα
365 4181 429 4242 οὔτε
441 4183 478 4249 air
490 4181 608 4252 ἀτρεκὲς
620 4181 685 4241 οὔτε
698 4181 735 4249 ὦς
745 4181 866 4240 ἄπιστον
879 4186 972 4254 πάντη
984 4179 1150 4254 ἐνέγραψας
1171 4205 1240 4254 quae

98 4273 159 4306 nna
173 4271 232 4305 cum
247 4255 310 4306 aliis
323 4257 417 4308 attulit
428 4259 557 4309 Sintenis.
572 4260 600 4308 in
611 4259 726 4310 Jahrbb.
741 4261 758 4310 f.
773 4259 908 4324 Philolog.
923 4258 981 4308 Vol.
996 4259 1067 4308 XVI.
1082 4275 1107 4322 p.
1124 4256 1171 4307 162
1184 4272 1241 4321 seq.

171 4320 212 4382 **)
231 4323 310 4377 Coni.
323 4325 455 4376 Creator:
475 4329 547 4377 llist.
562 4329 652 4377 Kunst
664 4327 689 4376 11.
704 4328 749 4376 Gr.
764 4345 790 4392 p.
806 4327 853 4376 105
866 4326 902 4393 (p.
916 4324 949 4376 83
962 4327 1003 4376 ed.
1017 4328 1094 4389 sec.).

172 4387 226 4452 aar)
246 4391 339 4448 Ocni..
352 4399 382 4441 ut
395 4394 451 4443 alin
464 4399 586 4454 taceam,
601 4400 668 4444 nott.
683 4395 718 4444 ad
730 4395 805 4454 Vlll,
820 4395 861 4442 72.

172 4458 201 4522 †)
221 4457 300 4508 Coui.
313 4461 344 4521 V,
358 4460 391 4510 50
403 4461 494 4527 ibique
506 4467 576 4514 nott.
589 4462 648 4513 Vol.
662 4464 712 4512 111.
726 4479 752 4528 p.
766 4462 798 4512 78
810 4478 868 4527 seq.
