3068 4964
472 425 678 488 URANIA.
702 427 792 488 VIII.
816 435 981 492 ras—137.
1231 431 1291 496 201

159 607 210 688 εἴη
228 601 283 668 καλ
303 595 476 689 εὐεργέτης
495 593 513 668 ὁ
528 594 753 688 Ἀλέξανδρος,
772 605 904 690 ἔπεμπε.
923 596 1001 680 τούς
1017 597 1080 691 γάρ
1095 596 1294 690 Ἀθηναίους

157 697 244 771 οὕτω
263 698 374 772 ἐδόκεε
392 699 532 790 μάλιστα
543 698 822 790 προσκτήσεσθαι,
841 698 927 772 recto
937 729 972 772 τε
985 699 1107 774 πολλάν
1120 699 1184 792 άρα
1194 699 1293 774 ἄκου’-

158 831 206 872 ων
231 801 317 872 εἶναι
340 805 396 872 καὶ
418 799 571 892 άλκιμον·
607 800 647 872 τά
664 830 701 872 τε
718 799 800 872 κατά
817 799 878 892 τήν
894 801 1070 874 θάλασσαν
1088 803 1295 895 συντυχόντα

157 925 217 992 σφι
236 900 416 994 παθήματα
433 906 740 995 κατεργασαμένους
757 901 898 994 μάλιστα
912 899 1112 993 Ἀθηναίους
1123 901 1291 994 ήπίστατο.

88 1053 91 1058 ·
156 1002 285 1075 τούτων
310 1005 347 1075 dl
370 1009 646 1096 προσγενομένων
672 1003 846 1096 κατήλπιζε
870 1001 1031 1088 εὐπετέως
1048 1010 1106 1096 τῆς
1123 1005 1294 1097 θαλάσσης

157 1103 349 1198 κρατήσειν,
385 1105 426 1178 τά
448 1133 510 1198 περ
535 1101 578 1178 dv
602 1107 657 1177 καὶ
679 1095 736 1197 ήν·
764 1111 846 1199 πεζή
867 1136 903 1179 τε
927 1105 1038 1178 ἐδόκεε
1061 1105 1185 1180 πολλὸν
1209 1109 1294 1180 εἶναι

157 1209 320 1300 κρέσσων·
356 1205 443 1280 οὕτω
466 1237 501 1280 τε
526 1211 685 1298 ἐλογίζετο
708 1208 903 1300 κατύπερθέ
922 1213 956 1280 ολ
976 1207 1016 1280 τά
1033 1208 1208 1301 πρήγματα
1226 1217 1294 1281 ἔσε-

157 1323 238 1382 σθαι
255 1311 323 1382 τοῖν
335 1305 544 1400 Ἑλληνικῶν.
581 1307 662 1401 τάχα
687 1307 720 1381 d'
745 1305 788 1383 άν
810 1313 866 1382 καὶ
889 1307 929 1382 τά
945 1310 1126 1404 χρηστήρια
1142 1309 1246 1383 ταύτά
1263 1319 1298 1383 ολ

156 1414 327 1504 προλέγοι,
352 1410 626 1503 συμβουλεύοντα
648 1409 821 1504 σύμμαχον
838 1410 897 1485 τόν
911 1409 1091 1503 Ἀθηναῖόν
1108 1418 1144 1484 ολ
1158 1411 1294 1506 ποιήσα·

157 1527 248 1584 σθαι
267 1529 353 1584 τοῖσι
372 1512 413 1603 δή
432 1511 630 1604 πευθόμενος
649 1521 781 1605 ἔπεμπε.

238 1619 307 1686 Τοῦ
334 1617 371 1686 δέ
391 1612 608 1704 Ἀλεξάνδρου
631 1613 751 1687 τούτου
776 1619 916 1707 ἕβδομος
936 1617 1080 1708 γενέτωρ
1104 1625 1361 1710 Περδίκκης137

157 1721 238 1807 ἐστὶ,
255 1712 274 1788 ὁ
291 1716 493 1808 κτησάμενος
510 1721 578 1789 τάν
597 1716 807 1790 Μακεδόνων
824 1715 885 1808 τήν
902 1725 1086 1810 τυραννίδα
1103 1717 1214 1815 τρόπῳ
1230 1749 1294 1792 τοι·

156 1884 266 1951 publice
277 1885 307 1935 in
320 1883 439 1951 aliquem
452 1884 571 1936 collatis.
590 1886 632 1936 Tu
644 1886 698 1936 vid.
749 1885 822 1936 huuc
846 1899 952 1951 quoque
976 1885 1066 1937 locum
1086 1885 1181 1949 affert,
1206 1885 1239 1938 de
1262 1904 1294 1939 eo

157 1967 229 2018 quae
250 1951 368 2018 plurima
393 1951 544 2003 afferuntur
567 1953 631 2004 ac.
649 1955 698 2004 Fr.
749 1953 884 2004 Herodoti
905 1967 957 2004 usu
978 1969 1104 2018 monens,
1130 1971 1163 2006 ex
1188 1971 1239 2020 quo
1260 1955 1294 2006 de

156 2021 327 2070 Hermanno:
343 2021 697 2085 Griech.Staatsalterth.§.
750 2038 779 2072 re
797 2021 962 2087 praeterita,
986 2038 1056 2087 quae
1078 2023 1123 2073 vel
1141 2023 1296 2074 diuturnior

159 2086 214 2138 116.
228 2093 284 2138 not.
297 2086 322 2138 6.
336 2089 350 2137 'l
364 2095 392 2138 et
403 2087 419 2138 8
432 2090 474 2139 ed.
489 2096 578 2154 quart.
617 2091 698 2142 Hunc
751 2091 787 2140 sit
808 2089 853 2139 vel
874 2090 985 2154 saepius
1008 2090 1142 2156 repetita,
1166 2106 1295 2156 praesen-

157 2157 229 2206 euim
241 2161 384 2221 utrumque
403 2157 530 2207 honorem
546 2159 698 2209 concedere
750 2158 953 2222 tisoptativum
970 2157 1018 2208 ille
1034 2159 1121 2224 ponit.
1156 2160 1294 2210 Morcum

155 2223 283 2274 solebant
293 2225 430 2288 civitatee,
442 2223 486 2274 vel
496 2225 632 2276 beneficia
640 2226 698 2277 sive
751 2224 905 2292 Schweigh.
920 2231 948 2276 et
957 2225 1046 2277 Gaias.
1059 2226 1122 2276 dedi
1135 2219 1166 2276 ot
1176 2219 1295 2292 ποιήσα-

155 2307 269 2342 munera
282 2297 400 2358 accepta
418 2299 448 2343 ut
460 2299 700 2344 remunerarentur
751 2292 837 2354 σθαι,
862 2292 911 2342 nbi
933 2293 1007 2358 vulg.
1033 2287 1198 2348 ποιέεσθαι,
1224 2293 1295 2358 quod

155 2359 200 2410 vel
213 2361 462 2425 potentissimorum
473 2362 626 2428 principum
637 2379 699 2428 gra·
752 2375 813 2410 cum
835 2359 986 2410 Schseiero
1008 2361 1179 2411 retinuerunt
1194 2361 1292 2411 Matth.

156 2429 223 2478 tiam
245 2431 275 2477 ut
292 2433 502 2494 aucuparentur.
543 2429 623 2480 Unde
645 2445 699 2480 non
751 2432 780 2477 et
796 2427 916 2477 Bekker.
951 2419 1001 2478 τὸν
1022 2417 1175 2492 Ἀθηναῖον
1195 2429 1295 2478 Noster

156 2495 265 2558 mirum,
288 2495 471 2546 Alexandrum
492 2496 538 2546 hic
556 2496 636 2548 simul
653 2515 698 2548 vo·
751 2495 821 2546 dixit
837 2493 1006 2560 singularem
1019 2510 1158 2544 numerum
1175 2511 1224 2560 pro
1236 2495 1294 2560 plu-

156 2562 215 2613 cari
227 2553 366 2625 πρόξενον
378 2569 461 2628 atque
474 2553 633 2630 εάεργέτην.
751 2563 805 2613 rali
815 2561 940 2614 consulto
951 2562 1096 2623 adhibens,
1106 2568 1137 2612 ut
1147 2564 1193 2622 IX,
1203 2563 1233 2612 12
1244 2555 1295 2614 τὸν

188 2625 255 2688 τούς
276 2623 331 2695 γάρ
353 2621 522 2698 Ἀθηναίους
542 2619 615 2682 οὕτω
638 2624 699 2684 lee'·
751 2623 949 2696 Σπαρτιήτην,
975 2645 1054 2695 quem
1079 2631 1194 2681 eundem
1215 2647 1294 2682 usum

154 2713 202 2748 κεε
217 2715 243 2748 π.
262 2713 285 2748 τ.
304 2697 338 2765 λ.]
358 2699 454 2750 Oratio
477 2701 619 2766 scriptoris
642 2706 697 2751 tur·
750 2699 778 2748 iu
791 2698 951 2762 Thucydide
968 2699 1025 2749 iam
1041 2703 1172 2749 notarunt
1184 2704 1294 2750 veteres

154 2765 623 2819 batamultisvocibusinteriectis.
635 2769 698 2819 Vid.
749 2767 914 2832 interpretes
937 2767 1055 2832 itemque
1074 2768 1243 2818 recentiores
1265 2769 1293 2818 in

154 2833 251 2886 Matth.
275 2834 321 2885 Gr.
340 2834 386 2886 Gr.
405 2851 432 2901 p.
451 2834 525 2887 1300.
565 2837 634 2886 Nam
657 2838 698 2888 ita
748 2839 816 2884 nott.
832 2835 866 2884 ad
879 2835 924 2898 VI,
939 2832 979 2885 78.

154 2902 265 3030 nisit
288 2896 698 3023 ‘tlt'tisl0‘0l0'ltu
915 2985 918 2994 ,

154 2987 513 3104 Μάήδόάιοςμπάβόμενος
530 3067 557 3074 -
573 2988 696 3106 despue.
896 3002 963 3056 ΟΩ·
984 3003 1146 3056 CXXXVH'

154 3133 187 3141 —
199 3107 242 3156 De
254 3107 392 3172 particula
404 3097 461 3171 ἄρα
474 3109 629 3173 postposita
640 3109 696 3160 vid.
783 3099 904 3170 ἕβδομος
916 3099 1046 3172 γενέτωρ]
1059 3107 1121 3158 Vid.
1135 3108 1208 3158 infra
1216 3107 1292 3172 Vlll,

155 3173 243 3224 allata
255 3175 290 3224 ad
302 3175 381 3233 VIII,
396 3173 412 3224 8
431 3179 458 3225 et
470 3175 504 3225 de
516 3191 567 3226 usu
578 3177 698 3240 partica·
752 3171 799 3223 139
817 3173 881 3224 coll.
898 3173 1052 3236 Thucydid.
1071 3175 1111 3236 II,
1130 3173 1173 3225 99.
1196 3177 1292 3226 lustin.

154 3240 199 3291 lae
212 3256 241 3292 τε
253 3247 320 3293 nott.
334 3242 369 3292 ad
381 3243 456 3303 VIII,
470 3241 528 3292 188.
556 3242 610 3293 Pro
622 3243 698 3310 vulg.
749 3241 863 3304 V11‚2,
889 3243 935 3306 qui
958 3243 986 3291 in
1009 3257 1041 3292 eo
1067 3242 1102 3292 ab
1119 3243 1259 3293 Herodoto
1277 3261 1294 3293 a

155 3301 289 3360 έπίοτατο
308 3309 370 3360 dedi
387 3300 543 3374 ἠπίστατο,
568 3315 598 3360 ut
615 3327 698 3376 supra
749 3309 884 3359 Perdicca
896 3310 975 3373 regni
987 3310 1096 3359 initium
1107 3311 1293 3360 constituente

155 3376 234 3438 Vlll,
256 3376 304 3428 132
322 3383 350 3428 ct
361 3377 443 3440 VIII,
461 3378 478 3428 5
495 3378 543 3428 ubi
559 3377 614 3429 vid.
627 3385 697 3430 nott.
749 3376 890 3437 dissentit,
907 3377 978 3441 quod
991 3375 1062 3428 alios
1074 3381 1185 3428 secutus
1199 3383 1293 3427 aucto-

154 3443 195 3493 Ad
218 3443 384 3495 locutionem
407 3442 573 3508 κατύπερθε
590 3471 622 3482 -
641 3440 697 3498 dos·
749 3459 794 3494 res
814 3445 943 3509 primum,
971 3445 1016 3508 qui
1038 3445 1090 3494 toti
1110 3444 1293 3494 Macedoniae

155 3511 226 3562 σθαι
249 3513 304 3564 vid.
328 3518 396 3564 nott.
421 3514 455 3564 ad
475 3513 556 3574 VIII,
576 3511 616 3562 19.
656 3513 698 3564 ad
749 3512 935 3576 imperaverit,
948 3517 1031 3560 vocat
1046 3513 1168 3562 Caranum
1180 3511 1292 3575 eiusque
1373 3565 1374 3568 χ

155 3579 242 3644 ipsam
266 3596 337 3643 reru,
363 3597 433 3646 quae
457 3581 484 3631 h.
507 3578 525 3630 l.
545 3583 697 3642 enarretur,
749 3593 934 3629 successorem
952 3579 1021 3628 iacit
1034 3579 1196 3638 Perdiccam,
1215 3579 1292 3642 quin·

156 3647 276 3698 conferri
288 3654 410 3712 possunt,
425 3665 494 3714 quae
508 3649 536 3698 in
548 3647 698 3698 Athenien·
748 3651 805 3696 tum
817 3661 882 3696 vero
894 3646 923 3694 in
935 3647 1006 3696 serie
1018 3646 1177 3696 Herodotea
1190 3646 1293 3696 omittit

155 3715 225 3763 sium
247 3714 356 3766 laudem
379 3717 485 3782 profert
507 3717 645 3767 Isocrates
670 3717 698 3765 in
749 3715 876 3770 Ahalam,
899 3717 1077 3764 memoratum
1095 3729 1147 3778 quo
1168 3729 1201 3764 ue
1220 3715 1297 3780 apud

155 3781 292 3846 Panegyr.
310 3783 334 3843 5.
351 3781 398 3846 94,
423 3785 493 3848 quod
510 3785 583 3848 regis
601 3783 696 3834 Persa·
747 3779 1121 3849 Theophil.Antioch.Il.p.
1169 3781 1291 3843 ,ubita-

156 3863 212 3898 rum
222 3847 294 3899 dona
304 3852 464 3914 respuerint,
479 3845 602 3916 quamvis
612 3850 697 3902 licue·
748 3864 810 3900 men
822 3851 923 3915 Arpuci
936 3849 1015 3900 deest
1026 3850 1137 3901 mentio.
1168 3849 1292 3902 Caranus

155 3917 192 3992 χίῑ
212 3916 279 3994 ipsis
301 3909 386 4035 τήιάς
407 3910 567 3982 ἐξαιρέτους
588 3917 695 3984 λαβεῖν,
749 3917 821 3967 euim
838 3921 867 3967 et
883 3918 943 3982 ipse
959 3917 1112 3968 'Ismenida
1133 3917 1219 3968 fuisse
1237 3918 1292 3968 ier-

155 3998 190 4040 ας
202 3983 301 4042 αυτοῖς
334 3981 420 4034 δίδον
432 3981 563 4050 βασιλεὺς
575 3979 697 4052 ήγοάμε-
748 3989 806 4046 tur,
820 3985 867 4050 qui
878 3985 1010 4035 Edessam
1023 3985 1098 4050 cepit
1110 4001 1226 4050 eamque
1238 3986 1291 4036 Ae·

156 4065 216 4114 νος,
243 4044 271 4130 ιζ
290 4044 323 4102 τὸ
345 4049 395 4117 τῆς
415 4046 521 4112 πόλεως
541 4047 697 4120 προσλάβοι
748 4067 799 4118 gas
815 4053 941 4115 vocavit,
963 4052 1056 4103 sedem
1078 4053 1141 4104 inde
1159 4054 1291 4104 constitu·

155 4133 301 4182 ναυτικον,
312 4119 486 4186 παραχρῆμα
496 4118 544 4172 sul
554 4121 697 4173 Πελοπον-
747 4125 804 4170 tam
822 4135 916 4185 regum
928 4120 1124 4184 Macedoniae;
1141 4121 1214 4172 nude
1229 4137 1291 4172 cnm

155 4177 244 4262 νήσομ
255 4179 416 4266 αραηήσχιν.
748 4187 826 4238 hisce
849 4187 950 4238 tabulis
967 4189 1156 4240 Macedonicis
1173 4189 1292 4256 Argivas

200 4251 315 4315 ταχαδ
349 4248 603 4324 αν-προλέγοι]
633 4257 695 4308 Vid.
748 4271 853 4320 quoque
871 4255 1008 4307 coaluisse
1031 4256 1142 4308 fabulas
1163 4257 1242 4322 ponit
1259 4257 1291 4308 (1.

155 4317 254 4368 Matth.
273 4319 318 4371 Gr.
337 4322 382 4374 Gr.
404 4325 428 4385 §-
445 4321 509 4384 514,
527 4323 552 4373 2.
577 4323 608 4374 G.
626 4325 697 4376 Her·
748 4321 917 4374 O.M'ueller:
931 4323 1025 4376 Ueber
1037 4324 1062 4374 d.
1075 4325 1202 4375 Macedd.
1213 4325 1289 4390 pio,

154 4400 246 4437 mann.
258 4385 374 4452 Opuscc.
384 4388 489 4442 Acedd.
501 4390 547 4443 IV.
557 4403 583 4456 p.
594 4393 636 4444 44.
650 4391 697 4444 169
747 4391 793 4456 qui
803 4391 874 4441 idem
884 4407 910 4457 p.
920 4391 950 4442 51
963 4392 1289 4456 contenditMacedones,
