2984 4962
4 4305 10 4314 ,
120 4271 206 4322 pavor
225 4247 310 4320 ἐναργ

328 463 386 524 Du
408 463 511 523 VITA
533 463 590 522 ΕΤ
612 462 803 524 SCRIPTIS
825 461 1060 523 HERODOTI.
1201 470 1262 530 455

128 633 254 704 colligas3
280 634 414 688 accedunt
438 633 491 686 elia
517 633 648 705 quaedam
673 617 829 688 ¹testimonia
844 633 905 700 Vll,
925 633 996 702 57*)
1019 641 1047 687 et
1068 635 1143 702 Vlll,
1164 635 1261 707 wll,

128 721 173 774 ubi
189 720 252 790 pius
267 719 411 790 scriptoris
431 719 537 773 animus
552 737 605 772 non
622 719 705 778 audet
720 719 831 790 obloqui
847 718 973 788 oraculis,
989 721 1113 789 quemvis
1129 722 1261 774 subdubi-

126 811 198 872 tans,
217 805 256 857 uti
274 806 393 867 videtur,
409 805 443 856 de
458 821 551 856 eorum
564 804 689 857 veritate.
723 803 891 856 Distinxisse
905 803 991 872 igitur
1006 805 1138 857 Nostrum
1150 805 1261 876 dixeris,

127 909 177 944 nec
204 889 328 942 omnibus
354 888 486 942 eiusmodi
512 889 593 941 dictis
616 897 716 942 temere
742 894 770 941 et
794 887 925 954 continuo
940 887 1021 942 fidem
1040 889 1197 942 addidisse:
1221 891 1260 944 uti

127 991 211 1044 supra
223 979 248 1040 s.
266 978 298 1028 10
313 974 364 1027 iam
379 973 531 1026 monuimus
549 973 722 1041 disputantes
738 974 772 1025 ds
786 971 832 1025 illo
855 973 912 1025 veri
928 973 1034 1040 studio,
1056 991 1110 1043 qno
1128 975 1261 1028 Nostrum

126 1059 262 1128 insignem
278 1060 366 1112 luisse
381 1065 464 1128 atque
478 1075 544 1127 prae
560 1057 635 1124 vulgi
652 1055 897 1127 superstitionibus
913 1058 1039 1126 sapuisse
1060 1059 1239 1112 ostendimus.

208 1143 306 1196 Restat
330 1143 447 1212 denique
474 1149 504 1194 ut
520 1142 672 1210 videamus,
700 1142 767 1212 qnid
784 1142 943 1195 Herodotus
963 1141 997 1195 de
1018 1143 1070 1209 iis,
1096 1161 1167 1213 quae
1198 1151 1261 1214 post

126 1235 235 1282 nortem
258 1230 352 1280 listina
375 1227 447 1296 sint,
465 1227 552 1280 animo
574 1227 714 1282 statuerit.
749 1227 790 1280 De
814 1225 917 1279 animae
935 1226 1135 1281 immortalitate
1156 1230 1181 1282 ei
1197 1247 1270 1298 per·.

127 1329 238 1366 suasum
252 1313 350 1378 fuisse,
366 1321 444 1383 quein
460 1319 537 1364 tanto
555 1311 667 1380 ingenio
684 1311 846 1380 praeditum,
863 1311 1060 1381 Aegyptiorum
1076 1319 1158 1383 atque
1172 1315 1259 1366 Grae·
1324 1373 1327 1378 ,

126 1414 217 1450 corum
243 1393 455 1464 mystedis***)
482 1396 617 1450 initiatum
645 1397 732 1450 luisse
761 1395 929 1466 accepimus,
956 1413 1019 1449 num
1050 1397 1259 1450 dubitabimus?

126 1483 216 1551 Leges
242 1482 313 1548 mihi,
340 1497 411 1551 quae
432 1481 529 1534 scribit
549 1481 585 1549 Il,
615 1483 663 1536 123
684 1481 745 1534 coll.
761 1481 808 1550 lV,
824 1483 873 1547 953
898 1479 967 1533 adde
985 1481 1036 1548 his,
1061 1499 1131 1551 quae
1151 1487 1261 1546 exstant

127 1567 190 1634 v‚,4
216 1567 328 1638 (ubios.
344 1573 413 1619 nott.
431 1565 491 1620 Vol.
509 1566 559 1618 lll.
577 1585 604 1636 p.
623 1571 648 1620 7.
667 1567 698 1633 8)
724 1566 759 1618 iis
778 1563 924 1630 simillime,
949 1583 1019 1635 quae
1044 1567 1156 1619 divinus
1183 1575 1259 1620 vates

125 1653 199 1705 currit
211 1654 238 1704 in
254 1651 415 1705 Ecclesiast.
431 1650 493 1716 Vll,
512 1654 524 1703 l
542 1652 632 1704 autin
648 1651 707 1703 lob.
722 1650 798 1724 XIV,
812 1654 825 1704 l
842 1657 870 1702 et
883 1649 968 1717 iunge
988 1651 1063 1705 bisce
1076 1650 1151 1718 locos
1175 1651 1197 1719 l,
1215 1655 1258 1706 31.

127 1737 186 1805 Vll,
208 1740 257 1805 463
284 1736 320 1788 nil
347 1735 459 1789 dubium
485 1754 567 1803 sane,
593 1735 660 1807 quin
687 1735 803 1788 animum
830 1733 1001 1787 immortalem
1027 1753 1089 1788 csse
1112 1735 1261 1789 crediderit

125 1822 236 1890 Noster,
262 1821 382 1892 indeque
407 1820 486 1874 etiam
513 1820 631 1874 melioris
653 1827 718 1890 post
742 1825 854 1874 mortem
877 1820 988 1872 futurae
1003 1819 1169 1874 conditionis
1184 1839 1259 1890 spem

125 1907 251 1960 habuerit
272 1906 463 1972 certissimam,
487 1914 517 1958 ut
536 1913 647 1958 mamm
668 1910 824 1975 exoptatum
852 1920 1031 1958 aerumnosae
1052 1905 1124 1958 vitae
1146 1906 1260 1958 duceret

125 1992 279 2062 perfugium
299 1991 421 2060 morique
443 1991 538 2043 melius
555 2008 617 2044 esse
639 1990 806 2043 existimaret
825 2005 904 2058 quarn
920 1988 1005 2040 nasci.
1042 1989 1083 2042 Ad
1099 2007 1179 2062 qnam
1195 2009 1258 2042 sen-

124 2077 234 2129 tentiaro
252 2083 351 2147 sponte
372 2075 489 2128 ducebat
509 2075 640 2128 hirmauae
657 2073 815 2142 fragilitatis
831 2073 1094 2143 etque-infirmitatis
1111 2075 1202 2142 notio,
1224 2075 1259 2128 dc

123 2179 177 2230 qua
194 2179 279 2231 supra
294 2161 426 2226 diximus3
441 2160 489 2231 qui
505 2159 576 2212 enim
593 2160 617 2212 si
634 2167 737 2230 peccat,
752 2173 866 2229 poenam
882 2175 995 2228 eamque
1011 2177 1122 2227 gravem
1143 2159 1195 2212 luit
1209 2177 1259 2212 neo

124 2246 187 2298 talis
203 2255 255 2312 est,
280 2245 327 2315 qui
345 2251 484 2314 peccatum
506 2244 610 2296 evitare
632 2261 778 2314 rerumque
798 2242 1033 2312 aequabilitatem,
1055 2261 1135 2314 quarn
1160 2261 1258 2296 severe

124 2337 218 2383 tuetur
238 2330 307 2382 deus
332 2329 447 2382 omnium
469 2328 568 2380 vindex
582 2337 667 2397 atque
683 2327 769 2394 ultor,
785 2343 897 2379 servare
916 2326 1017 2396 ubique
1032 2328 1136 2397 possit,
1153 2328 1178 2380 is
1195 2345 1258 2396 per·

125 2414 215 2485 petuis
233 2416 292 2467 lere
306 2414 333 2466 in
351 2414 400 2465 liae
413 2413 471 2466 vita
485 2413 603 2464 iactatus
618 2412 694 2464 malis
714 2421 796 2482 atque
811 2411 1019 2478 calamitatibus,
1037 2411 1171 2464 meliorem
1187 2412 1257 2464 illam

124 2507 225 2552 sortem
243 2516 298 2552 non
313 2505 406 2568 potest
419 2515 472 2550 ιιοιι
489 2497 661 2572 praedicare,
682 2496 710 2548 in
726 2513 781 2565 qua
797 2495 867 2548 vitae
885 2495 1010 2548 terrestis
1026 2495 1155 2548 fluctibus
1170 2515 1258 2549 exem·

124 2591 189 2654 ptus
198 2590 355 2654 perpetuam
366 2582 589 2653 tranquillitatem
600 2590 682 2652 atqpe
694 2579 848 2633 felicitatem
862 2597 893 2632 se
908 2580 1068 2648 adepturum
1079 2599 1141 2634 esse
1153 2589 1256 2650 sperat.

124 2669 156 2722 ln
173 2669 241 2721 banc
264 2686 330 2721 vero
353 2666 535 2720 tristissimam
559 2667 631 2720 vitae
652 2667 783 2718 bumauae
802 2664 995 2732 cogitationem
1012 2681 1105 2718 omnes
1124 2653 1256 2734 incidere,

124 2754 171 2824 qui
189 2753 364 2808 Christianae
380 2751 523 2820 religionis
539 2752 598 2806 luce
614 2758 732 2820 careant,
748 2750 879 2803 neminem
896 2749 978 2818 fugit.

153 2853 154 2858 ¹
206 2839 249 2890 Ex
264 2838 318 2891 ista
337 2843 428 2891 autem
442 2837 576 2890 Herodoti
596 2836 734 2890 sententia
754 2835 788 2888 de
811 2834 920 2888 numine
937 2835 1030 2888 divino
1046 2835 1162 2906 eiusque
1181 2836 1207 2888 vi
1226 2854 1257 2889 ac

124 2929 270 2994 potestate,
288 2923 322 2976 de
340 2923 400 2992 ipsa
415 2923 529 2974 hominis
544 2927 642 2974 natura
655 2920 771 2992 eiusque
787 2920 893 2972 ratione
908 2920 1016 2988 agendi,
1033 2919 1122 2990 qualis
1136 2921 1257 2974 adivina

122 3017 210 3061 niente
237 3007 263 3061 ei
289 3007 439 3062 constituta
464 3007 543 3077 quasi
569 3024 600 3060 ac
626 3005 797 3076 praescripta
823 3011 875 3070 est,
902 3004 973 3057 haud
1001 3005 1108 3058 scioan
1125 3005 1255 3076 explicari

123 3093 220 3162 possit,
240 3109 310 3162 quae
327 3091 469 3160 scriptoris
491 3091 576 3144 luerit
588 3091 726 3144 sententie
743 3095 775 3146 de
789 3093 864 3144 rebus
876 3091 998 3161 publicu,
1015 3091 1048 3142 de
1069 3107 1101 3142 aa
1116 3091 1255 3159 regiminis

122 3177 223 3244 forma,
244 3193 314 3246 quae
335 3177 408 3228 inter
430 3181 527 3244 gentes
548 3175 679 3227 constitui
703 3183 731 3228 et
754 3175 870 3244 reliquis
893 3165 1026 3244 praeferri
1047 3175 1154 3228 debeat.
1187 3175 1256 3228 Cum

123 3261 202 3326 enirn,
219 3277 399 3330 quaecunque
415 3259 535 3312 homines
553 3259 677 3326 affligere
692 3270 811 3330 possunt
827 3259 909 3326 mala,
927 3279 959 3313 ex
978 3277 1010 3312 ea
1025 3265 1191 3312 enascantur
1208 3277 1255 3313 su-

123 3345 227 3415 perbia,
253 3362 324 3414 quae
339 3345 440 3396 iustum
454 3344 574 3410 modum,
600 3361 655 3413 quo
682 3345 801 3414 quisque
826 3350 967 3397 setenere
991 3344 1104 3411 debeat,
1130 3344 1255 3413 lineaque

123 3424 282 3482 mortalibus
300 3428 406 3498 positos
422 3427 556 3481 excedens
572 3428 606 3479 ad
628 3427 713 3480 divini
736 3428 855 3480 numinis
870 3428 924 3481 vim
941 3446 971 3481 se
992 3428 1122 3482 extollere
1143 3429 1254 3496 gestiat,

123 3514 189 3567 nibil
202 3513 331 3566 historiae
347 3518 425 3583 pater
435 3512 520 3580 magis
532 3529 642 3565 exosum
658 3513 739 3566 habet
753 3529 831 3582 quum
848 3513 1028 3581 tyrannidem,
1045 3531 1095 3566 nec
1110 3513 1253 3582 quisquam

121 3599 273 3652 mortalium
299 3598 384 3666 magis
411 3598 520 3650 videtur
542 3594 718 3649 exsecrabilis
743 3613 822 3666 quam
838 3602 988 3663 tyrannus,
1015 3597 1042 3648 in
1065 3596 1145 3648 cuius
1165 3597 1253 3649 animo

122 3685 189 3738 haec
203 3685 261 3738 sive
279 3683 408 3754 superbia
423 3683 483 3735 sive
495 3680 642 3734 insolentia
657 3681 781 3734 insidens
797 3681 866 3733 altas
882 3681 971 3748 egerit
984 3681 1104 3734 radices:
1122 3687 1151 3734 tu
1170 3684 1253 3748 cont,

122 3789 156 3824 ne
171 3769 260 3840 plura,
280 3769 358 3822 modo
375 3768 406 3834 V,
427 3771 461 3823 uu
484 3767 576 3836 ibique
597 3771 665 3820 nott.
683 3765 743 3818 Vol.
759 3765 810 3818 lll.
833 3784 860 3835 p.
880 3766 1170 3833 116.V11,156.164.
1198 3765 1252 3820 Sed

188 3983 212 4050 ²⁸)
231 3979 313 4049 τέρας
326 3997 375 4049 σφι
389 3975 483 4050 ἐφάνη
496 3975 582 4048 μέγα,
602 3973 633 4032 cd
645 3976 755 4048 Ξέρξης
768 3972 799 4032 ἐν
811 3973 909 4032 oddavl
922 3977 995 4046 λόγῳ
1008 3972 1160 4046 ἐποιήσατο
1175 3981 1238 4032 καί
1242 4011 1252 4022 -

121 4067 184 4113 περ
212 4043 452 4118 εὐσύμβλητον
478 4041 544 4103 ltin.
584 4051 621 4101 Et
642 4051 714 4101 conl.
737 4051 820 4100 etiam
840 4049 928 4100 locum
950 4048 1031 4115 paulo
1053 4055 1117 4100 ante
1138 4049 1252 4101 allatum

122 4122 174 4184 VI,
187 4121 235 4252 gl).
246 4201 315 4254 zpqu
337 4189 394 4238 oica
412 4180 444 4237 di
461 4177 513 4237 oda
532 4179 585 4251 ἔχω
597 4175 768 4251 α’ντιλέγειν,
787 4176 824 4244 ὥς
837 4175 888 4235 ουίι
902 4178 957 4235 elul
968 4173 1093 4263 alladius
1105 4176 1140 4236 ori
1149 4178 1249 4266 βουλό-

312 4203 362 4315 llorc
379 4248 513 4320 λέγοντας
529 4251 686 4318 πειρᾶσθαι
703 4245 907 4318 καταβάλλειν,
933 4243 961 4311 ἐς
981 4251 1079 4304 rosade
1097 4269 1249 4332 rrpqyporcor

122 4316 270 4388 ἐσβλέψας.
283 4349 315 4359 -
330 4315 375 4382 Ἐς
387 4321 504 4374 τοιαῦτα
516 4314 569 4386 μὲν
586 4316 635 4372 καλ
647 4310 720 4372 οὕτω
733 4311 870 4399 dvopyquc
883 4314 1120 4399 ldpoqrrulidmtla
1139 4321 1249 4372 αντιλο-

121 4389 329 4490 plqopoqoppiv
340 4385 404 4454 πέρι
417 4382 481 4441 orire
494 4383 578 4471 opicis
595 4383 687 4454 λέγειν
700 4383 805 4454 τολμέω
821 4403 886 4440 oure
899 4405 959 4452 noro
981 4389 1074 4440 αλλων
1086 4380 1248 4456 ἐνδέκομαι.

203 4455 243 4523 n)
261 4457 322 4510 vid.
334 4459 371 4522 11,
384 4457 425 4509 51.
442 4457 489 4510 170
502 4459 567 4524 rbrq.
579 4463 648 4509 nott.
662 4457 699 4522 11,
714 4457 759 4508 171
774 4457 836 4508 coll.
850 4455 874 4508 3.
887 4457 930 4508 45.
942 4455 984 4507 ld.
997 4455 1039 4508 65.
