3074 4960
513 477 718 538 URANIA.
741 478 831 536 VIII.
853 487 984 542 94-96.
1236 482 1294 542 141

161 645 376 737 ἐπεμνήσθην
400 643 444 728 ὥς
468 644 589 738 άνδρός
607 644 760 738 άρίστου,
784 637 880 728 οὗτος
906 651 942 717 έν
965 651 1013 741 τῷ
1034 645 1172 740 θορύβῳ
1190 646 1295 740 τούτῳ

160 753 207 842 τῷ
223 751 298 839 περὶ
318 759 493 839 Σαλαμῖνα
510 751 673 842 γινομένῳ
691 747 770 818 τάδε
788 752 910 818 ἐποίεε·
935 745 1137 838 παραλαβών
1154 746 1296 830 πολλοὺς

159 854 227 920 τω”ν
244 845 422 939 ὁπλιτέων,
446 859 481 920 οἳ
496 848 741 942 παρατετάχατο
765 847 854 940 παρά
870 847 932 938 τὴν
948 845 1052 938 άιιτὴν
1075 853 1132 938 τῆς
1151 859 1296 940 Σαλαμι·

158 959 233 1040 νίης
250 949 375 1042 χώρης,
394 955 489 1040 γένος
507 950 615 1033 ἐόντες
629 948 817 1040 Ἀθηναῖοι,
837 955 869 1032 ἐς
886 948 947 1040 τὴν
968 949 1177 1022 Ψυττάλειαν
1193 955 1298 1040 νῆσον

159 1048 305 1140 άπέβησε
323 1051 430 1142 άγωυ,
449 1061 484 1124 οἳ
498 1050 575 1135 τούς
593 1057 725 1143 Πέρσας
743 1050 820 1134 τούς
838 1056 875 1124 ε’ν
891 1055 934 1142 τῇ
949 1059 1061 1142 νησίὸι
1080 1050 1186 1143 ταύτῃ
1205 1081 1296 1122 κατε,

160 1152 332 1242 φόνευσαν
350 1153 486 1236 πάντας.

232 1249 287 1336 Ὡς
311 1257 348 1325 δὲ
372 1251 392 1344 ἡ
417 1263 583 1346 ναυμαχίη
608 1258 793 1346 διελέλυτο,
819 1253 1070 1346 κατειρύσαντες
1088 1260 1121 1337 ἐς
1143 1252 1205 1344 τὴν
1227 1267 1342 1330 Σα·96

160 1364 281 1444 λαμῑνα
304 1362 339 1426 oi
350 1353 507 1446 Ἕλληνες
530 1361 597 1427 τοῖν
623 1365 811 1446 ναυηγίων,
848 1353 910 1426 ὅσα
936 1355 1039 1447 ταάτη
1068 1355 1226 1446 ἐτύγχανε
1249 1364 1296 1427 ἔτι

161 1455 273 1546 ἐόντα,
294 1460 416 1548 έτοῑμοι
435 1447 520 1547 ἦσαν
540 1461 572 1539 ἐς
590 1455 694 1546 άλλην
712 1466 916 1548 ναυμαχίην,
943 1462 1125 1542 ἐλπίζοντες
1143 1461 1218 1548 τῇσι
1241 1485 1296 1528 πε-

160 1556 330 1648 ριεοάσησι
353 1561 453 1648 νηυσὶ
477 1567 524 1628 ἔτι
547 1557 730 1649 χρήσεσθαι
764 1563 908 1646 βασιλέα.
962 1562 1030 1630 τῶν
1066 1561 1102 1629 δέ
1125 1567 1297 1648 ναυηγίων

160 1657 265 1729 πολλά
285 1655 466 1749 ὑπολαβών
489 1657 608 1750 άνεμος
632 1663 771 1752 ζέφυρος
800 1667 899 1751 ἔφερε
917 1664 974 1749 τῆς
996 1657 1141 1750 Ἀττικῆς
1160 1663 1213 1730 ἐπὶ
1236 1657 1298 1749 τὴν

159 1756 257 1850 ἠιόνα
280 1758 342 1850 την
366 1764 568 1852 καλεομένην
591 1760 766 1851 Κωλιάδα,
798 1758 882 1832 ὥστε
906 1759 1094 1851 άποπλῆσαι
1128 1759 1187 1833 τὸν
1221 1790 1298 1852 χρη-

160 1931 250 1975 mento
274 1925 347 1976 conl.
372 1927 490 1976 Pausan.
514 1927 541 1990 1,
564 1926 605 1977 36.
630 1930 653 1989 ξ.
676 1929 701 1976 2.
754 1931 829 1982 aaut.
847 1942 868 1976 a.
887 1943 913 1978 v.
932 1943 957 2012 p.
975 1927 1037 1989 407,
1058 1929 1104 1993 qui
1122 1927 1219 1977 habet:
1239 1928 1298 1977 Κω-

160 1993 232 2043 Plut.
243 1993 353 2043 Aristid.
364 2009 424 2072 cap.
434 1993 458 2044 u.
468 2009 533 2058 pag.
543 1993 641 2056 323l'.,
654 1996 703 2044 ubi
754 1985 829 2052 λιάς·
842 1983 918 2058 dispe
927 2010 990 2062 ητοι
997 1993 1126 2074 Φαληροῖ
1133 1984 1214 2060 αἰιτή,
1225 1983 1299 2045 ὅπου

159 2053 227 2118 τούς
235 2060 474 2124 προθυμοτάτους
484 2058 533 2110 καλ
543 2056 703 2138 μαχιμωτά-
754 2058 804 2111 καλ
815 2053 964 2128 Ἀφροδίτη
978 2062 1090 2120 licoisas
1102 2079 1127 2112 ιι.
1141 2079 1165 2112 τ.
1179 2063 1202 2112 λ.
1233 2064 1298 2112 Pro·

159 2143 226 2186 τους
238 2127 293 2177 τῶν
305 2125 427 2177 noscas
444 2129 524 2193 (quod
539 2131 568 2178 in
581 2129 703 2179 οπλιτῶν
754 2131 917 2180 montorium
929 2131 995 2190 hoe,
1015 2131 1085 2193 quod
1097 2131 1198 2195 viginti
1212 2130 1298 2179 ferme

160 2196 260 2244 mutari
283 2195 371 2244 voluit
395 2197 532 2258 Brynnus‚
559 2197 592 2246 ad
617 2197 702 2246 Hero·
754 2197 852 2246 stadiis
869 2213 885 2246 a
904 2196 1021 2246 Phalero
1038 2199 1125 2246 distat
1142 2196 1297 2262 temploque

160 2263 242 2312 dotca
262 2255 384 2320 πολλοὺς
406 2261 462 2312 τοῖν
478 2255 601 2313 ὁπλιτῶν
617 2265 702 2329 reapi-
754 2263 870 2313 Veneria
880 2262 1003 2314 Goliadis
1013 2270 1137 2314 ornatum
1151 2264 1212 2326 luit,
1226 2279 1298 2312 nunc

161 2330 248 2390 ciens)
267 2331 446 2394 assumpsisse
460 2331 566 2381 dicitur.
603 2331 704 2381 APer-
759 2331 897 2395 Triapprpt
919 2331 1005 2395 (τρεῖς
1027 2325 1142 2395 πύργοι)
1168 2336 1297 2392 vocatur;

160 2399 198 2446 sis
221 2397 289 2462 ipsis
313 2397 411 2448 multos
434 2399 509 2448 viros
533 2399 561 2448 iu
586 2399 704 2448 insulam
754 2398 809 2448 vid.
835 2398 944 2447 Leuke:
975 2399 1028 2447 Die
1053 2400 1159 2447 Demen
1182 2397 1298 2447 Attica’s

159 2464 309 2514 translatos
327 2480 387 2514 esse
404 2465 464 2530 ipae
479 2467 569 2531 prodit
581 2467 705 2516 Herodo-
755 2481 819 2530 pag.
832 2465 865 2514 45
878 2471 906 2513 et
918 2466 1020 2514 Kruse:
1035 2465 1131 2515 Hellas
1144 2467 1180 2526 11,
1197 2465 1217 2513 1.
1232 2481 1296 2530 pag.

159 2538 204 2582 tus
221 2532 300 2593 VIII,
320 2531 365 2581 76:
390 2547 456 2598 quos
473 2534 624 2583 trucidatos
641 2549 704 2584 con·
754 2532 814 2582 215.
856 2531 936 2582 Coui.
959 2533 1044 2582 etiam
1067 2533 1148 2582 Roas:
1178 2533 1299 2582 Wunde-

160 2599 284 2664 queritur
300 2600 386 2650 Persa
404 2601 475 2664 apud
493 2600 658 2666 Aeschylum
675 2603 704 2650 in
755 2616 851 2666 ruugg.
868 2601 897 2649 in
907 2599 1111 2650 Griechenlsud
1123 2601 1159 2650 11.
1178 2616 1243 2665 pag.
1256 2599 1298 2650 67.

159 2667 250 2717 Perse.
261 2667 310 2716 454
322 2682 380 2732 εοη.
390 2667 491 2718 Bloml.
509 2669 546 2718 Et
556 2675 652 2719 auctor
662 2674 705 2718 est
757 2668 805 2718 Cr.
817 2668 937 2718 coulerri
955 2683 1061 2733 quoquc
1078 2667 1138 2718 vult
1150 2667 1254 2718 Stuart.
1271 2672 1299 2717 et

159 2733 324 2784 Plutarchus
342 2734 406 2797 (Vit.
424 2735 536 2786 Aristid.
554 2735 571 2784 9
589 2742 617 2786 et
633 2737 704 2786 The·
755 2736 864 2786 Revett.
875 2736 986 2802 Antiqq.
996 2735 1094 2785 Athen.
1110 2735 1136 2798 (e
1149 2735 1299 2786 vernacula

159 2801 276 2852 mistocl.
292 2800 322 2852 13
334 2801 400 2864 lin),
418 2803 532 2866 Persas,
548 2819 615 2869 quoa
628 2806 705 2854 vivos
755 2819 825 2853 vars.
837 2803 1070 2867 Darmstadicnsi)
1081 2805 1103 2854 Ι.
1113 2820 1139 2869 p.
1153 2801 1200 2852 llil
1212 2809 1240 2854 et
1251 2819 1298 2869 po·

161 2870 266 2934 ceperit
278 2869 429 2932 Aristides,
445 2871 479 2920 ad
490 2870 704 2922 Themistoclem
754 2871 887 2920 tissimum
900 2887 925 2936 p.
942 2870 997 2922 137.

160 2937 702 3056 ulturustttttlttlss‘dfftl·
754 2927 1146 3072 nitidddddiidii.
1159 2933 1296 3072 ‘rutil

160 3071 279 3122 molarit.
315 3072 444 3121 Aristidis
462 3073 571 3124 lacinus
584 3045 702 3124 elddem·
754 3073 858 3140 pietur,
873 3081 903 3123 ut
915 3075 940 3134 1,
953 3073 986 3125 43
999 3065 1136 3140 ἐκπλῆσαι
1143 3044 1154 3130 ,’
1170 3075 1233 3125 coll.
1247 3075 1297 3136 111,

161 3155 213 3204 que
226 3140 369 3189 Persarum
383 3140 477 3205 attigit
490 3156 595 3207 quoque
609 3142 700 3192 Schol.
756 3141 812 3190 142.
826 3143 851 3203 1,
869 3141 923 3191 199.
936 3140 978 3192 91.
990 3143 1042 3202 IV,
1059 3139 1114 3192 117.
1133 3133 1299 3208 ἀναπλῆσαι

160 3207 270 3256 Aristid.
284 3223 311 3272 p.
324 3205 357 3256 64
370 3208 516 3258 Frommel.
753 3210 791 3270 V,
809 3210 834 3257 4.
854 3209 904 3268 VI,
924 3208 964 3258 12.
1006 3209 1111 3270 Quibus
1128 3210 1198 3260 locis
1214 3211 1299 3260 verbo

754 3275 899 3326 transitivo
916 3277 1105 3326 accusativum
1123 3277 1245 3326 additum
1259 3278 1299 3327 vi-

425 3373 522 3428 eo·
755 3343 1300 3475 σουαοσυαιιυιοιῑ

194 3472 421 3542 κατειρύσαντες]
446 3478 463 3528 i.
483 3495 506 3527 e.
525 3495 579 3528 cum
594 3481 631 3528 ud
645 3483 704 3529 litua
751 3479 844 3542 stilles,
868 3481 893 3526 in
910 3477 1047 3542 Ersrillunp
1061 3476 1153 3541 peden)
1174 3477 1299 3542 plerique
1376 3509 1378 3512 <

160 3560 181 3594 s.
200 3551 295 3594 terram
316 3546 500 3598 ἀείνανλιεειιι,
540 3545 572 3594 Iu
589 3546 703 3597 Flcrcu-
755 3561 898 3610 accepere.
933 3546 969 3594 At
981 3545 1175 3594 Buttmannum
1191 3544 1236 3594 Gr.
1251 3545 1298 3594 Gr.

161 3613 219 3661 tino
230 3612 300 3662 mala
311 3609 638 3678 legitursurrpriouvrsc‚
648 3615 702 3664 vid.
754 3614 789 3662 11.
802 3630 828 3678 p.
841 3612 891 3661 215
903 3616 959 3661 not.
973 3611 1088 3662 offendit
1101 3613 1219 3662 aoristus
1231 3628 1297 3662 neu-

160 3679 276 3730 Bredov.
291 3695 353 3746 pag.
368 3680 462 3730 Ι47.-
474 3681 515 3730 Ad
527 3682 704 3748 participium
755 3680 820 3730 trali
839 3680 978 3730 adhibitus
996 3695 1091 3738 sensu,
1110 3695 1170 3730 cram
1187 3680 1298 3730 difficil-

158 3737 312 3813 άπολαβάν
332 3747 386 3798 vid.
408 3753 475 3798 nott.
500 3749 535 3798 ad
557 3750 621 3812 Vll,
646 3749 702 3800 170.
754 3749 847 3798 limum
864 3747 900 3797 sit
918 3747 1022 3813 aliquid
1040 3747 1167 3814 supplere
1186 3749 1220 3799 ad
1235 3765 1299 3798 eoru-

161 3815 240 3876 Quod
263 3815 387 3880 sequitur
409 3807 437 3877 d,
463 3815 553 3867 delevi
578 3833 639 3867 eum
662 3833 703 3868 re·
751 3818 841 3882 pleadi
852 3817 998 3876 notionem,
1012 3815 1129 3882 indeque
1142 3822 1298 3882 suspectam

162 3886 246 3932 centt.
270 3883 331 3932 edd.
354 3883 469 3948 plurium
495 3884 572 3934 codd.
598 3901 631 3934 ex
656 3901 703 3935 au·
754 3885 840 3934 habet
863 3883 1025 3946 lectionem,
1055 3899 1203 3950 quaerens,
1235 3901 1298 3934 num
1327 3929 1330 3936 .

161 3949 299 4000 ctoritate.
319 3977 349 3987 —
367 3951 467 4001 Vocem
484 3943 590 4018 άνεμος
608 3952 703 4003 codem
756 3953 873 4002 coriatus
894 3950 1039 4018 πλῆσθαι,
1065 3953 1111 4016 qui
1136 3952 1171 4002 ad
1192 3954 1299 4002 Atticos

160 4017 239 4067 modo
256 4017 302 4067 hic
321 4018 474 4068 invenimus
492 4019 626 4082 additam,
652 4036 703 4085 quo
755 4020 912 4086 plerumque
925 4021 1072 4085 pertineat,
1087 4020 1121 4069 ad
1135 4021 1229 4070 Ionum
1243 4037 1298 4070 sor-

161 4085 200 4134 lv
226 4084 272 4148 22,
285 4085 333 4134 ubi
346 4086 418 4135 conf.
431 4091 498 4136 nott.
756 4104 861 4137 monem
874 4103 980 4153 quoque
993 4087 1165 4152 pertinuerit.
1195 4089 1246 4138 Cui
1259 4089 1299 4137 itn

195 4122 242 4202 dat
265 4145 319 4218 τήν
341 4142 428 4218 η’λόνα
451 4148 505 4219 τὴν
528 4147 705 4221 καλεομένην
756 4155 911 4220 obloquitur
923 4155 1020 4205 ltlatth.
1035 4155 1080 4205 Gr.
1096 4155 1141 4204 Gr.
1155 4171 1181 4220 p.
1191 4154 1254 4216 535,
1269 4161 1299 4204 ut

161 4213 307 4284 Κωλιάδα]
326 4221 429 4270 Eadem
448 4222 534 4271 tradit
549 4223 667 4272 Pausan.
681 4225 703 4286 Ι,
756 4239 786 4272 sc
800 4222 956 4288 intelligere
969 4239 1049 4287 posse
1062 4228 1158 4287 neget,
1173 4237 1221 4270 cnr
1234 4238 1298 4270 nou-

164 4287 185 4336 l.
199 4287 251 4346 §.4
270 4288 332 4340 coll.
346 4289 438 4338 Strab.
458 4290 504 4338 IX.
523 4305 548 4354 p.
562 4287 620 4340 398.
639 4307 703 4354 pag.
755 4289 821 4339 trali
834 4305 915 4340 seusu
929 4289 995 4339 illud
1010 4291 1101 4354 accipi
1114 4289 1223 4346 debant,
1238 4304 1298 4338 cum

160 4353 208 4402 611
220 4355 266 4416 A..
289 4357 336 4404 ubi
359 4363 473 4406 vocatur
489 4347 564 4420 άιιρα
583 4353 703 4414 Κωλιάς.
756 4357 841 4406 facilc
852 4374 866 4406 e
870 4359 1048 4434 praegressis
1060 4356 1222 4416 subiectum,
1237 4371 1262 4404 v.
1275 4371 1297 4404 c.

160 4421 228 4474 Add.
248 4423 412 4488 Harpocrat.
432 4441 453 4474 s.
467 4440 491 4474 r.
506 4423 637 4490 Stephon.
650 4425 703 4489 By·
756 4417 790 4473 τά
804 4439 928 4489 ναυηγια
941 4416 975 4472 τά
990 4415 1035 4472 lut
1049 4415 1102 4488 τὴν
1114 4415 1199 4487 η’ϊάνα
1213 4419 1284 4486 ‹pw'
