3066 4964
215 425 277 488 378
650 422 917 484 HERODOTI

146 589 400 684 113άποπέμπει
419 596 735 683 διαλελυμασμένην.
760 589 794 664 ‘0
818 595 855 664 δὲ
879 603 1053 683 Μασίστης
1076 590 1180 666 οὐδέν
1202 623 1249 666 κω
1273 592 1352 684 άκη-

213 693 297 777 κοεδς
314 694 459 783 τούτων,
485 694 662 785 ἐλπόμενος
681 697 721 765 δέ
735 703 771 765 τί
784 700 820 766 ol
834 693 938 767 κακδν
955 696 1053 785 εἶναι,
1073 699 1220 766 ἐσπίπτει
1240 696 1352 792 δρόμῳ

214 801 247 880 ἐς
265 795 305 868 τά
321 804 419 868 οίκία.
450 794 534 868 ίδων
552 799 588 867 δὲ
609 799 861 888 διεφθαρμένην
877 790 940 886 τήν
955 814 1114 886 γυναῖκα,
1134 794 1255 868 αὐτίκα
1271 797 1353 888 μετά

212 903 316 972 ταῦτα
339 896 672 988 συμβουλευσάμενος
695 915 780 969 τοῖσι
810 902 920 987 παισὶ,
953 897 1127 990 ἐπορεύετο
1158 903 1190 982 ές
1219 898 1353 988 Βάκτρα

212 1000 277 1073 σάν
294 1029 330 1071 τε
353 1017 437 1071 τοῖσι
462 1003 592 1070 ἑωυτοῦ
612 1004 715 1070 υίοῑσι
739 1003 794 1070 καί
820 999 861 1088 δή
884 1000 946 1070 κου’
968 1024 1033 1072 τισι
1057 1003 1112 1070 καὶ
1135 998 1279 1090 άλλοισι,
1307 997 1352 1083 ὥς

211 1099 410 1190 ἀποστήσων
435 1099 539 1192 νομδν
561 1099 620 1172 τὸν
642 1100 806 1194 Βάκτριον
830 1104 885 1172 καὶ
908 1100 1056 1190 ποιήσων
1078 1100 1118 1171 τά
1141 1105 1278 1191 μέγιστα
1295 1131 1351 1174 κσ-

213 1209 282 1274 urdo
305 1205 457 1292 βασιλέα·
480 1201 520 1273 τά
537 1229 600 1292 περ
617 1197 660 1274 ἂν
677 1207 732 1273 καὶ
752 1206 896 1292 ἐγένετο,
922 1199 966 1284 aig
992 1207 1061 1293 ἐμοὶ
1086 1205 1231 1293 δοκέειν,
1258 1215 1353 1294 είπερ

213 1313 302 1395 ἔφθη
313 1301 440 1394 άναβάς
453 1308 485 1386 ές
503 1302 579 1386 τούς
592 1311 776 1396 Βακτρίους
794 1307 848 1375 καλ
861 1301 937 1385 τούς
950 1304 1077 1386 Σάκας·
1097 1307 1152 1376 καὶ
1167 1302 1230 1396 γάρ
1242 1312 1352 1394 ἔστερ-

211 1407 273 1497 γόν
297 1435 332 1478 τε
356 1437 414 1496 μιν
438 1409 498 1476 καί
517 1398 559 1494 ήυ
576 1403 723 1496 ὕπαρχος
740 1409 808 1477 των
826 1413 1008 1497 Βακτρίων.
1039 1403 1123 1476 άλλά
1145 1403 1208 1496 γάρ
1230 1409 1353 1496 Ξέρξης

212 1506 403 1598 πυθόμενος
421 1511 526 1578 ταῦτα
544 1511 672 1578 ἐκεῖνον
690 1505 896 1598 πρήσσοντα,
920 1510 1049 1596 πέμψας
1069 1503 1116 1576 ἐπ’
1136 1503 1238 1578 αὐτὸν
1255 1529 1352 1596 στρα-

212 1608 302 1698 τιήν,
329 1612 365 1679 ἐν
387 1612 430 1699 τῇ
445 1605 515 1702 ὁδῷ
532 1611 718 1680 κατέκτεινε
736 1605 839 1680 αὐτόν
861 1636 898 1678 τε
917 1611 1046 1679 ἐκεῖνον
1063 1611 1119 1678 καὶ
1136 1607 1214 1690 τούς
1231 1615 1353 1690 παῖδας

212 1707 323 1781 αὐτοῦ
335 1713 390 1780 καὶ
407 1707 469 1799 τήν
486 1707 644 1800 στρατιήν
661 1708 722 1798 τήν
735 1699 880 1781 ’ἐκείνου
916 1706 1009 1780 Κατά
1025 1711 1088 1800 μὲν
1102 1706 1161 1780 τδυ
1174 1717 1280 1802 ἔρωτα
1295 1707 1354 1781 τδν

138 1827 142 1836 ’
212 1814 341 1903 Ξέρξεω
359 1808 489 1882 καὶτὸν
507 1818 687 1881 Μασίστεω
705 1810 854 1882 θάνατον
870 1815 1016 1882 τοσαῦτα
1035 1811 1172 1900 ἐγένετο.

213 2003 279 2069 roric
297 2025 326 2061 τε
344 2003 451 2076 μαζούς
468 2002 656 2075 α’ποταμοῦσα
675 2012 703 2060 in
720 2013 757 2061 si·
808 2024 910 2072 κτεινε,
923 2009 1145 2062 ubiilchselerus
1158 2010 1273 2061 dederat
1285 2026 1351 2061 κοιτ-

212 2079 270 2130 mili
283 2095 311 2128 re
325 2083 435 2128 exstant
446 2079 492 2141 IV,
504 2077 560 2127 102.
585 2078 626 2128 Ad
638 2079 757 2144 perfecti
809 2072 943 2130 ἔκτεινεν.

212 2147 318 2213 passivi
348 2145 462 2195 sormam
492 2140 757 2210 διαλελυμασμένην
842 2141 895 2212 τήν
912 2139 1048 2212 στρατιήν
1063 2138 1117 2212 τήν
1135 2137 1263 2210 ἐκείνου]
1283 2145 1351 2206 „Su-

212 2215 267 2266 vid,
279 2213 395 2266 Bredov.
409 2230 472 2279 pag.
483 2212 534 2264 360
546 2214 639 2278 ibique
652 2213 757 2265 similes
808 2215 900 2280 spicer
912 2230 1009 2264 vocem
1021 2207 1157 2278 στρατιήν
1174 2230 1206 2264 er
1220 2214 1351 2278 proximis

213 2283 315 2332 formas
340 2298 374 2331 ex
397 2281 536 2332 Herodoto
561 2281 673 2332 allatas.
713 2283 756 2332 De
808 2281 997 2332 inhaerentem
1026 2281 1175 2332 memoriae
1204 2281 1352 2332 scribentis

205 2345 272 2416 'ipso
284 2349 368 2400 verbo
382 2347 626 2414 διαλυμαίνεσδαι
645 2350 756 2414 eiusque
809 2349 924 2400 alterius
937 2348 1083 2400 vicomalo
1098 2349 1183 2398 inisse
1197 2349 1351 2414 repetitam.

213 2423 350 2467 structura
364 2417 401 2466 ol.
414 2419 531 2482 strange
545 2417 585 2466 in:
604 2417 720 2467 Jahrbb.
735 2417 754 2466 f.
808 2417 862 2478 Qui
875 2417 952 2467 Susis
970 2417 1080 2466 abierat
1098 2432 1158 2466 cum
1175 2416 1283 2478 liberis,
1303 2411 1353 2466 καὶ

213 2485 349 2550 Philolog.
364 2485 458 2550 Suppl.
472 2485 520 2534 111.
534 2500 597 2550 pag.
612 2484 670 2534 587.
809 2477 847 2550 δή
870 2499 923 2534 κου
946 2479 1002 2534 τισλ
1024 2479 1073 2534 καί
1096 2473 1220 2546 ἄλλοισι,
1252 2484 1352 2548 quique

808 2552 923 2603 necdum
940 2557 1105 2617 pervenerat
1126 2551 1161 2601 ad
1178 2567 1256 2601 arram
1273 2567 1352 2617 prae·

479 2651 576 2702 ου
809 2618 1353 2737 felleus„sternuente

248 2746 413 2819 ἐλπόμενος]
425 2756 443 2804 i.
459 2770 481 2804 e.
495 2757 628 2817 suspicans
640 2754 757 2819 indeque
809 2704 957 2808 Exercitus.
976 2753 1063 2806 Multo
1076 2753 1142 2804 mihi
1155 2754 1295 2804 videretur
1307 2770 1353 2804 ac-

213 2830 333 2874 metuens.
358 2821 418 2871 Vid.
432 2821 479 2883 Vl,
496 2819 543 2871 109
556 2821 647 2887 ibique
661 2821 756 2880 allata,
811 2822 1022 2884 commodatius,
1046 2823 1071 2872 si
1088 2837 1105 2872 e
1122 2823 1213 2872 Xerxe
1231 2821 1307 2871 missi
1324 2822 1353 2871 iu

208 2890 289 2948 .vl11,
303 2889 344 2942 55.
809 2891 857 2940 via
869 2891 1025 2940 dicerentur
1037 2889 1211 2942 interfecisse
1225 2877 1353 2939 ariadne

246 2947 285 3014 aie
308 2945 477 3019 άποστήσων
501 2949 590 3020 νομδν
613 2948 665 3006 τάν
686 2951 757 3007 Βάκ·
810 2949 923 3008 ἐκεῖνον
932 2953 981 3008 καλ
991 2950 1057 3014 τούς
1069 2955 1179 3016 παῖδας
1191 2946 1290 3020 αὐτοῦ,
1303 2953 1353 3006 καί

214 3021 310 3088 rocoa]
331 3023 349 3072 i.
370 3039 393 3072 e.
411 3029 437 3072 ut
455 3023 587 3072 Bactriani
602 3025 758 3088 provinciam
809 3019 863 3090 τήν
893 3021 1061 3091 θεραπηίην
1090 3018 1142 3090 τήν
1171 3017 1299 3084 ἐκείνου,
1328 3023 1354 3074 si

212 3093 249 3142 ad
260 3091 426 3154 desectionem
436 3091 594 3141 sollicitaret.
606 3091 758 3143 Bactriana
809 3093 860 3143 hoc
883 3092 993 3143 aliunde
1010 3092 1146 3142 firmatum
1167 3091 1353 3157 acciperem.“

213 3159 391 3225 praefectura
408 3161 574 3208 memoretur
586 3159 635 3220 111,
651 3158 684 3210 92
697 3158 758 3223 (ubi
814 3159 1005 3212 Valckenar.
1056 3160 1186 3210 Lectioni
1221 3158 1353 3223 vulgatae

214 3227 270 3278 vid.
278 3225 367 3288 nott),
383 3241 463 3291 quam
476 3241 558 3278 unam
569 3243 583 3276 e
594 3227 721 3278 maximis
732 3233 760 3280 et
810 3227 883 3278 haud
895 3229 954 3278 scio
967 3243 1003 3278 sn
1015 3228 1056 3278 ita
1068 3227 1308 3292 patrocinandum,
1324 3231 1354 3275 ut

215 3293 391 3360 amplissimis
404 3295 488 3344 tetius
505 3295 564 3344 sere
578 3295 655 3360 regni
673 3296 759 3347 luisse
811 3297 918 3360 inipso
934 3296 981 3346 via
998 3295 1032 3345 de
1050 3295 1207 3345 delectione
1226 3294 1354 3359 cogitans

214 3363 287 3412 baud
299 3377 387 3427 penes
397 3366 541 3412 testantur.
555 3362 633 3413 Unde
644 3364 756 3426 iactum,
809 3364 939 3414 Masistes
963 3363 1058 3428 copies
1082 3362 1241 3427 collegerit,
1266 3360 1315 3411 sed
1337 3377 1354 3411 a

215 3435 245 3480 ut
258 3429 407 3480 adiuvante
422 3429 480 3494 ipso
489 3430 649 3495 provinciae
663 3431 718 3481 situ
731 3435 759 3482 et
809 3431 909 3481 Xerxis
926 3431 1048 3480 exercitu
1061 3445 1208 3495 oppressus
1225 3431 1280 3478 und
1292 3444 1354 3478 cum

215 3498 319 3548 ambitu
337 3497 376 3547 ibi
389 3497 511 3547 erebrius
530 3499 699 3548 exorirentur
717 3515 759 3548 se·
810 3499 897 3564 copiis
916 3497 1061 3548 interierit.
1092 3497 1164 3559 Quin
1187 3496 1248 3562 ipsa
1264 3496 1353 3560 suspi—

214 3566 333 3616 ditiones
343 3565 472 3630 bellaque
482 3565 684 3630 praefectorum
698 3581 758 3616 curn
810 3566 854 3616 cio
877 3565 943 3615 mibi
966 3569 1027 3616 orta
1051 3569 1106 3625 eet,
1132 3564 1218 3616 verba
1235 3557 1355 3629 καλιήν

215 3633 332 3750 {pgilblus¹
346 3635 501 3751 Persarprlrp.
529 3632 617 3750 t(loni.
638 3634 758 3752 Ηροόρυ.
809 3623 1009 3749 σμραμιήνμήῖ
1022 3623 1135 3712 έκείνου
1149 3647 1163 3711 ⁰.
1176 3631 1270 3697 glossa
1282 3645 1355 3680 mar·

216 3737 285 3817 „rim
298 3717 456 3832 irritu,
469 3717 526 3819 ef
557 3715 662 3765 (ΨΜ
730 3717 745 3751 ⁶
809 3715 1355 3832 statutt?‘saltitem

248 3824 287 3891 oie
304 3825 367 3896 ἐμοὶ
403 3829 497 3885 οκέειν
525 3837 569 3884 Its
586 3835 682 3901 optimi
700 3836 758 3900 qui·
810 3833 979 3886 -τοσυέτα
992 3827 1113 3899 ἐγένετο]
1126 3834 1178 3885 His
1189 3833 1282 3884 verbis
1294 3831 1354 3882 fini·

217 3915 268 3965 que
283 3900 361 3952 codd.
374 3917 423 3966 pro
436 3900 539 3953 δοκεει.
564 3903 626 3955 Vid.
639 3903 686 3963 IV,
702 3901 758 3954 168.
810 3907 854 3952 tur
866 3903 1001 3968 digressio
1020 3901 1083 3952 inde
1102 3916 1193 3966 neap.
1211 3899 1258 3950 108
1275 3901 1354 3950 insti·

215 3968 257 4018 Ad
278 3971 443 4017 structuram
465 3963 546 4033 ἔφθη
568 3961 680 4036 α’ναβάς
702 3970 757 4020 vid.
809 3976 871 4021 tuta
889 3969 1140 4036 depravisXerxis
1158 3967 1355 4032 cupiditatibus

217 4034 305 4085 allata
317 4034 352 4084 sd
364 4035 410 4092 lx,
424 4033 465 4084 ¹10.
489 4037 521 4085 In
539 4051 614 4102 seqq.
632 4025 760 4104 ὕπαρχος
812 4042 893 4102 atque
913 4037 1075 4088 Amestridis
1092 4034 1276 4096 caudelitete,
1308 4035 1356 4085 ad·

218 4106 260 4152 est
271 4107 390 4166 satrapa,
403 4106 434 4151 ut
445 4103 477 4164 V,
491 4102 525 4152 20
538 4104 630 4170 ibique
644 4113 713 4156 nott.
812 4105 895 4155 ducta
912 4103 961 4154 illa
973 4105 1081 4170 quidem
1097 4105 1355 4154 commemoratione

249 4165 340 4219 ταῦτα
366 4159 478 4220 ἐκεῖνον
501 4163 673 4238 πρήσσοντα]
699 4173 717 4222 i.
736 4188 759 4222 e.
810 4172 898 4238 ipsius
915 4172 1014 4222 Xerxis
1031 4171 1132 4222 Sardes
1149 4170 1267 4236 indeque
1285 4170 1356 4220 Susa

216 4237 760 4301 ervmtalr'aapttoreeonvilio,totiamoliri,
812 4239 929 4290 reversi:
965 4255 1018 4304 qua
1045 4239 1107 4304 ipsa
1131 4254 1159 4288 re
1184 4239 1254 4288 adeo
1278 4237 1355 4298 belli,

216 4305 258 4354 De
276 4303 361 4355 verbo
377 4300 515 4370 πρήσσειν
532 4307 568 4356 cl.
582 4307 629 4368 IX,
647 4306 693 4356 108
710 4307 760 4356 ibi-

217 4385 268 4438 que
294 4371 351 4422 citt
378 4399 409 4408 -
436 4373 500 4423 Mox
525 4376 654 4425 revocavi
681 4367 761 4424 κατέ-

814 4306 884 4372 ηοοδ
914 4307 1014 4356 Noster
1043 4305 1271 4356 conscribendum
1301 4304 1355 4353 sibi

814 4377 978 4439 sumpserat,
997 4374 1114 4424 historia
1127 4373 1231 4423 finitur:
1251 4371 1358 4422 addidit
