2984 4962
256 443 318 504 446
665 440 980 502 COMMENTATIO

255 615 384 666 uersatur
408 610 504 678 oratio,
532 616 562 664 ut
590 613 632 664 vel
659 613 827 666 Graecorum
855 631 900 666 res
927 613 968 666 bis
990 611 1075 680 magis
1096 627 1219 664 annexae
1235 612 1402 672 videantur,

255 713 370 766 quorum
385 697 506 766 ipsorum
523 695 636 749 libertas
655 715 671 749 a
691 697 835 750 Persarum
859 698 1003 750 invasione
1029 697 1167 748 vindicata
1192 696 1327 766 salusque
1354 714 1403 748 as-

255 790 329 834 serta
353 782 528 851 praecipuum
552 783 644 852 operis
672 789 860 850 argumentum
887 783 979 836 haberi
1000 780 1127 850 debet*).
1160 782 1229 834 Nam
1243 782 1272 834 iu
1291 800 1326 834 eo
1345 782 1402 834 rim

255 884 330 920 suum
352 867 524 936 apertissime
546 867 696 920 declaravit
711 867 832 920 divinum
849 884 963 934 numen,
980 867 1053 939 quod
1070 884 1162 920 omnes
1177 867 1338 920 moderatur
1352 885 1403 918 res

256 952 385 1005 humanas
404 958 432 1004 et
447 951 475 1004 in
491 970 581 1004 rerum
597 961 695 1006 natura
714 953 755 1004 sic
770 952 938 1020 dominatur,
963 961 1007 1020 ut,
1023 952 1071 1021 qui
1090 951 1156 1003 illud
1173 969 1227 1004 non
1247 969 1399 1004 reverean

255 1043 318 1103 tur,
339 1037 558 1090 vindictamcum
585 1055 682 1105 magno
709 1054 760 1090 suo
786 1037 882 1090 damno
899 1037 1111 1106 persentiscunt.
1144 1036 1352 1106 Idigiturcum
1371 1037 1401 1088 iu

256 1121 381 1174 omnibus
393 1123 477 1175 rebus
491 1123 614 1174 humanis
627 1123 664 1174 sit
677 1122 865 1191 conspicuum,
883 1122 1028 1188 insigniori
1046 1122 1161 1190 quodam
1177 1122 1254 1174 modo
1267 1123 1403 1191 apparuit

255 1207 282 1259 in
298 1207 358 1277 ipso
370 1207 415 1260 illo
432 1207 511 1272 bello,
527 1208 601 1277 quod
613 1207 667 1260 sibi
682 1207 813 1260 historiae
825 1213 904 1277 pater
918 1207 1097 1258 enarrandum
1109 1213 1273 1276 sumpserat.
1299 1207 1402 1277 ltaque

255 1287 375 1359 aCyro,
399 1293 478 1345 cuins
496 1311 542 1344 res
564 1301 659 1360 gestae
675 1293 812 1362 usquead
828 1293 908 1345 linem
926 1291 988 1344 libri
1004 1291 1082 1360 primi
1098 1299 1290 1360 exponuntur,
1307 1293 1401 1344 oratio

255 1378 432 1446 progreditur
452 1378 485 1430 ad
509 1377 669 1446 cambysem
691 1377 868 1446 eiusdemque
889 1395 933 1429 res
956 1377 1148 1446 persequitur:
1170 1377 1197 1430 in
1215 1376 1319 1446 quibus
1337 1393 1402 1428 curn

255 1461 375 1530 Aegypti
392 1463 559 1532 expugnatio
575 1463 751 1532 praecipuum
767 1463 889 1514 obtineat
903 1462 1000 1528 locum,
1016 1479 1066 1530 pro
1081 1478 1154 1514 more
1169 1478 1221 1514 suo
1234 1461 1403 1514 Herodotus

256 1546 305 1598 hac
323 1547 466 1599 occasione
483 1547 573 1599 oblata
592 1548 626 1600 de
646 1548 728 1600 huius
744 1555 833 1600 terrae
851 1546 951 1612 indole,
966 1546 1074 1612 incolis,
1090 1546 1188 1611 sacris,
1204 1545 1266 1598 aliia
1280 1545 1404 1598 uberius

255 1631 377 1684 disserit.
412 1630 586 1700 ACambyae
609 1633 710 1685 transit
731 1633 766 1684 ad
781 1632 890 1684 Darium
907 1631 1074 1700 Hystaspis,
1101 1631 1149 1700 qui
1164 1631 1299 1700 quomodo
1318 1631 1403 1682 Cam·

255 1717 324 1783 byse
339 1723 447 1768 mortuo
463 1734 676 1787 magnorumque
697 1717 832 1769 seditione
854 1716 990 1770 exstincta
1007 1716 1040 1768 ad
1056 1731 1169 1783 regnum
1185 1723 1298 1768 evectus
1315 1716 1355 1768 sit
1375 1724 1405 1768 et

255 1801 389 1872 quomodo
410 1799 477 1854 illud
501 1802 651 1866 ordinarit,
673 1810 800 1854 accurate
823 1801 980 1869 exponitur.
1012 1801 1175 1871 Sequuntur
1190 1799 1296 1870 reliqua
1315 1802 1350 1852 ab
1368 1819 1404 1852 eo

254 1892 342 1955 gesta,
359 1885 429 1939 bella
444 1903 503 1938 curn
518 1887 628 1953 Scythis
645 1893 673 1938 et
690 1886 794 1953 Libyae
817 1885 926 1956 populis
941 1893 1035 1953 gesta,
1056 1901 1127 1956 quae
1150 1885 1211 1954 ipsa
1226 1886 1404 1938 occasionem

255 1971 326 2040 petri
342 1971 472 2024 historiae
489 1972 630 2041 praebent,
651 1971 684 2024 de
703 1971 815 2038 Scythia
838 1987 869 2022 nc
886 1971 974 2038 Libya
995 1970 1121 2039 pluribus
1145 1969 1305 2039 disputandi
1322 1978 1404 2040 (nam

175 2045 180 2057 ¹
256 2055 306 2106 hae
321 2063 412 2108 terrae
427 2073 522 2124 parum
538 2063 602 2109 ante
616 2057 705 2125 ipsum
721 2056 836 2108 Graecis
849 2056 975 2122 cognitae
992 2055 1080 2108 luisse
1097 2055 1254 2122 videntur);
1277 2063 1337 2108 tum
1352 2075 1403 2108 ex-

254 2140 409 2210 peditiones
425 2140 561 2194 aduersus
579 2143 702 2194 Graecos
718 2147 880 2210 susceptae:
896 2157 951 2210 quo
968 2141 1029 2210 ipso
1044 2140 1147 2192 demum
1166 2139 1201 2191 ad
1217 2140 1404 2209 praecipuum

255 2241 286 2276 ac
306 2225 462 2294 primarium
479 2227 571 2295 operis
589 2225 632 2278 sui
647 2235 836 2294 argumentum
851 2232 947 2278 auctor
962 2225 1066 2276 accedit
1082 2225 1151 2276 libro
1167 2224 1275 2294 quinto.
1307 2225 1405 2278 Thra·

256 2311 323 2363 ciam
335 2317 363 2364 et
377 2311 566 2364 Macedoniam
581 2311 759 2378 aMegebazo
775 2312 923 2378 subactam,
941 2311 1034 2363 lonum
1053 2309 1226 2362 rebellionem
1242 2311 1277 2360 ab
1290 2311 1405 2364 Arista-

256 2413 324 2464 gora
338 2403 433 2448 motum
449 2405 477 2449 et
487 2415 547 2450 mox
560 2397 689 2462 sedatam,
706 2396 845 2448 Mardonii
860 2395 1059 2464 expeditionem
1070 2395 1097 2446 iu
1107 2394 1251 2446 Graeciam
1268 2409 1405 2458 enarrem

254 2489 310 2534 tum
326 2489 403 2534 sexto
420 2482 489 2536 libro
507 2482 542 2534 ad
560 2485 726 2536 Graecorum
744 2500 789 2534 rea
804 2480 981 2546 domesticas,
1000 2479 1096 2551 quales
1113 2479 1158 2530 illa
1174 2479 1280 2532 luerint
1296 2487 1405 2545 aetate,

254 2567 369 2633 transit,
391 2567 425 2619 de
448 2567 526 2620 Datis
548 2573 631 2636 atque
644 2566 824 2635 Artapheruis
841 2565 1031 2634 expeditione,
1054 2581 1125 2634 quae
1146 2565 1239 2633 pugni
1256 2564 1405 2618 illaratbo·

256 2651 301 2704 nia
317 2651 394 2702 linita
409 2659 461 2717 est,
477 2652 604 2720 exponit3
619 2652 735 2720 septimo
752 2660 780 2702 et
794 2657 890 2702 octavo
907 2651 940 2702 de
954 2649 1054 2702 Xerxis
1069 2649 1243 2718 expeditione
1261 2649 1289 2701 in
1307 2652 1405 2704 Grae·

255 2735 322 2788 ciam
337 2738 431 2806 refert,
450 2753 521 2788 nouo
537 2736 629 2806 pergit
649 2736 676 2788 in
692 2735 862 2804 exponendis
875 2735 955 2786 huius
971 2735 1033 2788 belli
1050 2735 1158 2786 vicibus
1173 2750 1262 2804 usque
1278 2734 1313 2785 ad
1331 2735 1406 2788 Per-

255 2837 345 2872 sarum
361 2821 486 2888 reditum,
503 2837 557 2890 quo
572 2820 671 2874 bellum
686 2821 792 2872 linitum
809 2817 914 2892 est**).

782 3027 807 3086 S.
826 3025 866 3075 la.

340 3175 394 3228 Sed
410 3175 475 3228 haec
494 3193 528 3228 ne
550 3175 613 3246 quis
633 3174 727 3227 credat
741 3175 800 3227 sola
815 3192 892 3244 esse,
917 3193 987 3245 quae
1013 3177 1040 3228 in
1071 3175 1112 3227 his
1128 3175 1205 3227 libris
1221 3177 1406 3246 posteritatis

255 3261 397 3315 memoriae
413 3261 514 3314 tradita
529 3262 633 3313 Noster
648 3260 805 3330 reliquerit,
824 3260 903 3330 plura
918 3261 969 3313 alia
986 3261 1028 3313 his
1045 3259 1137 3312 addita
1153 3267 1181 3312 et
1197 3260 1302 3313 inserta
1320 3261 1405 3314 vide-

255 3363 323 3414 mus,
339 3364 411 3416 quae
428 3347 572 3399 occasione
588 3345 677 3398 oblata
692 3345 907 3416 praetermittere
920 3363 980 3398 cum
995 3345 1088 3412 nollet,
1102 3345 1129 3396 in
1143 3345 1256 3398 medinm
1269 3347 1405 3414 protulit,

255 3432 327 3503 quod
347 3431 392 3483 illa
408 3431 499 3502 aliqua
514 3438 586 3483 certe
602 3431 708 3483 ratione
723 3431 794 3482 scitu
811 3431 888 3483 utilia
904 3431 1000 3483 autad
1017 3431 1106 3495 linem,
1122 3447 1201 3499 quem
1215 3431 1330 3500 assequi
1349 3449 1405 3484 ro-

255 3517 314 3588 luit,
332 3517 529 3570 accommodata
541 3515 645 3568 habuit.
678 3515 751 3568 Hinc
770 3516 796 3567 in
815 3515 981 3568 Herodoteis
998 3515 1074 3568 libris
1091 3515 1161 3567 haud
1177 3531 1280 3584 paucae
1298 3533 1405 3570 oecur-

256 3610 321 3654 runt
342 3603 531 3671 digressiones
554 3602 613 3654 sire
637 3601 775 3671 episodiar
800 3601 833 3654 de
855 3601 956 3671 quibua
972 3601 1039 3652 satis
1058 3601 1174 3652 diximus
1190 3599 1216 3652 in
1234 3605 1303 3652 nott.
1321 3601 1359 3652 ad
1380 3603 1403 3670 l,

322 3832 346 3898 ⁸)
364 3835 426 3886 Vid.
440 3835 571 3886 Creuzer:
591 3835 664 3884 Hist.
679 3835 767 3884 Kuust
780 3834 804 3884 d.
817 3835 861 3884 Gr.
875 3851 901 3900 p.
917 3834 964 3886 139
977 3835 1014 3900 (p.
1032 3833 1078 3884 109
1092 3835 1134 3885 od.
1148 3833 1229 3896 secl:
1250 3835 1319 3894 „Die
1334 3836 1403 3885 Per·

254 3903 336 3952 atrrlre
349 3903 495 3952 Geschr'cble
512 3903 587 3952 bleibt
604 3920 653 3952 nun
666 3903 757 3964 seruer
775 3903 837 3952 oracla
856 3903 903 3952 der·
917 3903 1098 3966 Grrrudsoden,
1116 3903 1165 3966 aas
1177 3905 1233 3954 dom
1250 3903 1297 3951 dna
1312 3919 1402 3966 punse

257 3969 361 4020 llesoebe
377 3971 534 4032 orrfiqerellret
551 3972 627 4032 mird,
647 3971 713 4020 dena
731 3971 772 4020 die
790 3971 886 4020 Purser
902 3972 962 4020 sind
977 3987 1018 4034 ea,
1039 3987 1120 4035 pepon
1138 3971 1229 4020 welche
1247 3971 1287 4020 dic
1305 3987 1402 4034 pronae

260 4037 440 4152 Ίῆιιιῄςειὶέαιη,
454 4038 499 4153 dlel
508 4039 531 4086 F
530 4041 622 4153 rer'lrelt¹
629 4039 855 4154 perettqtbwor·den
867 4039 927 4088 t'at.“
1006 4040 1010 4050 '
1184 4108 1190 4119 .
1232 4107 1238 4118 ¹

257 4105 1401 4240 ..1ah..⁰2:1512.{‡”tl.⁰lll²0.llll.l.llllltltl3?ut‘tllttlltllul

257 4241 341 4288 (lours
354 4239 477 4288 d'ctudea
490 4239 654 4304 historiques
666 4241 698 4291 T.
715 4241 789 4291 VIII.
804 4257 829 4306 p.
846 4240 893 4290 105
906 4256 980 4306 seqq.
997 4243 1108 4304 (Lceon.
1123 4241 1316 4303 v—XXXIV).
1347 4245 1400 4292 at-

257 4322 308 4372 que
322 4308 378 4354 iam
391 4313 473 4356 autea
487 4307 638 4373 complures
656 4309 708 4360 viri
721 4308 796 4359 docti
809 4315 971 4374 argumenta
983 4310 1149 4374 singulorum
1162 4309 1292 4360 librorum
1306 4310 1399 4360 llero·

256 4375 507 4489 ditipinimmnt'
525 4375 557 4424 de
576 4376 673 4440 quibus
691 4376 745 4426 vid.
760 4377 921 4426 Fabricium
938 4377 966 4426 io
984 4377 1115 4428 Biblioth.
1130 4378 1230 4428 Graec.
1249 4377 1285 4428 11.
1304 4394 1331 4442 p.
1345 4375 1400 4428 330

258 4457 272 4490 e
294 4479 300 4492 .
343 4455 373 4488 ar
385 4457 424 4493 ea.
