3074 4960
484 475 690 538 URANIA.
714 477 804 537 VIII.
827 485 871 540 73.
894 486 938 541 74.
1217 483 1276 544 111

216 652 259 718 Ol
280 648 342 736 plo
367 644 408 735 δὴ
433 650 470 717 ἐν
492 651 541 740 τῷ
558 643 680 742 Ἰσθμῷ
701 644 839 742 τοιούτῳ
862 645 954 741 πόνῳ
972 651 1195 737 συνίστασαν,
1218 646 1275 719 iter
1284 662 1324 722 74

138 751 214 838 περὶ
239 751 299 818 τοῦ
316 746 438 829 παντὸς
457 746 521 838 ἤδη
541 747 665 840 δρόμον
682 752 834 838 θέοντες,
859 747 1011 839 καὶτῇσι
1029 753 1129 837 νηυσὶ
1147 747 1210 820 οὐκ
1229 755 1278 820 ἐλ-

138 858 286 934 πίζοντες
306 847 546 939 ἐλλάμψεσθαι·
570 856 605 920 οί
621 851 659 920 δὲ
678 854 714 920 ἐν
731 860 898 940 Σαλαμῖνι
921 847 1008 940 ὅμως
1026 855 1130 921 ταῦτα
1148 863 1278 923 πυνθα-

138 950 272 1042 νόμενοι
290 948 478 1042 άρροάδεον,
497 947 561 1022 οάκ
578 947 666 1022 οὕτω
685 954 760 1044 περὶ
778 959 873 1040 σφίσι
892 949 1022 1022 αὐτοῖσι
1038 958 1277 1042 δειμαίνοντες,

139 1047 183 1133 ὥς
201 1056 277 1142 περὶ
296 1057 338 1143 τῇ
355 1051 611 1147 Πελοποννήσῳ.
648 1057 709 1134 ἕως
727 1054 788 1143 μὲν
807 1051 849 1142 δὴ
867 1049 980 1124 αὐτοῖν
998 1050 1082 1144 ἀνὴρ
1100 1051 1199 1145 άνδρλ
1218 1081 1278 1125 πα-

138 1151 261 1243 ραστάς
284 1158 363 1245 σιγῇ
379 1152 479 1243 λόγον
497 1157 658 1244 ἐποιέετο,
682 1153 806 1246 {triopa
823 1153 1013 1244 ποιεύμενοι
1031 1153 1092 1244 τὴν
1109 1151 1278 1247 Εὐρυβιά-

141 1261 207 1324 δεω
224 1251 401 1345 άβουλίην·
420 1260 510 1338 τέλος
531 1257 567 1327 δὲ
587 1255 743 1350 ἐξερράγη
763 1260 795 1339 ἐς
812 1253 849 1326 τδ
866 1261 985 1347 μέσον,
1005 1255 1165 1346 σύλλογός
1182 1285 1218 1327 τε
1237 1255 1278 1346 δὴ

175 1583 215 1640 Οί
225 1583 279 1655 μὲν
291 1584 327 1656 δὴ
344 1581 375 1640 ἕν
391 1588 431 1656 τῷ
444 1580 557 1656 Ἰσθμῷ]
576 1591 594 1640 i.
609 1606 633 1643 e.
646 1591 685 1640 Hi
735 1595 763 1639 et
775 1561 909 1641 Be’nseler
927 1561 963 1640 ld
974 1593 1088 1641 Isoeret.
1104 1591 1240 1656 Panegyr.
1253 1592 1278 1640 4.

138 1660 225 1721 tybur,
238 1661 281 1724 qni
292 1661 327 1708 od
338 1659 458 1708 Isthmum
469 1660 587 1708 collocati
600 1665 682 1716 erunt,
734 1674 797 1724 pag.
814 1657 870 1720 150,
884 1659 977 1724 Vigcr.
991 1660 1032 1708 Ite
1046 1660 1202 1708 idiotismm.
1212 1674 1277 1724 pag.

139 1729 187 1774 tall
208 1725 296 1776 labore
319 1726 544 1790 conflictabantur:
574 1731 683 1790 spectet
734 1725 825 1776 7077.
844 1726 972 1789 ΑεεοὶιγΙ.
985 1726 1011 1775 S.
1024 1742 1048 1776 c.
1060 1725 1166 1776 Tuast
1178 1726 1277 1776 Blemf.

138 1793 191 1842 hoc
210 1793 245 1842 αδ
263 1809 309 1857 ce,
334 1809 403 1858 quse
423 1809 484 1858 esp.
504 1792 537 1842 70
547 1794 604 1841 -72
621 1809 682 1842 ner·
734 1785 820 1857 λόγον
836 1794 986 1843 ποιεῖσθαι
1003 1793 1029 1843 h.
1049 1793 1066 1842 l.
1087 1794 1215 1843 dicuntur
1232 1794 1279 1858 qui

139 1865 202 1910 rste
220 1869 291 1910 sunt.
332 1863 373 1910 Ad
395 1861 509 1910 formem
527 1860 683 1926 plusquam·
733 1876 863 1910 sermones
887 1867 953 1910 tnter
975 1876 1003 1910 re
1027 1862 1174 1924 conserunt,
1202 1865 1278 1911 cotto·

138 1929 258 1993 perlecti
270 1923 447 1978 συνέστασαν
464 1930 538 1978 cont.
552 1943 635 1992 supro
647 1929 681 1992 II,
735 1935 858 1994 quantur:
872 1927 927 1978 allo
940 1943 1022 1980 sensu
1032 1921 1117 1993 λόγον
1128 1928 1277 1978 ποιεῖσθαι

137 1995 172 2046 30
188 1989 365 2046 κατέστασαν
382 2001 410 2046 et
427 1996 460 2046 de
478 1995 683 2060 significatione
735 1997 868 2058 (rationem
886 1995 979 2045 trabere
998 1995 1114 2046 alicuius
1132 1995 1183 2059 rei)
1201 1997 1279 2046 inve-

138 2063 219 2114 vcrbi
232 2068 328 2113 notate
341 2063 376 2112 erl
390 2063 453 2125 VII,
470 2063 526 2112 170.
541 2087 573 2098 ·-
591 2063 684 2112 Verba
734 2064 796 2112 nias
809 2064 830 2126 1,
843 2064 867 2112 4.
881 2062 939 2115 213.
952 2064 998 2124 lV,
1011 2063 1066 2126 142,
1080 2064 1128 2114 ubi
1140 2064 1195 2114 vid.
1209 2068 1278 2115 nott.

138 2127 205 2195 περ1
217 2129 269 2181 τοῦ
280 2123 388 2189 παντὸς
405 2121 462 2196 ἤδη
479 2123 588 2196 δρόμον
601 2125 684 2180 θέον·
734 2131 776 2180 Ad
788 2131 952 2180 locutionem
965 2123 1069 2198 δάυμα
1088 2133 1139 2193 (ita
1152 2131 1223 2180 enim
1236 2147 1279 2181 re·

138 2213 197 2260 τες,
217 2213 286 2264 quae
304 2200 398 2264 uttigit
410 2198 537 2247 Euststb.
555 2198 589 2247 ed
602 2197 682 2246 Iliad.
735 2199 833 2272 scripsi
849 2213 898 2263 pro
916 2197 1013 2264 θῶμα)
1037 2191 1203 2263 ποιεύμενοι
1225 2192 1278 2264 τὴν

137 2283 165 2332 p.
181 2265 259 2327 1204,
275 2266 306 2315 15
323 2281 344 2316 s.
359 2263 438 2328 1363,
457 2264 487 2315 10
505 2269 532 2314 et
548 2282 575 2330 p.
588 2263 652 2326 259,
668 2263 684 2312 8
735 2293 767 2300 -
785 2263 926 2330 αβουλίην
938 2266 1012 2316 conf.
1026 2271 1095 2315 nott.
1109 2267 1144 2315 sd
1157 2267 1185 2329 1,
1198 2265 1241 2315 08.

137 2350 160 2382 s.
175 2333 240 2396 342,
255 2332 301 2394 20,
320 2334 403 2398 probe
422 2333 547 2382 scribens
565 2327 683 2396 δρόμον,
770 2324 908 2396 ἐξερράγη
926 2325 955 2390 ἐς
967 2325 998 2382 τὸ
1011 2327 1109 2398 με’σον]
1129 2335 1145 2382 i.
1161 2334 1278 2382 cresto

137 2401 208 2462 nisi,
231 2401 302 2465 quod
320 2400 505 2464 Wesselingio
528 2415 633 2465 quoque
655 2400 684 2449 in
732 2400 856 2463 puble'rum
879 2402 972 2464 erupit.
1012 2399 1068 2449 Ubi
1090 2399 1170 2449 sacili
1195 2415 1279 2464 opera

136 2473 259 2518 mentem
271 2475 399 2530 venerut,
417 2483 526 2532 prorsus
539 2467 683 2517 elimiuon-
735 2467 877 2533 suppletur
889 2462 921 2516 τὸ
933 2464 1066 2534 πράγμας
1085 2467 1158 2517 conl.
1172 2468 1227 2530 Ill,
1245 2465 1278 2516 82

137 2537 203 2586 «lum
220 2540 262 2586 est
279 2533 353 2598 (nem
372 2536 443 2600 quod
461 2551 493 2585 ex
505 2535 606 2585 Aldina
622 2551 683 2601 pro·
736 2539 764 2585 et
781 2549 851 2600 quae
868 2534 971 2584 similia
989 2535 1139 2584 efferuntur
1157 2536 1184 2584 in
1197 2537 1278 2584 Lem-

135 2609 270 2669 pngetnm
300 2608 360 2652 eret
386 2595 509 2668 δρόμου,
539 2603 606 2653 ferri
630 2618 684 2652 uon
734 2601 1159 2668 bertiBosiiEllipss.Gruecc.
1176 2619 1201 2668 p.
1220 2601 1278 2652 410.

136 2687 220 2738 posse
234 2671 304 2720 idem
315 2670 480 2736 wesseling.
493 2671 568 2721 Diss.
580 2671 682 2722 Herod.
734 2669 793 2721 416.
813 2671 907 2732 Arcus,
923 2671 968 2734 qui
978 2671 1100 2720 intentus
1114 2676 1181 2731 crat,
1197 2661 1279 2734 lupor-

136 2741 161 2790 1.
175 2755 239 2804 pag.
255 2737 303 2788 129
315 2741 483 2802 monuerat),
501 2739 641 2789 illustravi
655 2740 684 2788 in
735 2737 821 2804 γῆναι
839 2738 939 2788 dicitur
951 2739 991 2800 11,
1007 2738 1062 2789 173.
1099 2738 1179 2788 Cous.
1195 2739 1278 2788 etiarn

137 2812 196 2857 not.
216 2807 251 2856 ed
267 2807 332 2868 VII,
350 2805 391 2858 57.
435 2807 481 2856 Cr.
500 2806 525 2856 b.
540 2805 560 2856 l.
579 2807 685 2856 excitat
735 2807 786 2868 VI,
806 2805 864 2856 120.
887 2807 1002 2872 Propius
1019 2807 1072 2856 hnc
1090 2810 1199 2872 spectat
1216 2805 1279 2856 Plu·

136 2874 247 2925 Plston.
261 2874 407 2923 Tlrecetet.
426 2875 450 2934 ξ.
465 2872 505 2924 70.
516 2889 551 2940 ·p.
566 2872 615 2924 387
633 2874 684 2924 ibi-

138 2957 192 3007 que
202 2941 386 2991 Heindorf.—
395 2943 427 2990 ln
436 2943 556 3006 proxime
570 2957 684 3006 sequen-

137 3009 214 3059 tibus
237 3009 367 3059 revocavi
396 3024 456 3058 cum
480 3015 597 3060 recentt.
622 3010 682 3060 edd.

136 3067 225 3142 ὅμως,
238 3075 308 3141 quod
320 3076 386 3126 libri
398 3077 496 3142 scripti
508 3082 613 3142 tenent,
626 3092 682 3127 mu·

136 3151 228 3194 tetum
246 3160 262 3193 a
280 3143 541 3210 Schweighaeusero
559 3150 588 3194 et
604 3145 683 3196 Gnis-

138 3212 231 3263 fordio
244 3212 272 3260 in
284 3201 368 3278 ὁμῶς.

174 3275 224 3330 καλ
236 3277 298 3346 τῇσι
310 3275 397 3345 νηυσλ
409 3269 461 3330 oris
472 3271 630 3341 ἐλπίζοντες
641 3271 683 3330 tt-

137 3339 324 3413 λάμψεσθαι]
356 3348 375 3396 i.
395 3362 419 3396 e.
446 3364 493 3398 nec
513 3355 634 3412 putantes
655 3364 684 3398 re

735 2874 825 2924 turchi
844 2873 920 2924 locus
934 2876 962 2923 ln
976 2874 1055 2924 Galb.
1069 2875 1101 2924 22
1118 2875 1178 2924 init.
1192 2889 1279 2924 πατα-

735 2937 875 3010 λαμβάνει
887 2931 915 2992 δ’
924 2932 1015 2992 αὐτὸν
1025 2936 1065 2992 ἔτι
1100 2936 1217 2992 ε’λλοντα
1228 2938 1279 2991 καλ

736 3003 944 3087 βουλευόμενον
956 2959 1149 3091 ἒηραγίδτα
1161 3003 1196 3091 τά
1210 3009 1279 3072 Γερ-

733 3094 773 3196 li
774 3077 1279 3211 ttt‘..¹t.lttttll.1⁵⁶.lltlllilll

733 3213 911 3279 repetendum
923 3207 1029 3278 ἔλεγον,
1043 3214 1113 3278 quod
1126 3215 1210 3263 etiem
1222 3219 1278 3261 trs.-

734 3282 851 3331 hcndum
871 3281 905 3330 ed
918 3271 1066 3346 Ἀθηναῖοι
1085 3274 1117 3330 et
1135 3277 1184 3330 ναὶ
1201 3275 1279 3344 Atyr-

735 3348 819 3414 νῆται
832 3343 881 3398 καὶ
894 3343 1051 3413 Μεγαρέες.
1087 3349 1190 3398 Similis
1201 3347 1279 3396 loeus

137 3418 218 3466 classi
233 3432 254 3465 s.
273 3415 377 3480 proelio
394 3415 488 3465 navali
504 3417 611 3480 pluriam
628 3429 684 3466 esse

137 3491 327 3548 reportaturos.
357 3483 462 3533 Eadem
474 3485 626 3548 splendendi
636 3499 683 3534 no·

139 3552 217 3601 tione
241 3542 437 3616 ἐλλάμπεσθαι
456 3552 481 3612 I,
500 3550 542 3601 80.
583 3552 684 3616 Attigit

137 3619 191 3669 hoc
214 3619 327 3669 verbum
344 3619 533 3683 Hermogenes
553 3619 595 3668 De
613 3619 684 3668 ideis

139 3687 167 3748 1,
185 3685 214 3747 0,
234 3687 282 3735 ubi
300 3686 409 3736 scribit:
435 3677 484 3751 ἐφ’
501 3680 546 3744 οἱς
569 3679 683 3751 (ἔργοις)

140 3748 200 3804 ἔστι
234 3745 454 3819 λαμπράνεσθαι
487 3745 525 3812 οἱς
555 3745 682 3820 άληθῶς,

138 3811 683 3887 ὅπερφησλνἩρόδοτοςέλλάμ-

138 3887 294 3952 ψασδαι,
314 3879 361 3938 ίπλ
373 3882 483 3946 νεάτοις
496 3880 602 3955 ἐστλνὴ
617 3889 684 3955 λαμ-

137 3951 360 4074 πρότηὲἆέλὴετί.
373 3957 489 4008 Graeco.
502 3957 543 4007 ed.
555 3957 683 4022 Spengel.

173 4041 239 4154 rugel
252 4023 333 4156 σφίσι
345 4081 457 4143 curetur
475 4089 682 4158 δειμαίνοντες]

138 4161 182 4209 De
195 4173 246 4209 usu
262 4161 476 4225 praepositionis
492 4157 558 4225 περὶ
575 4161 603 4210 in
620 4160 683 4210 teli·

138 4228 190 4277 bns
207 4232 338 4292 sequente
357 4227 450 4278 dativo
469 4227 523 4278 vid.
538 4243 620 4292 supra
631 4229 682 4290 ΙΙΙ,

138 4293 182 4344 35.
196 4295 234 4357 V,
250 4293 281 4344 10
294 4295 387 4360 ibique
400 4299 468 4346 nott.
482 4295 559 4356 VIII,
573 4294 615 4346 00.
652 4297 683 4345 ln

139 4377 218 4427 seqq.
232 4363 267 4412 ed
284 4356 336 4421 ἕως
352 4355 406 4428 μὲν
424 4362 595 4430 (aliquamdiu)
610 4364 682 4413 conf.

138 4435 208 4480 nott.
228 4429 373 4494 ει11,80,
399 4436 427 4480 et
451 4431 485 4480 ud
507 4444 585 4480 usum
606 4435 683 4482 vocis

736 3417 809 3534 ...p
818 3417 921 3534 tut
923 3417 1025 3533 331.
1036 3417 1095 3531 b·
1107 3415 1142 3531 32³
1164 3415 1279 3530 buu.

734 3499 925 3616 άάτάτιιράτρος
938 3497 1278 3613 tlotrnerro,lt‘lur1vlror
1344 3545 1345 3548 ’

735 3613 1037 3685 μὲν-περιπλέοντες
1053 3645 1083 3653 -
1096 3611 1279 3680 Πελοποννή-

735 3702 791 3738 σιοι
813 3681 844 3737 δὲ
860 3677 1151 3750 στρατοπεδευόμενοι
1169 3700 1194 3734 ιι.
1207 3699 1230 3732 τ.
1243 3683 1276 3746 1.,

734 3756 783 3805 nbi
795 3755 848 3806 vid.
862 3757 957 3820 Poppo
969 3755 1019 3815 111,
1034 3752 1058 3803 3.
1071 3769 1096 3818 p.
1104 3751 1150 3803 82.
1170 3751 1278 3801 Deinde

736 3824 865 3874 revocavi
878 3817 967 3888 χρειὸν
977 3824 1036 3888 (pro
1045 3814 1149 3886 χρεὸν),
1163 3826 1193 3870 ut
1201 3821 1276 3880 VIII,

737 3891 760 3953 3,
774 3891 821 3942 ubi
831 3883 1180 3954 τίσεται-δοριαλώτου
1191 3903 1205 3938 e
1216 3887 1278 3937 Flo·

736 3959 843 4008 rentino
866 3963 894 4007 ct
912 3958 1052 4008 Seuerol'ti
1068 3957 1139 4007 libro
1157 3971 1217 4006 cum
1236 3971 1278 4005 re-

736 4031 820 4076 ceutt.
844 4026 904 4076 edd.
926 4027 1027 4092 recepi.
1063 4025 1151 4090 Vulgo
1167 4022 1278 4088 δορυα-

735 4088 837 4152 teror,
861 4109 931 4158 quac
950 4093 1046 4143 ecdem
1068 4094 1221 4158 scripturae
1240 4092 1279 4140 di·

735 4163 852 4213 versitas
863 4162 909 4222 lx,
920 4162 945 4222 4,
958 4161 1029 4226 apud
1039 4161 1150 4210 Diodor.
1156 4161 1227 4218 XVI,
1234 4157 1277 4224 20,

735 4229 782 4278 ubi
794 4229 848 4278 vid.
860 4229 1025 4293 Wessoling.
1060 4229 1127 4278 Add.
1140 4227 1246 4277 Schwci
1268 4254 1279 4265 ·

735 4298 859 4347 hueuser.
879 4297 914 4346 ed
930 4297 1047 4362 Appiae.
1065 4297 1116 4345 Ill.
1135 4311 1199 4360 pag.
1221 4243 1277 4344 158.

734 4365 830 4428 Polyb.
844 4365 944 4426 XVIII,
959 4363 991 4415 34
1004 4367 1033 4412 et
1044 4363 1168 4412 Lobeclr.
1183 4363 1217 4412 sd
1230 4363 1278 4410 So-

734 4432 826 4497 phocl.
838 4431 914 4482 Aisc.
927 4448 954 4496 p.
969 4429 1025 4481 100.
1039 4445 1078 4480 vs.
1089 4429 1149 4479 211.
1163 4431 1276 4494 Pererg.
