3040 4962
487 444 688 504 URANIA.
712 447 801 507 VIII.
826 455 868 510 37.
890 459 933 512 38.
1242 463 1282 526 53

137 615 271 701 Δελφοὶ
293 611 480 704 φεύγοντάς
504 637 628 706 σφεας,
654 617 909 706 ἐπικαταβάντες
932 617 1130 695 ἀπέκτειναν
1153 627 1282 715 πλῆθός

135 743 170 784 τι
188 710 318 803 αὐτῶν,
342 721 378 785 ol
394 717 431 786 di
449 716 636 808 περιεόντες
655 715 716 789 lud
734 724 890 791 Βοιωτῶν
908 729 1060 812 ἔφευγον.
1086 722 1226 816 Ἕλενον
1244 731 1281 801 δὲ

135 821 174 885 oi
188 811 475 906 ἀπονοστήσαντες
492 807 584 889 οὗτοι
602 822 669 890 ταῖν
686 820 883 912 βαρβάρων,
909 819 953 904 τός
972 823 1036 913 ἐμοὶ
1054 827 1279 921 πυνθάνομαι,

82 912 189 998 cereis
209 915 290 1008 πρός
313 917 457 990 τούτοισι
481 923 536 990 καὶ
554 918 638 990 ἄλλα
662 919 768 1014 τόρεον
785 935 878 994 θεία·
904 923 966 996 δύο
989 924 1054 1018 γὰρ
1071 923 1207 1012 ὁπλίτας
1224 935 1291 1022 με’-·

134 1027 234 1103 ζονας
257 1014 278 1108 ἢ
303 1017 385 1090 κατὰ
408 1016 602 1114 ἆνθριόπων
629 1023 735 1112 φύσιν
755 1024 912 1115 [ἔχοντας]
940 1029 1084 1099 ἕπεσθαί
1099 1052 1176 1122 σφι,
1195 1042 1278 1104 κτεί-

135 1218 213 1270 conf.
232 1219 264 1282 V,
282 1217 315 1268 64
334 1225 362 1270 et
379 1220 434 1270 vid.
448 1221 565 1272 Bredov.
583 1238 610 1288 p.
626 1219 682 1272 113.

134 1285 213 1336 Male
227 1287 337 1351 quidam
351 1287 427 1339 codd.
441 1279 532 1352 εὐθύς
546 1289 601 1340 vid.
615 1290 682 1340 Din-

134 1354 209 1404 dori.
222 1355 250 1403 in
264 1355 443 1406 Commentat
458 1357 490 1406 de
504 1357 615 1408 dialect.
626 1358 682 1407 He·

133 1421 192 1472 rod.
214 1437 275 1486 pag.
289 1423 432 1472 XXXVIII
451 1428 479 1474 et
497 1425 612 1474 Bredov.
632 1425 650 1473 l.
663 1425 681 1474 l.

736 1227 817 1304 atqup
831 1224 904 1302 apud
915 1223 1102 1290 Thucydidem
1115 1229 1153 1289 11,
1168 1228 1202 1280 50
1218 1246 1278 1282 ver·

734 1291 771 1341 ba
794 1309 812 1358 η
833 1307 906 1342 κατα
936 1286 989 1360 τήν
1011 1285 1202 1358 α’νθρωτιείαν
1225 1291 1278 1363 φό-

735 1373 787 1410 σιν.
826 1359 905 1421 Quod
923 1361 995 1411 enim
1014 1362 1076 1412 olim
1097 1357 1214 1428 ἔχοντας
1232 1381 1277 1418 ae-

734 1427 790 1491 cipi
812 1443 891 1492 posse
915 1430 1010 1494 putavi
1035 1445 1064 1479 ee
1086 1431 1219 1490 ludentes,
1250 1434 1278 1483 id

134 1481 364 1554 ἐπικαταβάντες
375 1491 504 1541 dicuntur
514 1491 623 1556 Delphi,
636 1494 682 1556 qui

134 1573 149 1606 e
163 1557 298 1607 Parnassi
311 1559 397 1622 iugis,
417 1559 452 1608 ad
469 1573 540 1624 quae
553 1559 682 1625 coniuge·

133 1629 201 1674 rant
223 1623 289 1685 (vid.
314 1641 375 1690 cap.
399 1624 458 1690 36),
491 1627 545 1676 iam
568 1627 681 1678 descen-

133 1692 235 1742 dentes
253 1693 282 1742 in
297 1693 397 1743 Persas
415 1694 544 1758 Impetum
564 1694 679 1745 iaciunt.

132 1760 211 1810 Idem
234 1759 348 1810 verbum
371 1761 445 1811 inira
462 1761 516 1826 IX,
535 1761 577 1812 25.
617 1763 681 1812 Mox

132 1843 182 1904 pro
208 1817 289 1892 ὥρων
313 1843 372 1877 cunr
397 1833 512 1878 recentt.
539 1829 599 1880 edd.
618 1830 681 1880 dedi

131 1910 240 1959 ωρεον,
258 1901 289 1944 ut
307 1911 367 1960 cap.
386 1895 419 1946 55
438 1901 466 1946 et
483 1895 529 1958 78;
548 1897 602 1948 vid.
616 1897 681 1957 Bre-

132 1963 243 2044 ‘¹⁰*·,l'·
262 1961 328 2041 3⁸⁹³.
407 2023 414 2042 .
452 2022 459 2042 .
535 2027 541 2042 .
663 2028 670 2046 .

132 2030 326 2179 ..σενα
344 2030 681 2150 sustentemus

132 2170 681 2302 lille{llfttlttttlttutlt322³

132 2294 296 2364 ἄνθρωπον
311 2300 376 2364 (vid.
391 2301 478 2352 allata
492 2319 509 2353 a
520 2303 617 2354 Matth.
633 2304 679 2354 Gr.

134 2369 180 2419 Gr.
196 2371 221 2430 ζ.
234 2367 304 2432 449),
317 2369 433 2419 Dorvill.
447 2369 482 2420 ad
496 2369 601 2420 Charit.
614 2386 679 2436 pag.

135 2435 183 2486 182
206 2433 353 2503 {³10³qu
377 2437 474 2503 retingi
492 2437 552 2488 vult
568 2425 588 2503 ἢ
605 2429 678 2488 κατὰ

133 2493 303 2568 ἄνθρωπον.
338 2506 377 2554 Ac
400 2519 467 2555 sane
488 2505 529 2556 ita
547 2505 679 2570 scriptum

133 2574 244 2639 reperio
262 2574 290 2622 in
306 2571 430 2623 Platonis
442 2572 558 2639 Apolog.
579 2589 640 2639 cap.
653 2574 677 2624 5.

132 2657 158 2706 p.
172 2639 251 2718 202:
271 2627 350 2718 νότρι
365 2633 402 2718 pi
420 2630 487 2706 τάχ’
500 2627 538 2691 ὃν
551 2639 679 2708 -μείζω

133 2701 235 2773 τινάη
259 2724 322 2758 τιατ
357 2707 549 2774 ανθρωπον
571 2707 680 2773 σοφίαν

133 2771 219 2842 σοφολ
238 2769 311 2836 εἷεν,
331 2776 449 2842 itemque
468 2777 541 2842 apud
553 2777 679 2827 Flavium

133 2844 279 2910 losephum
291 2845 319 2893 in
330 2843 439 2909 Antiqq.
451 2845 473 2908 I,
482 2843 520 2894 19.
532 2845 555 2905 ξ.
565 2843 588 2908 Ι,
600 2860 679 2910 quem

132 2911 224 2962 locum
246 2913 302 2960 iarn
326 2911 420 2960 attulit
440 2911 605 2963 Dorvillins:
629 2909 678 2963 ιιαλ

135 2971 182 3028 διὰ
196 2971 303 3058 ταότης
315 2967 397 3056 ὅψερς
415 2975 569 3039 κατιούσας
581 2972 678 3061 σεμνό-

134 3061 216 3110 τερον
233 3063 251 3112 q
269 3062 332 3096 τιατ
361 3045 553 3111 ανθρωπον
571 3061 679 3112 φνσιν

136 3107 266 3192 ἔχοντας,
286 3113 332 3164 ubi
345 3118 437 3190 tamen
450 3114 594 3165 Bekkems
606 3131 678 3192 unqe

136 3181 256 3246 ediditq
283 3197 346 3231 ιιατ
380 3176 583 3245 ανθρώπου
615 3199 678 3248 φν-

135 3263 189 3298 σιν
203 3243 326 3314 ἔχοντας,
342 3255 424 3314 atque
436 3251 476 3300 sie
490 3265 595 3315 quoque
604 3251 676 3300 hunc

135 3315 222 3366 locum
237 3317 348 3366 exhibet
359 3317 575 3382 Wesselingius,
591 3320 635 3368 cui
648 3319 676 3367 in

735 1494 843 1558 quidem
863 1495 915 1546 hac
934 1497 962 1545 in
980 1503 1119 1548 structura
1138 1499 1205 1550 ferri
1223 1516 1277 1552 non

734 1577 814 1626 posse
828 1563 968 1628 existimo,
982 1565 1144 1630 praesertim
1156 1582 1216 1616 cum
1230 1583 1278 1618 an-

733 1629 845 1679 tecedat
873 1625 992 1694 μέζονας
1026 1647 1115 1698 neque
1144 1627 1275 1698 μεζόνως,

733 1697 805 1760 qnod
823 1697 851 1746 in
863 1697 924 1748 Ioco
937 1699 1078 1750 Isocrateo
1091 1699 1191 1766 legitur
1202 1703 1275 1752 Eva-

733 1779 790 1826 gor.
804 1781 830 1829 p.
845 1763 901 1816 193.
919 1767 943 1827 ξ.
956 1766 1002 1815 21:
1021 1757 1051 1829 ἐξ
1069 1753 1109 1818 τόν
1125 1763 1277 1833 μεζόνως

732 1825 770 1881 οἶν
788 1831 895 1897 φανείη
914 1825 1036 1898 γεγονός
1054 1822 1073 1900 ἦ
1083 1829 1149 1886 κατ’
1161 1831 1275 1900 sindper-

732 1915 804 1961 πον,
824 1901 951 1964 adquam
969 1901 1058 1952 locum
1077 1903 1156 1968 plura
1174 1905 1276 1954 similia

734 1983 767 2016 ex
784 1968 906 2018 Isocrate
931 1968 1023 2018 attulit
1041 1969 1106 2020 Otto
1125 1970 1277 2022 Schneider

733 2051 760 2102 p.
773 2034 814 2084 41.
843 2035 938 2100 Neque
958 2037 1046 2101 magis
1064 2053 1124 2088 cum
1137 2037 1275 2104 Schweig-

731 2103 881 2164 haeusem,
901 2104 947 2168 qui
965 2103 1140 2169 participium
1159 2099 1276 2170 ἔχοντας

733 2186 749 2219 a
762 2170 853 2220 verbis
868 2172 1096 2222 antecedentibus
1110 2174 1235 2238 seperari
1248 2179 1276 2224 et

732 2253 792 2287 curn
821 2237 911 2288 verbis
944 2239 1121 2304 sequentibus
1151 2234 1278 2292 ἕπεσθαί

731 2319 782 2369 σφι
801 2306 930 2371 coniungi
954 2305 1013 2356 vult
1035 2307 1177 2370 minusque
1199 2313 1275 2358 reete

731 2373 784 2423 huc
802 2372 901 2422 referri
919 2387 998 2438 posse
1017 2373 1275 2438 putatlocntionem

731 2440 826 2505 ληρεῖς
840 2432 922 2504 ἔχων,
943 2441 1118 2506 participium
1131 2441 1182 2492 hec
1196 2435 1275 2507 ἔκον-

730 2523 781 2566 τας
800 2505 893 2557 verbis
910 2505 995 2557 linitis
1013 2509 1098 2558 adiici
1110 2509 1219 2558 solitum
1235 2511 1275 2559 ita

730 2574 922 2640 explicuerim,
941 2581 970 2625 ut
988 2578 1173 2626 continuitatem
1191 2591 1275 2642 quan-

731 2643 793 2693 dam
822 2641 927 2692 iudicet
953 2643 1092 2709 verbaque
1115 2643 1275 2695 Herodotea

731 2704 861 2775 (ἔχοντας
874 2704 999 2762 ἕπεσθαί
1010 2711 1072 2776 σφι)
1087 2711 1128 2762 sic
1141 2711 1274 2762 vertenda

731 2779 799 2830 sint:
828 2782 988 2830 contr'nenlcr
1013 2779 1063 2830 siti
1084 2781 1216 2838 institisse,
1244 2783 1274 2829 ut

730 2846 907 2897 reddiderunt
935 2847 1212 2912 Schweiglraeueerus
1246 2853 1274 2897 et

729 2914 899 2976 Ilin'dorlius;
918 2915 964 2964 ubi
977 2915 1067 2964 medio
1079 2915 1163 2964 verbo
1177 2905 1273 2980 ἐχομέ-

730 2997 811 3044 νους,
836 2981 905 3044 quod
924 2982 1045 3046 proxime
1064 2983 1190 3046 sequenti
1209 2975 1271 3032 ἕπε-

729 3049 801 3100 σθαι
820 3049 962 3114 iungatur,
987 3063 1054 3113 opus
1078 3047 1161 3098 fuisse
1185 3049 1272 3099 eredi-

729 3117 824 3166 derim.
848 3115 926 3178 Quod
938 3115 1009 3165 idem
1021 3116 1091 3166 bene
1103 3116 1190 3166 sensit
1201 3117 1273 3166 Hoe-

730 3200 779 3248 ρετ
802 3183 873 3232 hunc
895 3183 984 3233 locum
1008 3188 1133 3234 tractans
1154 3184 1182 3234 in
1200 3185 1272 3234 dett,

728 3249 833 3316 philoll.
845 3251 968 3300 Menace.
981 3251 1033 3314 III,
1046 3251 1070 3303 t.
1082 3251 1211 3316 pugneo,
1225 3252 1274 3302 ubi

727 3314 848 3384 μέζονας
878 3319 906 3367 in
935 3311 1058 3383 μεζόνως
1080 3322 1181 3368 mutari
1204 3319 1271 3368 vult.

134 3383 267 3434 Herodoti
295 3384 356 3434 loco
383 3385 536 3436 rescribere
559 3384 676 3451 placuit:
727 3386 839 3450 Negris,
860 3386 904 3450 qui
922 3385 1272 3451 plunoutSchweighaeu·

134 3445 261 3514 μέζονα
279 3439 299 3518 ἢ
316 3443 390 3504 κατὰ
412 3443 571 3516 ἄνθρωπον
589 3445 677 3518 φύσιν
727 3468 803 3502 serus
819 3451 909 3518 iungit
926 3469 986 3502 curn
1000 3453 1084 3504 verbo
1101 3447 1219 3517 ἔχοντας
1232 3467 1273 3502 se·

134 3512 259 3584 ἔχσντας.
305 3519 428 3570 IIoenius
455 3535 536 3570 unum
560 3513 676 3584 ἔχοντας
727 3520 840 3585 quentia
858 3521 943 3572 verba
962 3515 1089 3572 ἕπεσθαί
1104 3533 1171 3583 σφι,
1191 3520 1274 3568 inter-

133 3588 232 3637 mutari
250 3586 337 3638 voluit
353 3589 381 3638 in
395 3579 509 3651 ἐόντας,
527 3593 557 3638 ut
575 3587 675 3638 intelli·
727 3591 863 3652 pretatur:
884 3581 935 3638 etv
948 3582 1077 3638 ἔπαυσαν
1094 3579 1273 3645 audacitatis·

134 3659 263 3718 gerentur
279 3659 371 3706 ωτααίί
386 3657 509 3707 lominum
524 3655 674 3706 slotardnl·
726 3645 923 3720 ἀκολουθῶσι,
947 3673 997 3707 τινα
1015 3657 1165 3706 destiterunt
1183 3655 1215 3704 ab
1233 3656 1270 3706 ιά-

133 3725 227 3778 tioresr
245 3737 360 3788 eamque
380 3723 599 3774 emendationem
611 3721 675 3774 Val-
725 3724 868 3789 sequendo,
889 3739 950 3774 curn
965 3723 1076 3772 verbnm
1090 3716 1207 3788 ἔχοντας
1225 3723 1270 3774 hic

134 3789 264 3840 ckenario
283 3805 388 3855 quoque
406 3791 550 3856 probatam
571 3791 599 3840 in
617 3794 674 3840 tex·
727 3791 963 3842 continuationem
986 3791 1164 3842 insecutionis
1188 3791 1270 3841 deno·

134 3861 188 3906 turn
200 3859 520 3924 recepemntSchaeler,
539 3859 675 3909 Matthiae
726 3865 774 3908 tet.
812 3859 890 3920 Quod
910 3858 944 3908 ad
964 3873 1038 3908 usum
1057 3858 1270 3924 praepositionis

134 3928 161 3973 et
171 3925 306 3988 Dietsch.,
325 3925 418 3976 invitis
436 3921 504 3977 sane
517 3925 595 3976 libris
607 3927 676 3977 scri·
727 3918 799 3978 κατὰ
810 3927 839 3976 in
851 3925 955 3976 talibus
968 3925 1075 3988 attinet,
1089 3931 1118 3976 tn
1128 3927 1182 3976 vid.
1192 3942 1270 3991 prae-

135 3992 201 4106 ptIs,
226 4007 243 4042 a
266 3989 367 4058 quibui
382 3993 508 4060 equidem
527 4010 587 4044 cum
604 3995 676 4044 Bek-
727 4001 770 4046 ter
785 4011 833 4056 ea,
857 4009 928 4058 quae
945 3997 1000 4044 iam
1019 3993 1211 4056 excitavimus,
1232 3993 1272 4042 al·

154 4075 199 4110 ero
223 4065 251 4110 et
267 4060 409 4112 Diadorfio
431 4062 472 4112 ita
489 4067 562 4112 stare
581 4061 674 4122 malui,
727 4063 787 4112 lata
811 4061 845 4112 ad
868 4061 998 4114 Herodot.
1017 4062 1068 4124 IV,
1087 4060 1129 4112 95.
1153 4062 1207 4122 ΙΙΙ,
1230 4061 1269 4110 ll.

137 4131 164 4176 ut
180 4121 297 4193 ἔχοντας
321 4131 400 4180 uncis
424 4129 592 4180 includerem
614 4135 674 4180 tan·
725 4131 767 4180 Ad
785 4129 874 4195 ipsum
887 4134 1075 4196 argumentum
1090 4130 1136 4180 Cr.
1151 4129 1270 4180 conferri

136 4209 212 4256 qnam
236 4211 332 4246 vocem
355 4198 489 4262 spuriam,
514 4213 584 4262 quae
603 4197 674 4248 male
726 4196 1270 4262 iusseratHeyniiExcurs.XllIadVir·

137 4260 244 4314 aliunde
263 4266 291 4312 in
303 4264 436 4315 Herodoti
455 4265 540 4316 verba
558 4267 673 4330 irrepse-
726 4265 774 4330 gil.
794 4265 863 4316 Aen.
886 4265 935 4316 lib.
955 4267 981 4315 1:
1009 4265 1052 4314 De
1076 4257 1268 4330 ἐπιφανείαις.

136 4329 170 4378 rit
186 4331 303 4397 indeque
321 4333 407 4384 verbe
429 4323 539 4398 ἢνατᾶ
562 4321 675 4397 ἀνθρώ·
725 4333 768 4382 Tu
786 4334 841 4384 vid.
860 4330 1029 4400 potissimum
1048 4331 1135 4382 allata
1154 4331 1190 4382 ad
1200 4331 1222 4393 I,
1236 4327 1270 4380 68

136 4411 194 4448 πων
205 4391 294 4464 φύσιν
312 4399 407 4452 eodem
424 4414 508 4452 sensu
520 4401 674 4467 acciperem
725 4400 758 4451 de
777 4416 811 4452 ea
828 4407 952 4454 veterum
969 4400 1112 4465 opinione,
1137 4413 1190 4464 qna
1212 4413 1268 4447 ma·
