3040 4962
249 459 289 522 52
380 405 387 416 Ι
686 450 953 513 HERODO'I'I

247 623 486 714 ἀπορραγεῖσαι
505 622 567 694 δύο
585 626 728 714 κορυφαὶ
756 627 912 715 ἐφέροντο
930 627 1042 716 πολλῷ
1058 622 1193 717 πατάγῳ
1213 627 1245 705 ἐς
1268 621 1395 706 αὐτοῦς

248 729 304 798 καὶ
328 729 510 814 κατέλαβον
527 723 670 816 συχνούς
688 747 819 816 σφεων,
845 728 881 795 ἐκ
905 726 1021 795 diceri
1044 727 1121 815 ἱροῦ
1140 730 1198 814 τῆς
1221 734 1396 816 Προνηΐης

202 831 241 893 38
249 827 312 918 βοή
329 857 365 899 τε
389 830 444 898 καλ
463 823 650 918 ἀλαλαγμὸς
669 830 804 915 ἐγίνετο.
847 830 1090 917 Συμμινέντων
1108 829 1145 896 di
1163 826 1291 898 τούτων
1309 826 1394 897 πάν·

248 959 317 1002 των
345 929 452 1020 φόβος
479 945 564 1000 τοῖσι
594 927 791 1020 βαρβάροισι
816 926 1050 999 ἐνεπεπτώκεε.
1097 927 1263 1018 μαθόντες
1293 930 1331 998 δὲ
1360 935 1398 999 οἱ

249 1111 313 1162 pag.
326 1093 352 1158 7)
366 1111 399 1144 ex
412 1095 471 1160 ipso
481 1095 586 1158 Trogo,
600 1098 630 1142 ut
642 1097 732 1158 putat,
747 1092 794 1141 du·
846 1093 1011 1142 monuimus:
1032 1093 1101 1142 duae
1120 1093 1173 1142 bae
1191 1089 1317 1158 νοραφαλ
1337 1109 1393 1157 qua

249 1169 295 1214 etr.
313 1169 340 1212 et
353 1177 414 1213 cum
427 1163 560 1212 Herodoti
580 1161 672 1211 verbis
685 1175 795 1225 prorsus
846 1167 925 1225 parte
940 1162 1051 1222 iuerInt,
1066 1161 1090 1210 si
1101 1177 1226 1226 quaeras,
1241 1177 1295 1210 uon
1308 1161 1392 1226 longe

250 1230 465 1288 consentientia,
485 1245 498 1278 e
512 1229 646 1279 Poloniee
659 1227 753 1292 lingua
766 1229 794 1276 in
847 1228 882 1278 ab
901 1229 969 1278 aede
983 1229 1124 1278 Minervae
1140 1228 1205 1277 illas
1218 1229 1392 1292 quaerendas

249 1300 379 1348 Letinsm
392 1297 432 1347 sie
444 1297 565 1346 reddita:
585 1297 717 1358 „Xerxes
731 1296 794 1344 Per·
846 1311 920 1356 ease,
940 1296 985 1345 bic
1003 1299 1063 1360 ipse
1082 1296 1158 1345 loeus
1175 1297 1293 1356 iudicat,
1314 1297 1392 1345 item-

248 1381 339 1417 sarum
353 1381 414 1426 rex,
429 1365 547 1414 eucleoitt
560 1365 630 1413 adeo
644 1364 744 1422 erevit,
764 1368 795 1410 ut
846 1379 897 1428 que
917 1363 1001 1424 alter,
1021 1364 1068 1428 qui
1086 1363 1186 1426 legitur
1200 1379 1262 1429 cap.
1275 1361 1322 1426 39,
1342 1363 1392 1412 ubi

248 1433 378 1500 ternplum
392 1432 459 1482 illud
473 1431 662 1496 (Delphicum)
675 1430 794 1496 spoliau·
845 1445 914 1480 saxa
933 1447 947 1480 e
966 1431 1104 1480 Parnasso
1122 1429 1238 1496 delsps'a
1256 1431 1391 1480 Herodoti

248 1501 311 1550 dum
324 1505 468 1550 statueret.
488 1501 525 1550 Ae
538 1501 654 1550 deorsum
667 1501 715 1548 duo
727 1513 795 1547 raca
848 1503 942 1548 aetate
956 1498 1044 1547 adhue
1056 1500 1205 1563 eonspieus
1218 1513 1279 1548 esse
1293 1499 1391 1548 dieun-

249 1572 428 1618 inexercitum
445 1569 700 1632 rememorarent,
719 1568 794 1615 ictas-
846 1571 890 1614 tur
915 1557 946 1615 is
969 1564 1009 1630 τῷ
1031 1560 1145 1630 τεμένεϊ
1166 1564 1217 1631 τῆς
1241 1561 1391 1632 Προνηΐης

249 1651 296 1700 ραν
306 1635 434 1698 fulminei,
447 1636 573 1696 tonitrua,
583 1635 717 1700 froperoc
729 1635 794 1683 eius·
843 1622 1005 1698 Ἅθηναίης.
1035 1635 1133 1698 Itaque
1146 1634 1199 1682 nisi
1212 1633 1295 1683 iallor
1307 1635 1389 1683 Plue-

248 1703 316 1751 modi
338 1707 502 1766 ierrpealeter
525 1708 631 1752 coortae
656 1707 732 1760 eunt,
763 1705 795 1750 ut
845 1703 951 1750 driades
963 1700 1167 1766 intelliguntur,
1187 1715 1257 1766 quse
1270 1705 1333 1750 sunt
1346 1717 1390 1750 ru·

249 1773 377 1834 quattuor
394 1767 482 1816 millia
499 1769 636 1818 bominum
654 1768 793 1818 simules·
845 1783 895 1834 pes
918 1769 1100 1834 praecipites,
1128 1769 1157 1818 in
1180 1769 1264 1818 altum
1287 1770 1391 1834 septin-

249 1837 300 1886 eiai
312 1835 426 1896 iucriut3
437 1835 535 1900 reliqui
545 1851 618 1896 vero,
627 1836 792 1899 aitTrogus‚
846 1841 943 1902 gentos
954 1836 1040 1886 ferme
1051 1837 1136 1901 pedes
1146 1841 1326 1902 exsurgentes
1335 1836 1390 1886 hse

247 1909 351 1952 terrore
361 1903 481 1968 perculsi
495 1904 696 1952 secesserunt.“
716 1902 793 1964 Quse
845 1909 941 1969 parto,
959 1903 1030 1953 unde
1048 1903 1172 1954 homines
1184 1903 1325 1954 maleficos
1341 1910 1391 1953 aut

248 1970 794 2032 sanetaliasunt,utexHerodetohau-
846 1971 980 2022 scelestos
1007 1971 1128 2022 deiicere
1156 1971 1300 2033 solebant;
1333 1973 1390 2020 vid.

248 2045 292 2088 sta
306 2053 365 2088 esso
378 2038 531 2088 viileautur.
565 2039 601 2087 Et
614 2037 684 2102 quod
697 2039 793 2088 mirum
845 2039 955 2088 Ulriebs
972 2038 990 2088 l.
1004 2037 1021 2087 l.
1036 2055 1100 2104 pag.
1113 2039 1145 2088 47
1158 2055 1226 2103 seq„
1246 2039 1315 2089 Rosa
1334 2038 1351 2089 l.
1370 2039 1389 2088 l.

249 2107 358 2166 eruditu,
373 2106 483 2168 eadem,
498 2121 568 2170 quae
582 2105 694 2166 Perses,
710 2105 794 2156 Gala·
845 2107 866 2159 1.
885 2123 911 2171 p.
930 2105 963 2156 65
982 2106 1045 2156 eoll.
1064 2107 1207 2157 Thiersch.
1227 2107 1244 2156 l.
1263 2106 1281 2154 l.
1301 2123 1326 2172 p.
1349 2107 1389 2157 13.

248 2177 291 2224 tos
305 2189 410 2240 quiaque
429 2174 609 2238 irrumpentes
630 2173 757 2238 abegisse
777 2190 793 2223 s
844 2175 884 2223 Ae
897 2189 979 2239 supra
990 2173 1137 2224 Castaliam
1151 2175 1238 2240 ipsam
1251 2190 1332 2240 rupes
1343 2175 1391 2224 sd-

247 2241 349 2308 templo
361 2241 505 2308 spoliando
521 2247 616 2290 narrat
628 2241 792 2302 Pausanias,
845 2241 952 2291 modum
971 2241 1045 2291 altae
1065 2243 1094 2291 in
1112 2243 1161 2292 diro
1180 2243 1326 2292 eacumina
1345 2259 1390 2292 ex·

247 2309 315 2376 ipsis
333 2309 418 2360 ierme
432 2309 565 2359 Herodoti
582 2309 674 2360 serbis
691 2309 743 2358 bac
763 2310 792 2358 in
844 2314 923 2358 eunt:
942 2310 1012 2359 unde
1030 2315 1105 2371 sunt,
1126 2310 1172 2374 qui
1184 2310 1309 2374 bicipitem
1322 2309 1390 2359 Par·

248 2393 276 2426 re
295 2377 451 2428 enarranda
468 2393 533 2428 usus
551 2377 577 2438 1,
597 2377 622 2426 4.
639 2377 663 2438 §-
683 2377 698 2426 4
717 2383 744 2426 et
758 2377 789 2438 X,
843 2391 953 2426 nassum
966 2377 1099 2439 (veterum
1110 2376 1185 2426 loeoa
1196 2375 1390 2426 iudicaverunt

247 2443 289 2496 23.
303 2449 327 2508 ς.
341 2447 372 2508 4,
390 2445 437 2495 ubi
455 2447 527 2496 inter
545 2444 602 2495 elia
619 2444 689 2494 haee
706 2445 792 2494 verbo
843 2445 992 2510 Forbiger:
1006 2445 1115 2494 Haudb.
1130 2445 1155 2496 d.
1170 2444 1217 2494 alt.
1231 2445 1388 2510 Geognlli.

248 2513 337 2562 teneri
354 2513 491 2564 volumus:
516 2507 617 2578 πέτραι
639 2527 669 2563 τε
691 2503 789 2562 α’πολι·
843 2528 868 2576 p.
881 2511 1007 2562 8590011.
1021 2511 1140 2564 Ulriehe.
1150 2512 1168 2562 Ι.
1182 2512 1199 2565 l.
1213 2528 1278 2578 pag.
1290 2511 1332 2560 40.
1345 2512 1388 2562 48.

248 2575 410 2630 αθάνονοαι
422 2579 473 2630 τοῦ
484 2579 658 2644 Παρνασσοῦ
691 2573 791 2644 eydios
842 2579 884 2642 55,
900 2579 976 2630 Roas.
989 2579 1007 2630 l.
1024 2579 1042 2629 l.
1056 2595 1119 2645 pag.
1130 2580 1174 2642 57)
1187 2579 1240 2630 hue
1253 2579 1388 2630 reserant

247 2642 432 2726 ναλκρρμνολ
449 2663 652 2712 καταρρηγναμ
671 2661 790 2698 voiono·
843 2647 885 2696 Tu
912 2647 967 2697 vid.
996 2647 1080 2697 etiam
1104 2651 1173 2697 nott.
1196 2648 1231 2696 ad
1255 2647 1389 2698 Herodot.

247 2705 304 2762 πόν
315 2729 382 2772 seve
400 2706 563 2779 βαρβάρους
580 2707 674 2778 εἶχον,
694 2715 791 2778 quibus
843 2714 910 2764 VIII
943 2713 985 2765 39.

247 2779 388 2828 simillime
411 2779 539 2844 leguntur
562 2781 634 2846 apud
658 2781 791 2830 Iustinum
877 2753 926 2832 καλ
949 2775 1108 2848 κατέλαβον
1129 2779 1253 2848 ’συχνούς
1277 2780 1386 2850 σφεων]

247 2845 345 2909 XXIV,
358 2845 375 2896 8
387 2846 471 2896 baeer
492 2853 600 2909 „terrae
614 2853 688 2898 motu
701 2851 791 2913 portio
842 2849 861 2901 i.
881 2853 1061 2916 emeritosque
1084 2866 1170 2901 eorum
1192 2859 1388 2928 oppresserunt.

247 2913 345 2964 montis
375 2914 493 2979 abrupte
523 2915 662 2964 Gallorum
692 2917 792 2966 stravit
841 2917 897 2966 Ubi
915 2918 1027 2968 verbum
1045 2916 1290 2984 ναταλαμβανειν,
1316 2919 1391 2983 quod

248 2981 431 3030 exereitum.“
472 2982 511 3030 Ae
533 2988 638 3046 negant
654 2983 790 3034 Diodorus
842 2987 995 3051 merquardi
1020 2991 1048 3036 et
1070 2987 1278 3050 deprehendendi
1298 2986 1388 3036 notio-

247 3053 275 3098 et
286 3049 439 3098 Pausanias
452 3047 539 3114 ipsum
550 3049 684 3114 Apollinis
695 3052 790 3101 aedom
842 3067 905 3101 nem
923 3052 1020 3116 babet,
1041 3055 1141 3104 transit
1159 3055 1187 3103 in
1206 3053 1389 3118 significatio-

248 3132 264 3164 α
277 3115 369 3164 l'ersis
381 3115 516 3180 direptam
534 3131 594 3166 esse
608 3118 790 3184 incendioque
841 3135 904 3168 nem
921 3123 1093 3184 opprimendi,
1111 3124 1266 3186 occupandi,
1285 3135 1340 3185 qua
1352 3121 1388 3170 de

248 3187 401 3248 vestatum,
431 3183 612 3234 dissentiente
641 3185 790 3236 Plutarcho
841 3187 953 3237 urbibus
976 3189 1110 3254 terrisque
1135 3205 1222 3254 seque
1246 3193 1327 3253 atque
1352 3189 1387 3238 de

247 3251 301 3300 Vit.
314 3251 393 3304 Num.
406 3249 430 3300 il.
445 3267 508 3316 pag.
523 3249 607 3314 6qu
627 3253 672 3318 qui
688 3247 738 3304 τὸν
750 3247 790 3304 λε·
840 3253 995 3306 bominibus
1014 3257 1069 3306 diei
1084 3261 1201 3307 constat.
1237 3257 1299 3306 Vid.
1313 3256 1387 3305 The-

247 3311 298 3382 ρόν
322 3310 427 3384 λύχνον
455 3319 514 3370 τίνα
545 3323 685 3370 aeternum
713 3321 790 3371 illum
840 3336 913 3370 sotir.
926 3323 1006 3388 Liug.
1020 3324 1118 3374 Graec.
1132 3325 1178 3375 1v.
1196 3339 1259 3390 pag.
1276 3322 1342 3372 1116
1359 3329 1389 3373 et

245 3387 351 3452 ignem,
376 3402 436 3436 cum
455 3385 584 3452 ternplum
608 3403 625 3436 a
643 3389 731 3438 Medis
749 3392 790 3439 in·
844 3388 907 3438 1117
921 3389 963 3439 ed.
978 3391 1150 3442 ltinrlori.—
1169 3384 1333 3456 α’λαλαγμός
1351 3392 1387 3440 de

245 3455 443 3517 ilommeretur,
466 3455 629 3504 exstinctum
652 3471 712 3508 esse
733 3463 788 3507 trs·
841 3456 958 3506 militum
977 3458 1095 3509 clamore
1113 3459 1248 3524 inpugna
1261 3459 1387 3523 adeoque

246 3521 294 3572 dit.
320 3523 397 3588 Apud
411 3523 578 3574 Herodotum
591 3523 629 3572 nil
643 3523 789 3591 quidquam
840 3523 950 3574 ululatu
961 3526 1074 3588 dieitur;
1088 3527 1143 3576 vid.
1158 3527 1291 3578 Thesaur.
1304 3527 1385 3590 Liug.

246 3588 348 3652 legItur
360 3590 418 3640 tsle
431 3591 467 3652 11,
484 3590 540 3640 180.
554 3592 586 3654 V,
600 3591 641 3641 6⁶2.
667 3593 789 3643 Ctesiam
841 3591 887 3642 Gr.
900 3593 922 3642 1.
942 3609 968 3658 p.
984 3591 1048 3642 1393
1067 3594 1109 3642 ed.
1122 3594 1218 3656 Diud.;
1238 3595 1309 3660 apud
1321 3593 1386 3643 Plu·

247 3655 270 3704 si
289 3657 431 3708 audiamus
450 3659 538 3709 Persa.
552 3661 693 3724 Execrptt.
708 3662 731 3721 ξ.
745 3661 788 3724 25,
841 3659 965 3710 tarehum
989 3661 1118 3724 frequens
1141 3661 1244 3712 haecce
1266 3678 1331 3718 vox,
1355 3666 1386 3710 ut

245 3721 404 3772 Mardonius
417 3741 434 3773 a
446 3725 536 3776 Xerxe
550 3728 648 3776 missus
662 3728 696 3776 ad
708 3728 790 3793 Apol·
839 3725 897 3778 1οοί
920 3728 1066 3777 ostendunt
1089 3729 1201 3778 collecti
1224 3745 1241 3778 a
1258 3730 1385 3792 Wytten·

245 3785 311 3836 linis
335 3789 431 3864 aedem
454 3807 466 3840 s
488 3793 625 3843 oliandam
648 3793 687 3843 ibi
709 3810 789 3844 occu·
841 3794 941 3846 baebio
965 3796 993 3844 in
1016 3795 1111 3846 Indice
1134 3796 1242 3848 biorall.
1262 3797 1339 3858 Vlil,
1361 3795 1383 3846 i.

245 3853 306 3932 buit
322 3855 446 3920 χαλαζης
473 3854 646 3927 ueneratione
658 3861 788 3926 παχείας,
840 3877 904 3928 pag.
923 3861 965 3912 65.

246 3937 264 3970 1.
279 3937 302 3970 e.
316 3923 449 3986 grandine
463 3925 608 3989 ingruente
622 3943 725 3980 crassa.
748 3931 788 3980 Ae

246 4002 314 4037 saue
337 3988 377 4038 ita
395 3989 495 4041 Persas
517 3993 657 4056 retollere,
682 4011 789 4060 quaes

247 4053 361 4105 Graecis
380 4055 444 4106 dein
463 4058 559 4108 mirum
571 4061 600 4109 in
612 4063 718 4112 modum
732 4080 788 4114 arn·

246 4121 334 4200 plipta
346 4129 374 4172 et
384 4131 517 4174 exornata
527 4125 590 4188 sint,
605 4130 702 4179 eredes
712 4131 787 4184 licet.
874 4121 1074 4198 ἐνεπεπτώκεε]
1099 4135 1131 4184 In
1150 4135 1291 4185 Saneroiti
1313 4133 1382 4184 libro

177 4245 180 4250 Ι
279 4203 338 4272 ατο
355 4183 390 4269 βξ
404 4189 455 4240 τοῦ
472 4191 538 4256 Παρ
577 4193 645 4274 sopri
662 4187 788 4263 α’πορρα-
840 4189 1011 4257 ἐπεπτώκεε,
1026 4202 1054 4250 in
1069 4201 1124 4251 alio
1137 4202 1209 4252 libro
1222 4193 1380 4252 isesessor'·

246 4257 549 4334 γερααρδαονοραφαλ
579 4257 789 4325 pepone—ic
839 4279 895 4318 νεε.
930 4267 1158 4331 'ruef.1v,203.
1176 4269 1285 4330 v11‚43
1303 4275 1330 4318 et
1348 4269 1381 4317 de

246 4322 360 4402 αατονς]
379 4325 475 4376 Plures
488 4343 548 4378 ease
561 4328 692 4380 Parnassi
704 4347 785 4396 κορν-
838 4332 1100 4398 plusquamperieeti
1113 4351 1161 4385 usu
1173 4335 1379 4388 praecussor.

246 4405 304 4456 φας
323 4393 377 4443 iam
396 4407 479 4459 supra
496 4395 662 4460 adverti
681 4398 788 4451 eoll.32
838 4401 862 4460 ξ.
876 4397 935 4464 606,
949 4401 995 4451 IV.
1031 4403 1168 4454 Advoees
1186 4397 1240 4454 tel
1253 4401 1382 4456 Βοιωτῶν

991 4031 1058 4082 Cir.
1077 4033 1231 4084 XXXVIII.
