3026 4970
211 441 273 502 272

646 433 913 494 HERODOTI

209 611 257 702 τςό
272 605 412 700 Ἀνδρίφ
432 603 541 677 έλθιόν
561 609 592 687 ἐς
611 613 690 695 ἔριν.
715 603 967 694 Λακεδειμόνιοι
986 608 1035 692 δὲ,
1053 603 1218 693 μαθόντες
1236 599 1299 673 οὐκ
1318 607 1354 685 ἐς

210 705 391 799 μυμνιιιοδς
410 704 478 777 ἄλλ’
499 711 530 788 ἐς
554 704 690 798 όρηΐους
714 703 845 794 όγσῖνας
869 710 973 796 φέρον
995 704 1031 777 τό
1060 709 1247 795 Τισαμενοῦ
1269 734 1353 794 μαν-

209 809 321 898 τήϊον,
345 813 457 902 μισθῷ
481 813 659 900 ἐπειρῶντο
683 817 856 889 πείσαντες
884 804 1070 898 Τισαμενόν
1088 812 1259 877 ποιέεσθαι
1283 803 1354 896 ἅμα

204 907 449 1002 Ἡρακλειδέων
475 927 561 980 τοῖσι
588 913 759 998 βασιλεύοι
786 905 933 999 ἡγεμόνα
959 913 1026 980 τῶν
1053 911 1214 999 πολέμων.
1253 902 1271 977 ό
1300 909 1352 996 δέ,

208 1009 315 1104 ὁρέων
346 1014 423 1102 περὶ
457 1015 583 1082 πολλοῦ
616 1015 833 1100 ποιευμένους
860 1009 1072 1101 Σπαρτιήτας
1106 1019 1207 1099 φίλον
1241 1006 1413 1080 αότόνσυθ

208 1117 432 1205 προσθέσθαι,
450 1110 570 1202 μαθων
587 1115 684 1182 τοῦτο
702 1107 851 1201 ἆνετίμα,
870 1121 1043 1202 σημαίνων
1060 1133 1132 1201 σφι,
1152 1107 1214 1200 ὥς,
1233 1109 1275 1200 ἦν
1292 1141 1355 1200 μιν

209 1214 370 1304 πολιήτην
388 1218 549 1306 σφέτερον
567 1212 769 1303 ποιήσωνται
786 1217 854 1283 ταῖν
872 1212 1008 1284 πάντων
1019 1211 1265 1303 μεταδιδόντες,
1279 1239 1353 1282 ποι-

208 1317 280 1406 ήσει
298 1319 418 1405 ταῦτα,
439 1313 490 1387 ἐπ’
509 1313 599 1410 ἄλλῳ
616 1319 729 1409 μισθςό
747 1311 780 1384 δ’
799 1311 849 1385 οὔ.
874 1317 1081 1404 Σπαρτιῆται
1101 1315 1138 1384 δέ
1156 1317 1271 1404 πρῶτα
1287 1315 1355 1402 μὲν

210 1473 300 1532 adteri
316 1477 366 1531 καὶ
383 1471 519 1546 ἁμαρτών
531 1479 581 1546 τῆς
594 1479 676 1546 νίκης
688 1495 753 1530 συν-

209 1549 267 1613 ίησι
286 1548 336 1598 τοῦ
354 1547 495 1613 χρησμοῦ,
521 1541 636 1599 διδόναι
658 1541 688 1597 οἷ
703 1540 753 1597 τόν

209 1611 282 1667 θεὸν
305 1610 507 1682 μαντευομένῳ
530 1610 614 1666 πέντε
640 1607 753 1680 οἰνῶνας

209 1678 322 1750 πολέμῳ
339 1682 478 1749 κρατῆσαι
503 1699 529 1733 ιι.
546 1699 569 1732 τ.
588 1683 612 1733 λ.
648 1683 753 1744 Quibus

208 1752 367 1802 Pausaniae
379 1751 471 1802 verbis
485 1767 560 1813 eam,
578 1765 659 1816 quam
677 1751 751 1800 dedi·

209 1834 268 1868 mus
285 1819 553 1884 interpretationem,
579 1834 611 1868 ex
629 1833 682 1882 qua
699 1833 753 1866 uno

805 1495 904 1530 manno
918 1479 1047 1544 (Opuscc.
1060 1479 1164 1529 Acadd.
1178 1479 1227 1528 III.
1241 1493 1266 1542 p.
1281 1477 1316 1526 211
1329 1494 1353 1527 s.

805 1549 846 1596 De
860 1548 983 1612 Sosigen.
998 1547 1126 1611 Aeginet.
1140 1564 1165 1612 p.
1178 1545 1214 1609 11),
1228 1547 1278 1595 boc
1292 1547 1353 1594 He-

805 1615 895 1665 rodoti
907 1614 969 1664 loco
982 1616 1051 1664 satis
1064 1614 1237 1679 comprobari
1254 1615 1352 1662 existi-

804 1683 904 1743 manti,
929 1682 1020 1743 illum,
1047 1683 1138 1747 quiin
1156 1681 1250 1746 aliqua
1272 1683 1353 1745 quin-

804 1751 905 1814 quertii
916 1755 996 1815 parte
1009 1751 1099 1799 victus
1114 1750 1225 1808 fuisset,
1241 1749 1355 1814 reliqua

804 1823 898 1867 tamen
919 1818 1061 1882 peregisse
1080 1833 1196 1882 genera,
1221 1823 1253 1866 ut
1274 1822 1353 1866 certe

745 1913 754 1921 ·
806 1886 840 1947 ei,
856 1901 937 1950 aquo
950 1890 1095 1950 superatus
1109 1889 1191 1948 esset,
1205 1886 1354 1948 quinquer-

209 1969 348 2015 samenus,
368 1955 397 2003 iu
414 1953 526 2018 reliquis
543 1953 678 2018 superior,
700 1953 753 2002 uti—

210 2037 261 2086 que
274 2021 385 2087 probari
397 2028 536 2088 putamus:
551 2025 668 2070 testatur
681 2020 753 2070 enim

209 2089 378 2152 Pausanias,
396 2089 571 2138 Tisamenum
589 2089 617 2138 in
634 2104 709 2138 cursa
726 2093 754 2136 et

208 2162 274 2206 salta
287 2157 418 2207 victorem
432 2157 525 2216 luisse,
540 2159 568 2205 in
580 2160 647 2206 lacta
657 2170 753 2205 succu-

210 2225 311 2274 buisse.
331 2224 385 2274 Sed
395 2225 594 2289 quinquertium
605 2239 665 2274 eum
677 2223 753 2288 quin-

210 2308 261 2356 que
275 2291 503 2358 complecteretur
515 2293 694 2342 certaminum
707 2307 754 2356 ge·

209 2376 289 2410 nera:
303 2359 412 2424 saltum,
423 2361 536 2422 discum,
547 2359 752 2422 iaculationem,

210 2443 329 2488 cursum,
352 2427 454 2478 luctam
478 2429 521 2490 (de
544 2443 596 2493 quo
616 2427 670 2478 vid.
689 2427 754 2476 Phi-

209 2495 277 2561 lipp.
302 2497 343 2545 De
367 2496 510 2562 pentatblo
534 2512 556 2549 e.
580 2495 753 2561 quinquertio

209 2563 330 2613 BeroIIn.
356 2563 429 2613 1827.
451 2580 517 2628 pag.
534 2565 566 2613 27
590 2579 647 2628 seq.
670 2563 702 2612 87
726 2566 754 2611 et

210 2645 280 2694 quae
299 2630 356 2679 alia
374 2632 479 2680 excitat
496 2631 526 2681 C.
540 2631 584 2682 Fr.
596 2632 753 2680 Hermann:

210 2697 418 2747 Gottesdienstl.
431 2697 549 2748 Alterth.
563 2698 588 2746 d.
603 2697 713 2754 Griecb.
727 2698 751 2758 §-

209 2763 385 2826 samotra),
399 2765 457 2814 iure
471 2779 588 2830 quaeras
601 2766 634 2815 de
648 2765 753 2814 duobus

210 2831 255 2880 hic
273 2832 474 2896 praetermissis
486 2833 646 2896 generibus,
665 2832 698 2882 de
712 2833 752 2881 ia·

210 2897 272 2947 culo
286 2901 313 2946 et
325 2897 410 2948 disco.
440 2899 596 2950 Boeclrhius
611 2905 753 2964 utrrrmque

211 2965 344 3014 athletam
367 2981 461 3030 parem
485 2966 569 3016 luisse
592 2967 752 3029 arbitratur,

211 3033 280 3083 adeo
298 3037 329 3082 nt
344 3037 442 3082 neuter
463 3049 511 3098 pro
533 3035 639 3085 victore
656 3035 753 3084 haberi

209 3101 338 3166 potuerit,
352 3101 384 3150 G.
395 3101 568 3152 Hermannus
578 3103 753 3152 Tisamenum

209 3175 324 3234 utroque
348 3169 498 3219 certamine
522 3171 689 3235 superiorem
714 3175 753 3220 at-

210 3253 261 3303 que
272 3239 404 3287 victorem
414 3237 574 3288 discessisse
584 3239 669 3304 ponit.
684 3238 752 3287 Cou-

208 3311 252 3356 tra
265 3304 384 3372 Philipp.
402 3305 420 3355 l.
433 3305 452 3354 l.
470 3323 495 3371 p.
512 3304 559 3354 105
577 3305 753 3354 Tisamenum

209 3375 308 3424 statuit
331 3379 445 3439 atroque
470 3373 621 3423 certamine
648 3373 753 3422 victum

209 3442 321 3492 abiisse.
334 3443 376 3492 Ex
382 3441 514 3492 Herodoti
525 3441 616 3493 verbis
626 3440 665 3490 nil
679 3439 753 3489 aliud

209 3510 304 3576 colligi
314 3515 412 3576 potest,
427 3511 481 3560 nisi
490 3509 667 3560 Tisamenum
678 3509 754 3574 quln-

209 3580 309 3642 quertii
338 3584 479 3629 certamen
508 3579 670 3629 subeuntem
699 3591 753 3626 nno

209 3645 391 3710 quincuplicis
410 3648 569 3696 certaminis
590 3661 693 3712 genere
711 3644 750 3693 in·

209 3715 338 3761 t'eriorem
356 3715 508 3776 exstitisse,
535 3721 563 3764 et
585 3713 694 3778 quidem
714 3716 751 3762 ίιι-

208 3778 266 3835 etd,·
284 3780 354 3842 quod
367 3781 479 3844 gravius
492 3797 525 3832 ac
537 3781 679 3831 difficilius
693 3795 753 3829 cam

210 3850 284 3894 esset
308 3851 460 3909 certamen,
492 3855 618 3913 quattuor
646 3847 753 3912 reliqua

209 3927 296 3976 eaque
315 3912 420 3962 leviora
439 3917 579 3981 excepisse
602 3917 694 3980 utique
712 3917 752 3966 vi-

210 3979 301 4029 detur:
315 3980 383 4030 adeo
395 3985 425 4030 ut
434 3981 595 4034 Tisamenus
606 3999 666 4034 eum
676 3989 753 4048 quat·

210 4051 272 4097 tuor
295 4046 346 4096 illa
370 4051 523 4100 certamIna
547 4051 668 4102 feliciter
690 4067 752 4117 per-

211 4115 328 4178 egisset,
347 4114 382 4164 ad
401 4117 522 4180 quintum
540 4119 620 4184 idque
634 4121 752 4168 omnium

210 4183 403 4247 gravissimum
420 4183 511 4233 luctae
529 4187 664 4236 accedens
681 4187 752 4236 inlc-

210 4250 265 4300 rior
281 4253 310 4300 in
326 4249 379 4301 hac
398 4252 537 4302 exstitisse
559 4254 695 4318 putandus
715 4255 753 4304 sit

210 4333 299 4384 neque
312 4318 375 4369 inde
387 4319 475 4370 victor
486 4321 644 4371 renunciari
656 4327 752 4387 potae·

210 4387 254 4438 rit.
289 4387 379 4451 Quare
403 4385 476 4438 haud
500 4389 602 4440 accedo
627 4389 658 4442 G.
683 4390 752 4438 Her-

804 1954 838 2002 tii
849 1953 994 2003 victoriam
1008 1954 1135 2018 eriperet,
1147 1959 1202 2014 aut,
1218 1959 1354 2017 quautam

805 2021 834 2069 In
847 2021 907 2085 ipso
918 2025 999 2084 esset,
1013 2020 1123 2070 laudem
1135 2021 1193 2069 eins
1203 2022 1351 2069 miuueret.

804 2087 836 2138 Id
845 2088 1051 2138 verolierodoti
1060 2088 1226 2148 testimonIo,
1237 2093 1269 2135 nt
1278 2087 1353 2136 idem

805 2161 910 2217 monet,
924 2155 1065 2220 probatur,
1078 2155 1223 2214 nemiuem,
1236 2155 1291 2204 nisi
1305 2155 1353 2218 qui

805 2224 834 2272 ln
857 2223 982 2273 omnibus
1006 2224 1124 2287 quinque
1153 2222 1353 2271 certaminibus

806 2291 995 2341 adversarium
1018 2297 1190 2356 superasset,
1216 2291 1352 2340 victorem

805 2358 972 2424 quinquertii
995 2373 1055 2407 esse
1078 2358 1210 2407 habitum.
1251 2358 1353 2422 Itaque

805 2427 878 2476 lraad
890 2434 966 2475 recte
980 2425 1051 2474 tradi
1068 2430 1132 2490 puto
1150 2441 1167 2476 a
1182 2425 1211 2474 C.
1222 2423 1269 2474 Fr.
1280 2425 1352 2475 Her-

805 2509 905 2544 manno
918 2493 935 2542 l.
949 2493 979 2554 1.,
993 2509 1053 2542 eum
1066 2495 1212 2543 victoriam
1226 2507 1286 2542 ease
1302 2493 1352 2542 ad·

806 2566 911 2626 eptum,
925 2562 971 2625 qui
984 2561 1088 2610 duobus
1100 2561 1179 2610 modo
1191 2561 1352 2610 certamini-

804 2629 855 2678 bus
867 2629 991 2694 superior
1003 2630 1165 2679 exstitisset
1180 2655 1211 2664 -·
1226 2629 1257 2678 In
1271 2643 1350 2693 seqq.

805 2712 866 2746 cnm
877 2702 992 2747 recentt.
1000 2696 1059 2746 edd.
1072 2693 1351 2747 revocariAcasdas·

803 2756 899 2829 μόνισι
918 2756 950 2813 δὲ
962 2759 1123 2828 μαθόντες,
1141 2763 1189 2813 ubi
1201 2763 1283 2829 vulgo
1296 2779 1351 2829 μα-

804 2824 909 2890 θόντες
920 2824 952 2881 dl
958 2826 1194 2895 Λακεδαιμόνιοι,
1206 2831 1276 2896 quod
1287 2837 1352 2895 post

805 2899 983 2950 Schaelerum
1008 2901 1091 2949 etiam
1114 2900 1227 2949 retinuit
1247 2897 1351 2948 Illatth.

803 2967 845 3017 Ad
873 2983 969 3017 vocem
998 2959 1100 3033 α’ρήϊσς
1129 2967 1175 3029 (in
1198 2965 1290 3016 verbIs
1321 2959 1352 3024 ές

803 3025 954 3100 οἷρηίους
967 3024 1089 3099 αἠιδνας)
1102 3035 1157 3084 vid.
1173 3035 1249 3096 VIII,
1268 3033 1301 3084 37
1321 3041 1352 3083 et

805 3102 1054 3164 fflmfflfflffi

803 3161 1351 3302 ,rteaaaraaau,aaa
1386 3297 1389 3302 ,

803 3308 956 3368 συνείσεται,
982 3307 1068 3355 dacem
1085 3307 1203 3356 bellorum
1224 3321 1274 3354 aaa
1294 3321 1349 3355 cam

807 3375 1003 3423 (israelitorum
1014 3374 1116 3438 συρίσαι
1127 3373 1177 3423 riti
1187 3389 1348 3438 comparare,

804 3455 826 3490 s.
850 3441 977 3491 mercede
1006 3442 1145 3506 proposita
1170 3441 1349 3491 Tisamenum

804 3509 857 3558 sibi
867 3509 1017 3559 conciliare
1032 3509 1110 3574 eique
1121 3509 1285 3574 persuadere
1297 3514 1354 3556 stu-

804 3577 934 3637 duerunt,
954 3582 984 3626 ut
997 3576 1128 3626 bellorum
1141 3577 1194 3626 dux
1208 3577 1277 3642 ipsis
1290 3577 1347 3625 esi·

804 3651 889 3694 steret
902 3650 930 3694 et
940 3645 1082 3709 imperium
1093 3660 1152 3693 cum
1164 3644 1275 3709 regibus
1284 3659 1348 3709 par·

804 3713 909 3763 tiretur.
920 3712 1026 3762 Pendet
1038 3705 1348 3762 infinitivusrrcsa'sodus

805 3795 822 3829 a
834 3780 919 3830 verbo
937 3771 1103 3842 lassatim,
1123 3779 1157 3830 ad
1175 3780 1348 3844 quodetiam

804 3848 925 3912 pertinet
941 3845 1105 3910 πείσαντες,
1122 3863 1211 3912 neque
1229 3861 1294 3898 vero
1313 3863 1349 3898 ea

804 3919 955 3977 structura,
974 3931 1054 3981 quam
1073 3915 1108 3965 ad
1124 3916 1176 3978 IX,
1190 3914 1232 3964 211.
1249 3913 1282 3965 53
1301 3917 1348 3965 ob-

803 3984 985 4045 servavimus;
1000 3989 1028 4033 tu
1040 3984 1094 4032 vid.
1105 3989 1173 4034 nott.
1185 3983 1220 4033 ad
1232 3983 1276 4038 1v,
1291 3981 1347 4032 llll.

804 4052 882 4112 Quod
906 4052 1030 4116 sequitur
1054 4049 1141 4114 φίλον
1163 4044 1348 4113 προσθέσθαι

804 4119 917 4182 (arricum
933 4119 983 4168 sibi
993 4121 1100 4184 aliquem
1116 4118 1285 4180 adsciscere),
1305 4120 1348 4167 in·

804 4187 912 4236 venitur
929 4201 1034 4251 quoqne
1052 4187 1107 4248 111,
1127 4187 1168 4235 74.
1187 4187 1223 4248 V,
1241 4183 1284 4236 oe.
1304 4183 1346 4244 ee,

803 4254 851 4303 ubi
862 4253 917 4303 alia
929 4255 1062 4318 quaedam
1072 4254 1126 4302 iam
1137 4255 1266 4306 excitavi.
1280 4255 1347 4302 Ver·

803 4321 866 4371 bum
876 4311 1021 4386 σίνατιμοίν
1029 4321 1062 4371 dc
1073 4321 1272 4372 mercatoribus
1282 4321 1347 4380 diei,

804 4391 849 4452 qui
861 4405 985 4440 αοποααια
996 4391 1132 4440 Incendent
1150 4406 1171 4441 s.
1181 4392 1291 4454 pretium
1304 4406 1348 4439 αιι-
