2980 4978
313 457 371 516 DE
391 455 495 516 VITA
517 456 574 514 ΕΤ
596 454 788 516 SCRIP'I'IS
810 451 1035 514 HERODOTI
1180 455 1241 518 483

109 627 230 682 trahunt.
266 626 402 680 Dictionie
417 643 484 680 sane
498 633 579 680 tenor
596 635 624 680 et
639 625 713 680 filum
730 605 917 696 vocabuloque
933 624 1069 695 complura
1084 625 1242 678 Herodotea

110 731 162 766 non
176 719 252 766 sunt.
285 711 372 765 Abest
382 712 495 766 lonismi
508 717 643 782 perpetue
657 710 796 778 saevitae,
811 729 861 764 nec
875 711 909 764 de
920 710 979 763 sola
990 710 1141 763 scribarum
1152 709 1240 780 culpa,

109 797 183 870 quod
197 796 347 866 Berglerus
369 796 398 848 in
420 797 590 868 praefatione
612 796 646 848 ad
660 796 771 850 Homeri
788 795 941 864 Odysseam
962 796 1032 848 hene
1049 795 1143 848 docuit
1158 801 1241 864 atque

108 882 243 936 Herodoti
258 881 399 936 studiosos
415 883 512 951 lugere
528 899 582 934 non
597 887 698 952 potest.
736 880 845 934 Adsunt
866 881 1009 951 opiniones
1028 887 1171 950 praeterea
1185 880 1240 932 He·

109 967 230 1020 rodntcis
249 965 329 1020 valde
352 973 516 1037 pugnantes.
557 967 595 1018 Et
618 966 681 1036 quis
703 972 839 1032 veterum,
864 964 983 1036 qualium
1005 965 1039 1018 de
1053 965 1165 1018 Homeri
1186 965 1240 1016 ori-

109 1051 187 1120 gine,
202 1052 304 1122 patria,
320 1051 385 1104 letis
400 1051 620 1122 carminibusque
635 1051 894 1106 commemorantium
907 1067 1005 1120 magna
1020 1050 1115 1120 utique
1130 1067 1240 1116 corone,

109 1137 249 1190 Herodoto
271 1136 421 1190 contribuit
441 1137 581 1206 unquam‘l
628 1136 692 1190 Non
715 1137 825 1204 nescio,
850 1135 1065 1189 sollertissimum
1087 1134 1241 1188 Fabricium

110 1222 137 1274 in
160 1221 275 1276 medium
296 1221 445 1274 collectore
460 1221 606 1274 Totienum
621 1223 700 1274 Orat.
716 1221 751 1274 ad
766 1222 890 1274 Graecos
912 1239 935 1274 c.
954 1223 988 1274 48
1008 1220 1159 1273 tradentem
1179 1217 1242 1288 περὶ

109 1307 157 1375 τῆς
171 1300 308 1376 ποιήσεως
322 1307 372 1360 τοῦ
387 1300 523 1377 Ὁμήρου,
539 1301 634 1375 γένους
648 1323 678 1360 τι
692 1299 779 1360 αὐτοῦ
793 1304 842 1360 eol
856 1300 971 1377 χρόνον,
993 1299 1064 1360 καθ’
1078 1296 1112 1358 ὃν
1125 1299 1241 1374 ήιμασι,

110 1391 205 1444 sedulo
219 1391 394 1460 Theageuetn
407 1390 574 1460 Rheginum,
595 1391 803 1444 Stesimbrotum
817 1391 962 1458 Thasium,
983 1389 1168 1444 Antimachum
1187 1389 1241 1442 Co·

109 1475 264 1544 lophoninm
284 1475 508 1548 Herodotumque
527 1475 796 1530 Halicarnassensem
818 1475 1012 1544 investigem.
1049 1475 1086 1526 At
1105 1475 1171 1544 quid
1186 1474 1241 1526 Ta·

108 1560 201 1614 tianue
217 1567 313 1614 contre
326 1569 379 1614 um
394 1562 519 1632 pertinax
530 1561 684 1630 priscorum
698 1567 726 1614 et
738 1561 892 1631 aequalium
907 1561 1070 1629 scriptorum
1081 1559 1241 1612 silentium?

109 1646 190 1698 Immo
210 1646 295 1699 rerba
316 1647 394 1714 eiua,
416 1646 464 1700 ubi
484 1645 606 1716 penitiua
627 1645 798 1716 inspexeris,
821 1645 1005 1700 tantummodo
1028 1644 1188 1716 requirunt,
1212 1651 1243 1696 ut

109 1730 266 1784 Herodotus
285 1731 319 1784 de
333 1732 444 1785 Homeri
463 1719 552 1784 aetate
568 1738 596 1784 et
610 1739 745 1800 tempore,
767 1747 821 1800 quo
836 1731 952 1800 vixerit,
972 1735 1166 1784 commentatus
1182 1730 1241 1782 lue-

109 1815 159 1882 rit,
183 1815 332 1885 quodcum
352 1817 381 1869 in
397 1817 521 1886 Euterpe
542 1834 566 1868 c.
584 1813 657 1886 53*)
680 1815 776 1870 sedulo
798 1816 939 1870 lectitasse
955 1815 1090 1868 novimus.
1123 1813 1241 1881 Primus,

110 1900 162 1952 nisi
186 1899 281 1968 fallor,
304 1901 391 1954 Vitem
404 1901 516 1954 Homeri
534 1901 622 1954 obiter
635 1901 777 1954 Herodoto
798 1901 924 1954 attribuit
937 1901 1094 1970 Stephanae
1108 1899 1241 1967 Byzanti-

110 1982 230 2053 nusH),
254 1993 309 2038 tum
331 1981 519 2054 Suides***),
551 1984 767 2058 Eustathiusl),
795 1985 926 2052 Testaes,
955 2002 1047 2038 omnes
1073 1983 1153 2038 nimis
1174 1984 1241 2038 seri.

109 2069 250 2136 Laudant,
273 2071 376 2137 fateor,
398 2087 509 2124 suavem
526 2070 630 2124 exordii
652 2070 734 2124 huiua
749 2069 946 2140 simplicitatem
954 2070 1006 2138 ††)
1023 2075 1052 2123 at
1065 2086 1124 2122 cum
1136 2067 1242 2122 Clionia
1268 2054 1272 2062 ’

109 2155 242 2225 principio
259 2155 430 2208 contendunt
442 2154 492 2208 cel.
515 2155 659 2208 Fabricius
675 2154 866 2225 asseclaeque=
888 2156 938 2208 eed
954 2153 1097 2208 aemulatio
1110 2171 1184 2206 mera
1199 2161 1243 2206 est

110 2256 199 2310 neque
214 2241 338 2310 perlecta
351 2249 459 2306 tamen3
479 2239 655 2306 Herodotus,
669 2241 740 2292 bene
753 2239 807 2292 viri
822 2257 920 2293 morem
936 2240 961 2292 si
975 2246 1071 2306 teneo,
1090 2233 1156 2292 τάδε
1171 2231 1243 2306 ἀστή-

108 2318 226 2392 ρήσατο,
249 2318 394 2393 ἱστορήσας
407 2318 565 2390 ἐπεξελθεῖν
583 2357 618 2368 -
636 2341 715 2393 quem
732 2331 760 2378 et
773 2324 853 2376 Vitae
867 2331 964 2377 auctor
979 2323 1043 2376 alibi
1061 2323 1242 2392 amplectitur,

109 2408 257 2462 maluisset.
291 2409 345 2460 Ubi
361 2426 425 2462 vero
441 2409 468 2460 in
481 2408 572 2461 Musis
584 2401 617 2462 od
628 2402 816 2480 noldqaoqeoc,
831 2411 907 2462 Ιιοτιιο
914 2415 1045 2478 fortunae
1055 2426 1108 2460 non
1122 2409 1243 2478 nrnplee?

110 2493 221 2546 Memini
239 2486 415 2562 πολύφορτον
435 2495 520 2548 realta
543 2495 648 2548 ισιιίιιο
670 2513 798 2566 grncesn,
832 2492 922 2563 qualia
942 2493 1049 2546 Moschi
1070 2487 1244 2562 ncldqroqroe

109 2570 214 2647 ἀπήνη.
250 2577 313 2630 item
332 2571 440 2631 ὁλκάδα
461 2570 648 2647 μυριόφοριον
667 2577 778 2632 Libanii
801 2578 836 2631 Τ.
854 2578 892 2630 11.
914 2596 941 2647 p.
962 2578 1057 2632 1451).
1101 2577 1131 2630 Si
1149 2569 1183 2632 od
1204 2611 1240 2622 -

109 2657 270 2734 noldtpopru
332 2659 402 2731 ἔχων
417 2663 557 2733 optaveris
570 2681 602 2716 ax
614 2663 799 2732 manuscripto
814 2669 842 2716 et
853 2681 938 2716 naves
951 2661 1134 2730 intellexeris,
1155 2679 1242 2715 nexus

110 2748 243 2802 sermonis
258 2747 366 2800 obierit.
395 2748 465 2801 Utut
480 2755 539 2816 est,
555 2748 644 2802 libello
659 2746 752 2802 addidi
770 2747 918 2802 varietates
933 2748 1087 2818 scripturae
1102 2765 1134 2800 er
1150 2747 1242 2800 codice

110 2833 278 2886 Barocciano
297 2849 312 2885 a
329 2831 362 2887 cl.
378 2831 523 2886 Reinoldio
544 2833 753 2902 diligentissime
770 2839 929 2903 excerptas,
953 2838 1096 2904 praeterea
1116 2849 1149 2886 ex
1164 2831 1242 2885 Pala·

110 2918 167 2970 tino
184 2918 379 2988 langermanni
394 2927 423 2972 et
437 2918 711 2972 amstelodamanat.“

193 3003 372 3071 wesselingii
387 3003 486 3056 iudicio
506 3003 672 3074 subscripsit
691 3021 746 3056 non
768 3001 855 3056 solum
869 3002 1096 3070 Harlesius†††)
1112 3002 1139 3054 in
1156 3001 1243 3054 altere

110 3105 189 3158 quam
206 3088 314 3141 curarit
328 3088 513 3142 Bibliothecae
528 3089 651 3142 Graecae
666 3088 785 3144 Fabricii
801 3087 936 3156 editione,
959 3103 1053 3141 verum
1074 3087 1153 3140 etiam
1173 3103 1241 3156 pau-

111 3173 150 3225 cis
165 3172 327 3243 quibusdam
344 3173 410 3226 viria
425 3172 545 3242 exceptis
555 3170 604 3241 *†)
620 3191 711 3227 omnes
726 3175 785 3226 fere
802 3173 855 3226 viri
867 3173 954 3240 docti,
971 3173 1019 3243 qui
1034 3172 1106 3224 hunc
1123 3171 1242 3224 libellum

177 3368 206 3434 *J
223 3369 284 3420 vid.
298 3370 411 3420 Hecura.
425 3369 477 3419 VlI
490 3369 532 3421 ed.
545 3376 628 3420 noatr.
643 3370 677 3420 ad
689 3370 716 3420 b.
729 3369 748 3420 l.
761 3370 818 3422 Vol.
832 3371 852 3421 1.
886 3368 955 3420 ,859
967 3385 1024 3435 seq.
1044 3367 1109 3434 [Bn]

177 3434 219 3517 *ἢ
238 3453 259 3488 ι.
272 3453 297 3488 r.
312 3430 391 3487 Nion
405 3437 513 3502 Τεῖχος,
525 3438 573 3487 nbi
584 3437 654 3487 haec
667 3438 807 3503 leguntur:
826 3386 1065 3503 eclNeoretzadr,
1078 3427 1242 3499 ὠςἩρόδο-

110 3521 158 3565 τος
171 3498 203 3557 ἐν
217 3497 336 3571 Ομήρον
367 3502 401 3569 ίῳ
413 3501 489 3570 (cap.
505 3503 557 3570 10).
576 3502 645 3570 [Ba]

177 3571 234 3632 ⁸⁸⁸)
252 3589 274 3624 s.
287 3589 311 3626 v.
322 3561 336 3582 ⁹
357 3587 447 3638 μηρος
464 3571 523 3622 Vol.
537 3573 572 3622 11.
590 3575 619 3622 P.
633 3571 656 3622 1.
676 3589 702 3650 p.
718 3571 782 3622 1108
798 3572 839 3623 ed.
854 3572 1026 3636 Bernhardy,
1044 3571 1091 3620 abi
1107 3571 1178 3622 haec
1197 3586 1242 3620 ex·

111 3647 199 3694 etant:
217 3635 342 3706 Ὅμηρος
359 3631 501 3704 ἄγνωστος
512 3642 573 3698 τοῖς
584 3630 764 3705 ἅνθρωποις·
781 3631 966 3702 Ἡρόδοτος
979 3633 1016 3689 dl
1035 3630 1050 3689 ὁ
1067 3629 1243 3702 ἱστορικὸς

111 3705 242 3777 ἔγραψε
258 3707 336 3775 βίον
350 3699 513 3775 Ὁμήρου,
530 3706 638 3774 μᾶλλον
649 3707 734 3760 τοῦδε
746 3700 967 3774 ἁρμοδιώτερον.
996 3707 1038 3756 Tu
1051 3707 1104 3757 vid.
1119 3721 1189 3772 qnae
1203 3707 1242 3756 ibi

110 3778 254 3830 mactavit
265 3777 426 3840 Bernhardy
437 3793 501 3842 pag.
517 3775 589 3827 1109.
609 3773 677 3842 [aa]

197 3845 209 3910 )
228 3847 256 3896 iu
269 3843 432 3895 Commentt.
446 3845 481 3895 ad
493 3845 604 3895 Homer.
618 3860 644 3910 p.
652 3842 712 3908 876,
725 3845 772 3895 ubi
784 3843 855 3894 heac
867 3843 1006 3909 leguntur:
1021 3834 1171 3905 lucopello
1183 3843 1242 3900 τοίς

109 3911 176 3980 περὶ
191 3912 216 3964 Ο
239 3908 310 3978 ήρον
322 3903 484 3976 Ἡρόδοτος.
503 3909 571 3978 [En]

177 3929 236 4045 ῆς
247 3981 349 4047 Incipit
365 3985 461 4031 auctor
476 3979 565 4030 libelli
582 3980 653 4030 bunc
672 3980 701 4029 ia
713 3979 832 4030 modum:
847 3969 999 4042 Ἡρόδοτος
1012 3968 1242 4042 Ἀλικαρνασσεύς

109 4045 176 4114 περὶ
188 4041 314 4114 Ὀμήρου
326 4042 450 4126 γενέσιος
462 4043 511 4098 καὶ
523 4040 635 4114 ἡλικίης
647 4044 696 4097 acl
709 4045 805 4114 βιοτῆς
817 4039 885 4098 ru'da
900 4040 1042 4112 ἱστόρηκε,
1061 4039 1182 4112 ζητήσας
1195 4036 1241 4096 ἐπ-

110 4115 243 4180 εξελθεῖν
255 4111 296 4174 εἰς
307 4131 340 4166 ιο
351 4106 566 4179 ἀτρεκέστατον.
585 4113 659 4182 {Bm}

179 4181 250 4248 †††)
267 4183 327 4234 Vol.
340 4185 362 4234 1.
375 4201 400 4250 p.
413 4183 464 4235 320
476 4183 538 4234 coll.
551 4184 588 4237 11.
596 4200 628 4301 p.
642 4181 699 4234 334.

177 4247 225 4316 *†)
244 4251 341 4302 Wood:
364 4252 487 4302 Vcrsoch
506 4251 574 4302 iiber
615 4267 645 4301 as
663 4251 872 4317 Originelgania
892 4251 917 4302 d.
936 4250 1045 4302 Homer.
1076 4250 1192 4299 Zue'altza
1214 4263 1241 4298 u.

109 4319 335 4386 Verttnderuugg.
349 4319 511 4383 (Frankt'urt
524 4317 599 4383 1778)
617 4336 641 4384 p.
655 4317 687 4368 48
699 4333 775 4385 seqq.
806 4321 848 4369 De
861 4319 958 4368 Fortia
971 4317 1104 4368 d’Urban:
1122 4314 1241 4367 Hombre

110 4393 140 4438 et
158 4384 313 4504 seqchrite.
330 4388 409 4437 Paria
428 4386 504 4450 1832,
523 4388 556 4437 de
571 4403 622 4452 quo
636 4386 704 4436 libro
717 4387 772 4437 vid.
785 4385 928 4438 Welclrer:
947 4387 1004 4436 Der
1017 4385 1127 4451 epiechc
1140 4383 1241 4448 cyclus

109 4471 174 4522 pag.
240 4490 247 4504 .

976 4536 1040 4605 31*
