3074 4960
227 359 287 440 ιιι
661 371 925 434 nunonem
953 428 960 440 .

225 549 337 617 ταῦτα.
356 541 440 615 α’λλοὶ
457 567 517 634 σφι
535 544 684 636 σήμηνον
701 543 799 627 αὐτὸς
816 543 1014 636 παρελθών,
1033 541 1078 625 ὡς
1096 553 1170 636 ἔχει.
1207 545 1309 620 ε’ττεόν
1328 550 1371 618 δὲ

225 645 392 737 σημήνῃς,
417 642 459 736 ἢν
481 648 543 736 μὲν
566 656 767 734 πείθωνται,
795 651 899 718 ταῦτα
924 644 965 736 δὴ
988 644 1028 718 τό
1050 646 1223 719 κάλλιστα·
1258 644 1302 738 ἢν
1327 652 1369 720 δὲ

225 745 354 820 αὐτοῖσι
379 747 424 839 μὴ
452 747 551 820 πιστὰ
576 752 726 838 γίνηται,
742 745 868 838 ’ὁμοσον
893 743 974 838 ἡμῖν
1006 755 1104 820 ἔσται.
1157 747 1199 820 οὐ
1226 749 1289 840 γὰρ
1316 759 1367 821 ἔτι

227 849 477 941 διαδρήσονται,
502 861 594 941 εἰπερ
616 849 839 942 περιεχόμεθα
861 849 1090 940 πανταχόθεν,
1112 845 1157 933 ὥς
1174 850 1217 922 σύ
1240 855 1428 940 λέγειςθῡτ

179 963 216 1025 81
231 956 342 1022 Ταῦτα
368 960 460 1042 ἔλεγε
485 947 665 1044 καρελθοδν
690 947 714 1021 ό-
738 949 955 1043 Ἀριστείδης,
987 952 1135 1041 φάμενος
1162 957 1195 1037 ἐξ
1223 961 1367 1042 Αἰγίνης

224 1081 260 1124 τε
286 1052 381 1144 ἥκειν
407 1057 463 1125 καὶ
485 1054 584 1144 ’μόγις
613 1056 777 1124 ἐκπλῶσαι
803 1050 921 1124 λαθών
946 1051 1024 1134 τούς
1048 1057 1282 1144 ἐπορμέοντας·
1307 1083 1365 1124 πε-

224 1159 394 1246 ριέχεσθαι
426 1154 489 1246 γὰρ
517 1159 585 1227 κᾶν
616 1153 652 1226 τό
680 1153 904 1244 στρατόπεδον
929 1152 965 1226 τό
988 1150 1180 1242 Ἑλληνικόν
1204 1151 1270 1226 ὑπό
1295 1160 1368 1226 τοῖν

224 1261 312 1329 νεῶν
334 1261 402 1329 τοῖν
418 1261 560 1348 Ξέρξεω·
585 1260 836 1347 παραρτέεσθαί
849 1284 886 1326 τε
904 1255 1129 1346 συνεβούλευε
1147 1253 1192 1339 ὥς
1210 1255 1364 1346 ἀλεξησο-

223 1363 352 1449 μένους.
389 1362 455 1430 Καὶ
472 1353 490 1430 ὁ
508 1359 570 1449 μὲν
586 1363 690 1430 ταῦτα
709 1369 803 1440 είκας
820 1357 1026 1448 μετεστήκεε,
1044 1360 1112 1430 τοῖν
1131 1360 1167 1429 δέ
1185 1349 1280 1440 αὖτις
1299 1363 1364 1447 ἐγί-

223 1489 299 1531 νετο
322 1459 431 1549 λόγων
448 1458 671 1550 ἀμφισβασίη·
695 1467 731 1530 of
750 1459 813 1550 γὰρ
837 1463 978 1541 πλεῦνες
996 1463 1063 1530 τοῐν
1085 1464 1279 1550 στρατηγῶν
1300 1457 1365 1530 οὐκ

178 1562 216 1624 82
226 1565 400 1632 ἐπείθοντο
432 1559 472 1630 τό·
500 1566 747 1650 ἐξαγγελθέντα.
804 1559 1042 1632 Ἀκιστεόντων
1075 1562 1112 1630 δὲ
1143 1561 1271 1632 τούτων
1302 1552 1363 1650 ἧκε

223 1661 358 1754 τριήρης
375 1658 510 1754 ἀνδροῖν
533 1671 664 1753 Τηνίων
682 1661 943 1754 αὐτομολέουσα,
962 1667 1019 1751 τῆς
1038 1653 1116 1753 ἦρχε
1133 1659 1218 1754 ἀνὴρ
1236 1671 1361 1734 Παναί-

223 1843 282 1878 cere
299 1829 347 1878 λοο
364 1828 500 1886 barbaros,
519 1843 541 1878 s.
555 1843 644 1893 neque
660 1829 694 1879 iia
707 1845 767 1894 par·
818 1831 905 1879 venit.
935 1828 1362 1892 eonf.etiamnerod0t.11,44.

223 1895 360 1957 suadebo,
381 1897 482 1961 quippe
500 1897 545 1961 qui
558 1895 631 1946 haud
644 1896 765 1958 credent,
821 1897 877 1947 152.
891 1897 923 1946 V.
940 1895 996 1947 103.

224 1964 319 2014 facere
341 1964 393 2014 hoc
415 1963 556 2014 barbaros.
593 1963 635 2013 Ad
652 1963 766 2014 leontio·
851 1957 919 2023 τούς
936 1955 1139 2030 ἐπορμέοντας]
1164 1965 1209 2014 Ita
1227 1963 1297 2014 dicit
1318 1965 1363 2014 λο-

224 2047 285 2080 nem
302 2029 393 2081 ταῦτα
412 2023 448 2096 δὴ
467 2031 551 2096 (quod
569 2032 680 2082 minime
699 2047 767 2098 opus
817 2040 870 2083 ntea
882 2037 908 2082 tn
919 2035 1030 2082 statim
1043 2031 1175 2094 (navium)
1188 2035 1327 2082 collocatos
1341 2048 1362 2082 s.

223 2107 329 2150 mutare
358 2100 386 2149 in
416 2096 499 2163 δῆτα)
528 2091 664 2150 κάλλιστα
693 2101 765 2151 conf.

224 2167 364 2219 Lambert.
378 2169 440 2218 Bos.
457 2167 498 2216 De
512 2167 616 2248 ellipse.
628 2183 692 2232 pag.
705 2167 765 2218 808.

223 2237 264 2286 Ad
277 2236 376 2288 verba:
395 2223 432 2302 ἦν
444 2227 477 2284 δέ
490 2261 521 2270 -
533 2252 572 2301 μη
586 2229 670 2286 πιστὰ
683 2229 765 2300 γε’νη-

223 2320 270 2354 ται
284 2303 357 2355 conf.
372 2303 446 2365 VIII,
460 2301 493 2352 'Id
506 2303 544 2353 ibi
564 2319 599 2354 ne
613 2303 712 2366 ellatn;
731 2303 767 2353 ad

223 2374 309 2424 verba
332 2367 434 2437 ὁμοῖον
454 2365 525 2438 ἡμῖν
546 2320 625 2423 ἐσται
649 2373 767 2438 (perinde

223 2441 294 2490 nobie
317 2441 377 2503 erit)
407 2441 479 2490 oonf.
509 2440 637 2504 Aeschyl.
668 2441 765 2504 Agam.

224 2507 290 2556 1210
302 2508 395 2572 ibique
408 2505 562 2556 Blomfield.
576 2508 604 2556 in
615 2507 767 2556 Glossario.

222 2573 264 2623 Ad
286 2574 518 2639 significationem
544 2574 623 2622 verbi
648 2565 767 2637 διαδρή-

223 2655 320 2690 σονται
334 2641 488 2705 pertinent,
508 2655 578 2705 qnae
592 2640 627 2690 ad
639 2641 720 2702 VIII,
734 2639 768 2690 60

223 2712 320 2758 notata
331 2711 402 2759 sunt.

392 2873 458 2924 Car.
477 2875 602 2926 LXXXI.

259 2974 359 3026 Ταῦτα
370 2969 446 3040 ἔλεγε
456 2968 653 3042 annet-&dvii
663 2993 685 3027 e.
693 2979 768 3029 Haec

222 3045 291 3095 dixit
303 3045 441 3094 temedium
449 3059 610 3108 ρτομτεεειιε.
629 3045 652 3094 Ν
656 3061 699 3094 arn
713 3046 766 3096 fre·

223 3127 309 3178 queue
327 3111 488 3176 παρελθεῖν
504 3113 536 3162 de
553 3114 597 3175 iis,
618 3116 661 3178 qui
676 3116 701 3162 in
718 3129 766 3164 me·

222 3183 288 3231 σίιακ
297 3183 499 3246 μνορτσδίκιιίια·
516 3181 593 3230 verba
607 3183 705 3243 luctari
718 3198 765 3245 pn·

222 3250 300 3308 blico:
317 3265 370 3299 neo
384 3249 472 3298 minus
490 3248 619 3313 frequens
633 3249 767 3299 sermonis

223 3317 271 3368 iiia
284 3315 469 3377 abnndantia,
488 3332 542 3382 qua
556 3317 625 3367 dicit
644 3311 720 3381 ἔλεγε
734 3341 765 3351 -

223 3378 364 3452 φάμενος,
379 3389 409 3435 nt
422 3385 457 3447 V,
472 3383 513 3434 36.
527 3383 569 3434 50.
600 3386 697 3449 itaquo
711 3384 767 3434 noli

222 3459 286 3519 post
304 3448 381 3518 ἐλεηε
400 3454 530 3504 maiorem
548 3467 648 3519 ponere
671 3453 768 3502 distin·

223 3523 355 3584 ctionem,
381 3523 422 3572 ita
444 3527 473 3571 ut
496 3513 650 3585 παρελθών
672 3521 707 3570 ad
723 3537 766 3570 se-

223 3591 336 3652 queutia
348 3589 481 3639 trahatur.
501 3589 580 3650 Quod
590 3590 713 3654 sequitur
723 3581 766 3639 ἐτι-

222 3653 340 3718 τελοόσαι,
348 3671 409 3705 eum
419 3657 537 3706 alienum
546 3657 622 3706 είλετο
632 3656 684 3706 hoo
695 3656 766 3716 loeo,

222 3721 267 3771 vel
280 3729 391 3786 propter
403 3722 470 3772 iliud
485 3717 567 3790 διέβη
580 3725 659 3781 VIII,
673 3722 718 3784 79,
737 3725 766 3773 in

224 3786 412 3838 διεκπλῶσαι
422 3796 555 3840 mutatum
565 3791 624 3842 vnit
633 3792 656 3840 N
659 3791 726 3841 aber
738 3792 766 3840 in

222 3856 392 3918 Mnemosyn.
406 3857 458 3906 111.
471 3873 497 3922 p.
508 3857 565 3920 486,
580 3859 699 3909 afferens
712 3859 766 3908 IIe-

222 3923 312 3974 rodoti
324 3923 399 3974 iocos
409 3925 454 3986 IV,
465 3925 555 3980 4243.
565 3925 620 3976 179.
631 3927 691 3989 VII,
705 3926 766 3975 147:

223 3990 321 4056 quibus
345 3995 437 4040 temen
460 3991 533 4042 haud
556 3993 666 4058 probari
690 3999 764 4059 puto,

223 4059 275 4108 hoe
294 4073 400 4124 quoqne
418 4057 479 4109 loco
498 4059 571 4109 idem
588 4061 700 4110 verbnm
719 4077 765 4126 po-

223 4125 340 4176 nendum
358 4140 435 4192 osse,
458 4141 518 4176 cum
536 4127 607 4176 bene
626 4119 766 4179 ἐκπλῶσαι

223 4195 247 4244 is
259 4193 325 4243 mihi
337 4193 465 4244 videatur
483 4194 536 4243 diei
555 4209 649 4259 porse,
669 4198 715 4261 qui
733 4213 766 4246 ex

223 4261 331 4328 Aegina
344 4262 509 4328 enavigans,
525 4263 588 4312 iude
602 4277 651 4327 per
663 4264 766 4314 medios

223 4329 316 4380 hostes
330 4330 420 4382 evasit
432 4333 514 4396 atque
528 4329 563 4381 ad
573 4329 695 4382 Graecos
707 4347 766 4396 per·

816 2105 950 2151 stationem
962 2107 1074 2165 σμεκλτι.
1110 2099 1151 2149 λδ
1168 2099 1282 2150 verbum
1294 2115 1363 2163 παρ-

818 2165 973 2231 αρτέεσθαι
995 2168 1032 2220 ef.
1049 2167 1130 2231 VIII,
1144 2167 1178 2218 ’λδ
1195 2173 1223 2218 et
1241 2172 1307 2218 nott
1328 2168 1363 2218 ad

818 2235 1030 2369 Ἦηίότῖἐδτήκεε]
1047 2305 1065 2353 i.
1080 2319 1104 2354 e.
1118 2305 1234 2354 dirceru't
1246 2319 1259 2353 ε
1271 2303 1363 2353 medin.

819 2371 899 2422 Coni.
914 2373 935 2434 I,
949 2370 990 2422 89.
1005 2372 1080 2434 VIII,
1093 2369 1154 2434 110,
1167 2371 1215 2421 ubi
1227 2365 1362 2437 μεταστή-

819 2439 939 2500 σασθαι,
959 2457 976 2488 ο
987 2455 1015 2488 σε
1027 2455 1167 2500 κεκόνιτο,
1181 2443 1211 2487 ut
1224 2438 1296 2554 οριιδ
1309 2439 1362 2518 Xe·

819 2507 897 2572 noph.
913 2507 1001 2555 Auab.
1021 2507 1060 2565 ΙΙ,
1074 2505 1133 2586 3,ss
1151 2505 1243 2555 coiit
1262 2543 1269 2555 .
1289 2506 1362 2555 Hist.

819 2573 1089 2722 δὶίήίόέδίιέμιῗιῗ
1103 2573 1363 2721 ίδη-ῒῖἷῗίοῖῗξῖ

820 2707 1363 2842 τι,ιῑσιιαιιαιλξ,ἰι

819 2845 918 2895 stIdem
930 2845 985 2910 ipsi
996 2859 1105 2910 pugnae
1116 2843 1224 2906 navali,
1238 2859 1308 2908 quae
1322 2844 1363 2892 in-

794 2921 797 2928 '
819 2920 916 2963 seenta
930 2917 984 2974 ent,
1003 2927 1058 2961 uon
1077 2911 1252 2972 interfuisse,
1270 2927 1363 2975 quem-

818 2981 860 3032 vis
884 2979 966 3029 aliter
990 2979 1095 3030 scribat
1116 2978 1197 3029 Corn.
1219 2979 1311 3044 Nepos
1334 2979 1363 3027 in
1401 3024 1406 3030 .

819 3047 929 3098 Aristid.
945 3063 1006 3112 cap.
1020 3047 1044 3108 2,
1057 3047 1198 3097 Herodoto
1211 3061 1278 3096 sane
1292 3045 1363 3096 iufe-

817 3116 872 3165 rior
884 3119 980 3164 auctor
997 3119 1026 3164 et
1044 3115 1159 3164 forsitan
1178 3113 1213 3163 ad
1231 3129 1265 3162 ea
1277 3115 1363 3178 respi-

818 3179 1362 3314 aautritui?{itstttiiziiiuz

817 3317 913 3369 taliam
927 3317 1058 3378 insulam,
1077 3317 1123 3366 ubi
1138 3316 1193 3366 vid.
1207 3320 1277 3366 nott.

852 3381 942 3450 λόγων
958 3377 1151 3449 ἀμφισβασίη]
1170 3383 1300 3446 Vid.1V,
1322 3382 1360 3433 14.

818 3455 896 3514 VIII,
911 3451 952 3502 78.
988 3453 1052 3502 Mox
1070 3468 1085 3502 e
1102 3451 1188 3502 tribus
1206 3451 1283 3500 codd.
1301 3465 1361 3500 οιιιιι

819 3521 925 3572 Sabaei
946 3521 988 3578 h.,
1009 3519 1097 3571 Gaisi.
1116 3525 1144 3569 et
1156 3535 1228 3568 rece.
1244 3518 1305 3568 edd.
1319 3533 1361 3566 re-

818 3591 880 3655 cepi
903 3605 930 3640 οι
953 3583 1007 3653 γὰρ
1030 3585 1150 3644 πλεῦνες
1172 3601 1220 3651 pro
1241 3585 1314 3650 vulg.
1333 3578 1363 3634 ef

817 3656 937 3714 atesim
948 3647 1012 3722 ηᾶρ,
1023 3655 1093 3720 quod
1103 3659 1250 3704 tenuerunt
1259 3653 1360 3703 Sohae-

819 3727 861 3774 fer
875 3729 902 3774 et
914 3724 1027 3784 Mittin,
1046 3723 1092 3788 qui
1105 3723 1177 3772 idern
1190 3723 1213 3782 ἓ.
1227 3720 1276 3770 421
1290 3725 1360 3770 stru·

818 3797 923 3842 oturam
935 3791 1013 3841 verbi
1025 3789 1185 3841 πείθεσθαι
1199 3789 1308 3852 attigit,
1327 3787 1360 3836 de

818 3873 872 3924 qua
885 3859 980 3910 eadem
993 3859 1100 3908 monuit
1112 3857 1241 3908 Kuehner
1253 3855 1299 3906 Gr.
1314 3855 1360 3908 Gr.

817 3929 840 3988 ἓ.
853 3926 911 3977 561.
925 3931 981 3977 not.
994 3926 1019 3976 d.

977 4093 1043 4145 Cur.
1063 4093 1202 4144 LXXXII.

862 4187 978 4258 ἀνδρῶν
1003 4193 1131 4261 Τηνίων]
1166 4195 1248 4244 Τεταε
1271 4191 1360 4243 insuia

818 4279 902 4330 prope
917 4263 1015 4313 Delum
1034 4265 1062 4313 in
1078 4265 1225 4314 Persarum
1243 4262 1359 4312 devene-

818 4337 862 4382 rat
873 4335 1040 4397 potestatem
1052 4331 1171 4398 indeque
1184 4331 1243 4381 eius
1252 4329 1359 4381 incolae
