<?xml version="1.0" encoding="UTF-8"?>
<!DOCTYPE html PUBLIC "-//W3C//DTD XHTML 1.0 Transitional//EN"
    "http://www.w3.org/TR/xhtml1/DTD/xhtml1-transitional.dtd">
<html xmlns="http://www.w3.org/1999/xhtml" xml:lang="en" lang="en">
 <head>
  <title>
</title>
<meta http-equiv="Content-Type" content="text/html;charset=utf-8" />
  <meta name='ocr-system' content='tesseract 3.04.00' />
  <meta name='ocr-capabilities' content='ocr_page ocr_carea ocr_par ocr_line ocrx_word'/>
</head>
<body>
  <div class='ocr_page' id='page_1' title='image "./herodotihalicar02bhgoog/herodotihalicar02bhgoog_0475.png"; bbox 0 0 2984 4962; ppageno 0'>
   <div class='ocr_carea' id='block_1_1' title="bbox 253 428 978 500">
    <p class='ocr_par' dir='ltr' id='par_1_1' title="bbox 253 428 978 500">
     <span class='ocr_line' id='line_1_1' title="bbox 253 428 978 500; baseline 0.001 -11"><span class='ocrx_word' id='word_1_1' title='bbox 253 439 315 500; x_wconf 79' lang='grc'>456</span> <span class='ocrx_word' id='word_1_2' title='bbox 663 428 978 490; x_wconf 80' lang='lat' dir='ltr'>OOMMENTA&#39;I&#39;IO</span> 
     </span>
    </p>
   </div>
   <div class='ocr_carea' id='block_1_2' title="bbox 243 601 1410 1776">
    <p class='ocr_par' dir='ltr' id='par_1_2' title="bbox 243 601 1410 1776">
     <span class='ocr_line' id='line_1_2' title="bbox 253 601 1409 675; baseline -0.005 -15"><span class='ocrx_word' id='word_1_3' title='bbox 253 625 286 660; x_wconf 91' lang='lat' dir='ltr'>ea</span> <span class='ocrx_word' id='word_1_4' title='bbox 300 604 440 675; x_wconf 80' lang='lat' dir='ltr'>regiminis</span> <span class='ocrx_word' id='word_1_5' title='bbox 455 605 556 672; x_wconf 79' lang='lat' dir='ltr'>forma,</span> <span class='ocrx_word' id='word_1_6' title='bbox 578 621 649 674; x_wconf 89' lang='lat' dir='ltr'>quae</span> <span class='ocrx_word' id='word_1_7' title='bbox 673 603 745 656; x_wconf 88' lang='lat' dir='ltr'>iilam</span> <span class='ocrx_word' id='word_1_8' title='bbox 766 603 881 656; x_wconf 89' lang='lat' dir='ltr'>omniurn</span> <span class='ocrx_word' id='word_1_9' title='bbox 896 601 1048 656; x_wconf 86' lang='lat' dir='ltr'>mortalium</span> <span class='ocrx_word' id='word_1_10' title='bbox 1067 601 1290 672; x_wconf 75' lang='lat' dir='ltr'><strong>aequabilitatem</strong></span> <span class='ocrx_word' id='word_1_11' title='bbox 1316 621 1409 673; x_wconf 84' lang='lat' dir='ltr'>quam</span> 
     </span>
     <span class='ocr_line' id='line_1_3' title="bbox 253 687 1410 760; baseline -0.005 -14"><span class='ocrx_word' id='word_1_12' title='bbox 253 692 364 746; x_wconf 86' lang='lat' dir='ltr'>maxime</span> <span class='ocrx_word' id='word_1_13' title='bbox 379 707 490 744; x_wconf 83' lang='lat' dir='ltr'>servare</span> <span class='ocrx_word' id='word_1_14' title='bbox 506 689 617 756; x_wconf 85' lang='lat' dir='ltr'>studet,</span> <span class='ocrx_word' id='word_1_15' title='bbox 636 707 669 742; x_wconf 91' lang='lat' dir='ltr'>eo</span> <span class='ocrx_word' id='word_1_16' title='bbox 694 688 768 760; x_wconf 88' lang='lat' dir='ltr'>quod</span> <span class='ocrx_word' id='word_1_17' title='bbox 793 705 871 741; x_wconf 89' lang='lat' dir='ltr'>suum</span> <span class='ocrx_word' id='word_1_18' title='bbox 887 688 987 758; x_wconf 89' lang='lat' dir='ltr'>cuique</span> <span class='ocrx_word' id='word_1_19' title='bbox 1008 687 1134 740; x_wconf 87' lang='lat' dir='ltr'>tribuous</span> <span class='ocrx_word' id='word_1_20' title='bbox 1155 687 1291 740; x_wconf 87' lang='lat' dir='ltr'>nemiuem</span> <span class='ocrx_word' id='word_1_21' title='bbox 1310 705 1410 758; x_wconf 80' lang='lat' dir='ltr'>supra</span> 
     </span>
     <span class='ocr_line' id='line_1_4' title="bbox 253 766 1409 843; baseline -0.003 -12"><span class='ocrx_word' id='word_1_22' title='bbox 253 778 322 832; x_wconf 90' lang='lat' dir='ltr'>slios</span> <span class='ocrx_word' id='word_1_23' title='bbox 345 793 407 829; x_wconf 90' lang='lat' dir='ltr'>sese</span> <span class='ocrx_word' id='word_1_24' title='bbox 427 775 528 826; x_wconf 83' lang='lat' dir='ltr'>afferre</span> <span class='ocrx_word' id='word_1_25' title='bbox 548 773 667 843; x_wconf 88' lang='lat' dir='ltr'>patitur,</span> <span class='ocrx_word' id='word_1_26' title='bbox 685 790 757 843; x_wconf 86' lang='lat' dir='ltr'>quae</span> <span class='ocrx_word' id='word_1_27' title='bbox 778 773 864 842; x_wconf 74' lang='lat' dir='ltr'>igitur</span> <span class='ocrx_word' id='word_1_28' title='bbox 878 773 960 825; x_wconf 87' lang='lat' dir='ltr'>habet</span> <span class='ocrx_word' id='word_1_29' title='bbox 979 766 1031 842; x_wconf 79' lang='grc' dir='ltr'>τὴν</span> <span class='ocrx_word' id='word_1_30' title='bbox 1045 770 1188 843; x_wconf 66' lang='grc' dir='ltr'><strong><em>ἰσηγορίαν</em></strong></span> <span class='ocrx_word' id='word_1_31' title='bbox 1202 779 1289 842; x_wconf 86' lang='lat' dir='ltr'>atque</span> <span class='ocrx_word' id='word_1_32' title='bbox 1304 771 1409 827; x_wconf 74' lang='grc' dir='ltr'><strong><em>ἰσονο-</em></strong></span> 
     </span>
     <span class='ocr_line' id='line_1_5' title="bbox 251 856 1409 933; baseline -0.003 -18"><span class='ocrx_word' id='word_1_33' title='bbox 251 856 364 933; x_wconf 56' lang='lat' dir='ltr'>prust),</span> <span class='ocrx_word' id='word_1_34' title='bbox 386 858 513 930; x_wconf 88' lang='lat' dir='ltr'>primaria</span> <span class='ocrx_word' id='word_1_35' title='bbox 532 858 643 911; x_wconf 83' lang='lat' dir='ltr'>videtur</span> <span class='ocrx_word' id='word_1_36' title='bbox 663 858 819 924; x_wconf 80' lang='lat' dir='ltr'>Herodoto,</span> <span class='ocrx_word' id='word_1_37' title='bbox 838 875 908 929; x_wconf 87' lang='lat' dir='ltr'>quae</span> <span class='ocrx_word' id='word_1_38' title='bbox 924 858 1025 911; x_wconf 88' lang='lat' dir='ltr'>ceteris</span> <span class='ocrx_word' id='word_1_39' title='bbox 1039 857 1121 926; x_wconf 84' lang='lat' dir='ltr'>longe</span> <span class='ocrx_word' id='word_1_40' title='bbox 1142 863 1276 928; x_wconf 77' lang='lat' dir='ltr'>praestet</span> <span class='ocrx_word' id='word_1_41' title='bbox 1325 859 1409 912; x_wconf 83' lang='lat' dir='ltr'>Hinc</span> 
     </span>
     <span class='ocr_line' id='line_1_6' title="bbox 253 942 1409 1015; baseline -0.003 -15"><span class='ocrx_word' id='word_1_42' title='bbox 253 955 286 1000; x_wconf 88' lang='lat' dir='ltr'>ut</span> <span class='ocrx_word' id='word_1_43' title='bbox 299 945 472 1015; x_wconf 77' lang='lat' dir='ltr'>tyrannidem</span> <span class='ocrx_word' id='word_1_44' title='bbox 489 944 600 997; x_wconf 89' lang='lat' dir='ltr'>maxime</span> <span class='ocrx_word' id='word_1_45' title='bbox 614 949 775 1009; x_wconf 83' lang='lat' dir='ltr'>aversatur,</span> <span class='ocrx_word' id='word_1_46' title='bbox 798 943 837 994; x_wconf 87' lang='lat' dir='ltr'>ita</span> <span class='ocrx_word' id='word_1_47' title='bbox 859 942 985 1012; x_wconf 89' lang='lat' dir='ltr'>populari</span> <span class='ocrx_word' id='word_1_48' title='bbox 1000 943 1113 1012; x_wconf 86' lang='lat' dir='ltr'>imperio</span> <span class='ocrx_word' id='word_1_49' title='bbox 1131 943 1191 1012; x_wconf 89' lang='lat' dir='ltr'>ipse</span> <span class='ocrx_word' id='word_1_50' title='bbox 1207 943 1297 1010; x_wconf 77' lang='lat' dir='ltr'>magis</span> <span class='ocrx_word' id='word_1_51' title='bbox 1322 943 1409 998; x_wconf 87' lang='lat' dir='ltr'>dedi-</span> 
     </span>
     <span class='ocr_line' id='line_1_7' title="bbox 253 1027 1408 1098; baseline -0.002 -13"><span class='ocrx_word' id='word_1_52' title='bbox 253 1039 299 1085; x_wconf 90' lang='lat' dir='ltr'>tus</span> <span class='ocrx_word' id='word_1_53' title='bbox 324 1029 414 1084; x_wconf 86' lang='lat' dir='ltr'>fuisse</span> <span class='ocrx_word' id='word_1_54' title='bbox 438 1029 558 1082; x_wconf 86' lang='lat' dir='ltr'>videtur.</span> <span class='ocrx_word' id='word_1_55' title='bbox 603 1029 665 1080; x_wconf 90' lang='lat' dir='ltr'>Vid.</span> <span class='ocrx_word' id='word_1_56' title='bbox 693 1035 761 1080; x_wconf 93' lang='lat' dir='ltr'>nott.</span> <span class='ocrx_word' id='word_1_57' title='bbox 784 1027 818 1080; x_wconf 89' lang='lat' dir='ltr'>ad</span> <span class='ocrx_word' id='word_1_58' title='bbox 832 1027 865 1094; x_wconf 89' lang='lat' dir='ltr'>V,</span> <span class='ocrx_word' id='word_1_59' title='bbox 882 1029 916 1082; x_wconf 83' lang='grc'>65</span> <span class='ocrx_word' id='word_1_60' title='bbox 936 1034 964 1080; x_wconf 88' lang='lat' dir='ltr'>et</span> <span class='ocrx_word' id='word_1_61' title='bbox 978 1029 1012 1080; x_wconf 83' lang='lat'>78</span> <span class='ocrx_word' id='word_1_62' title='bbox 1033 1027 1106 1092; x_wconf 91' lang='lat' dir='ltr'>(Vol.</span> <span class='ocrx_word' id='word_1_63' title='bbox 1122 1027 1173 1081; x_wconf 93' lang='grc'><strong>111.</strong></span> <span class='ocrx_word' id='word_1_64' title='bbox 1189 1045 1216 1097; x_wconf 92' lang='lat' dir='ltr'>p.</span> <span class='ocrx_word' id='word_1_65' title='bbox 1240 1029 1303 1083; x_wconf 84' lang='grc'><strong>116.</strong></span> <span class='ocrx_word' id='word_1_66' title='bbox 1326 1031 1408 1098; x_wconf 78' lang='grc'><strong>149),</strong></span> 
     </span>
     <span class='ocr_line' id='line_1_8' title="bbox 253 1111 1407 1188; baseline -0.003 -20"><span class='ocrx_word' id='word_1_67' title='bbox 253 1117 304 1184; x_wconf 85' lang='grc' dir='ltr'>ΙΙΙ,</span> <span class='ocrx_word' id='word_1_68' title='bbox 319 1119 353 1170; x_wconf 90' lang='grc'>82</span> <span class='ocrx_word' id='word_1_69' title='bbox 369 1121 397 1167; x_wconf 86' lang='lat' dir='ltr'>et</span> <span class='ocrx_word' id='word_1_70' title='bbox 410 1114 444 1188; x_wconf 83' lang='lat' dir='ltr'>V,</span> <span class='ocrx_word' id='word_1_71' title='bbox 459 1117 503 1183; x_wconf 90' lang='grc'>92,</span> <span class='ocrx_word' id='word_1_72' title='bbox 520 1117 545 1180; x_wconf 76' lang='lat' dir='ltr'>S.</span> <span class='ocrx_word' id='word_1_73' title='bbox 562 1119 593 1181; x_wconf 80' lang='lat'>²3</span> <span class='ocrx_word' id='word_1_74' title='bbox 615 1113 714 1166; x_wconf 91' lang='lat' dir='ltr'>deinde</span> <span class='ocrx_word' id='word_1_75' title='bbox 735 1113 781 1181; x_wconf 89' lang='lat' dir='ltr'>VI,</span> <span class='ocrx_word' id='word_1_76' title='bbox 796 1115 830 1167; x_wconf 80' lang='lat'>43</span> <span class='ocrx_word' id='word_1_77' title='bbox 846 1112 954 1183; x_wconf 89' lang='lat' dir='ltr'>(ibique</span> <span class='ocrx_word' id='word_1_78' title='bbox 970 1119 1038 1164; x_wconf 90' lang='lat' dir='ltr'>nott.</span> <span class='ocrx_word' id='word_1_79' title='bbox 1060 1111 1122 1164; x_wconf 76' lang='lat' dir='ltr'>Vol,</span> <span class='ocrx_word' id='word_1_80' title='bbox 1141 1112 1191 1168; x_wconf 85' lang='lat'>111.</span> <span class='ocrx_word' id='word_1_81' title='bbox 1207 1131 1235 1182; x_wconf 88' lang='lat' dir='ltr'>p.</span> <span class='ocrx_word' id='word_1_82' title='bbox 1252 1113 1335 1180; x_wconf 84' lang='grc'><strong>218),</strong></span> <span class='ocrx_word' id='word_1_83' title='bbox 1353 1113 1407 1182; x_wconf 87' lang='lat' dir='ltr'>Vi,</span> 
     </span>
     <span class='ocr_line' id='line_1_9' title="bbox 243 1196 1406 1270; baseline -0.005 -13"><span class='ocrx_word' id='word_1_84' title='bbox 243 1204 304 1258; x_wconf 86' lang='lat'>.108</span> <span class='ocrx_word' id='word_1_85' title='bbox 330 1199 438 1270; x_wconf 91' lang='lat' dir='ltr'>(ibique</span> <span class='ocrx_word' id='word_1_86' title='bbox 453 1205 523 1254; x_wconf 89' lang='lat' dir='ltr'>nott.</span> <span class='ocrx_word' id='word_1_87' title='bbox 539 1199 599 1252; x_wconf 90' lang='lat' dir='ltr'>Voi.</span> <span class='ocrx_word' id='word_1_88' title='bbox 617 1199 669 1251; x_wconf 85' lang='lat'>111.</span> <span class='ocrx_word' id='word_1_89' title='bbox 687 1215 713 1266; x_wconf 89' lang='lat' dir='ltr'>p.</span> <span class='ocrx_word' id='word_1_90' title='bbox 729 1199 793 1268; x_wconf 73' lang='lat'>378)</span> <span class='ocrx_word' id='word_1_91' title='bbox 821 1205 849 1249; x_wconf 84' lang='lat' dir='ltr'>et</span> <span class='ocrx_word' id='word_1_92' title='bbox 869 1196 930 1264; x_wconf 86' lang='lat' dir='ltr'>VII,</span> <span class='ocrx_word' id='word_1_93' title='bbox 955 1199 1005 1252; x_wconf 87' lang='grc'><strong>156</strong></span> <span class='ocrx_word' id='word_1_94' title='bbox 1025 1196 1134 1267; x_wconf 88' lang='lat' dir='ltr'>(ibique</span> <span class='ocrx_word' id='word_1_95' title='bbox 1155 1202 1224 1250; x_wconf 91' lang='lat' dir='ltr'>nott.</span> <span class='ocrx_word' id='word_1_96' title='bbox 1249 1197 1316 1250; x_wconf 92' lang='lat' dir='ltr'>Voi.</span> <span class='ocrx_word' id='word_1_97' title='bbox 1348 1198 1406 1251; x_wconf 88' lang='grc'><strong>111.</strong></span> 
     </span>
     <span class='ocr_line' id='line_1_10' title="bbox 252 1282 1408 1357; baseline -0.003 -17"><span class='ocrx_word' id='word_1_98' title='bbox 252 1306 280 1357; x_wconf 90' lang='lat' dir='ltr'>p.</span> <span class='ocrx_word' id='word_1_99' title='bbox 296 1286 371 1353; x_wconf 82' lang='grc'><strong>1182).</strong></span> <span class='ocrx_word' id='word_1_100' title='bbox 405 1284 504 1354; x_wconf 81' lang='lat' dir='ltr'>Neque</span> <span class='ocrx_word' id='word_1_101' title='bbox 531 1301 598 1337; x_wconf 83' lang='lat' dir='ltr'>vero</span> <span class='ocrx_word' id='word_1_102' title='bbox 624 1285 696 1336; x_wconf 90' lang='lat' dir='ltr'>hunc</span> <span class='ocrx_word' id='word_1_103' title='bbox 720 1282 863 1352; x_wconf 86' lang='lat' dir='ltr'>popularis</span> <span class='ocrx_word' id='word_1_104' title='bbox 889 1282 993 1352; x_wconf 86' lang='lat' dir='ltr'>imperii</span> <span class='ocrx_word' id='word_1_105' title='bbox 1013 1299 1129 1335; x_wconf 88' lang='lat' dir='ltr'>amorem</span> <span class='ocrx_word' id='word_1_106' title='bbox 1148 1299 1180 1333; x_wconf 90' lang='lat' dir='ltr'>co</span> <span class='ocrx_word' id='word_1_107' title='bbox 1205 1282 1352 1349; x_wconf 81' lang='lat' dir='ltr'>valuisse,</span> <span class='ocrx_word' id='word_1_108' title='bbox 1372 1293 1408 1336; x_wconf 87' lang='lat' dir='ltr'>ut</span> 
     </span>
     <span class='ocr_line' id='line_1_11' title="bbox 253 1367 1407 1438; baseline -0.003 -14"><span class='ocrx_word' id='word_1_109' title='bbox 253 1387 343 1424; x_wconf 90' lang='lat' dir='ltr'>rerum</span> <span class='ocrx_word' id='word_1_110' title='bbox 359 1368 469 1422; x_wconf 85' lang='lat' dir='ltr'>veritati</span> <span class='ocrx_word' id='word_1_111' title='bbox 490 1369 519 1421; x_wconf 93' lang='lat' dir='ltr'>in</span> <span class='ocrx_word' id='word_1_112' title='bbox 535 1369 692 1422; x_wconf 78' lang='lat' dir='ltr'>narratione</span> <span class='ocrx_word' id='word_1_113' title='bbox 710 1367 834 1420; x_wconf 84' lang='lat' dir='ltr'>offecerit</span> <span class='ocrx_word' id='word_1_114' title='bbox 854 1367 998 1438; x_wconf 90' lang='lat' dir='ltr'>ipsumque</span> <span class='ocrx_word' id='word_1_115' title='bbox 1016 1367 1178 1436; x_wconf 78' lang='lat' dir='ltr'>scriptorem</span> <span class='ocrx_word' id='word_1_116' title='bbox 1198 1367 1321 1436; x_wconf 90' lang='lat' dir='ltr'>partium</span> <span class='ocrx_word' id='word_1_117' title='bbox 1340 1375 1407 1420; x_wconf 87' lang='lat' dir='ltr'>stu-</span> 
     </span>
     <span class='ocr_line' id='line_1_12' title="bbox 254 1451 1407 1524; baseline -0.003 -17"><span class='ocrx_word' id='word_1_118' title='bbox 254 1455 298 1508; x_wconf 93' lang='lat' dir='ltr'>dio</span> <span class='ocrx_word' id='word_1_119' title='bbox 316 1462 424 1524; x_wconf 89' lang='lat' dir='ltr'>captum</span> <span class='ocrx_word' id='word_1_120' title='bbox 440 1471 456 1504; x_wconf 88' lang='lat' dir='ltr'>a</span> <span class='ocrx_word' id='word_1_121' title='bbox 472 1471 537 1506; x_wconf 80' lang='lat' dir='ltr'>vero</span> <span class='ocrx_word' id='word_1_122' title='bbox 554 1453 713 1518; x_wconf 85' lang='lat' dir='ltr'>obduxerit,</span> <span class='ocrx_word' id='word_1_123' title='bbox 735 1471 768 1505; x_wconf 85' lang='lat' dir='ltr'>ex</span> <span class='ocrx_word' id='word_1_124' title='bbox 790 1453 840 1520; x_wconf 89' lang='lat' dir='ltr'>iis,</span> <span class='ocrx_word' id='word_1_125' title='bbox 861 1469 932 1522; x_wconf 88' lang='lat' dir='ltr'>quae</span> <span class='ocrx_word' id='word_1_126' title='bbox 947 1469 1032 1521; x_wconf 88' lang='lat' dir='ltr'>supra</span> <span class='ocrx_word' id='word_1_127' title='bbox 1047 1451 1099 1504; x_wconf 89' lang='lat' dir='ltr'>iam</span> <span class='ocrx_word' id='word_1_128' title='bbox 1115 1452 1241 1519; x_wconf 84' lang='lat' dir='ltr'>diximus,</span> <span class='ocrx_word' id='word_1_129' title='bbox 1259 1452 1336 1504; x_wconf 85' lang='lat' dir='ltr'>satis</span> <span class='ocrx_word' id='word_1_130' title='bbox 1353 1469 1407 1521; x_wconf 87' lang='lat' dir='ltr'>ap-</span> 
     </span>
     <span class='ocr_line' id='line_1_13' title="bbox 253 1536 1407 1610; baseline -0.002 -18"><span class='ocrx_word' id='word_1_131' title='bbox 253 1546 346 1610; x_wconf 78' lang='lat' dir='ltr'>paret3</span> <span class='ocrx_word' id='word_1_132' title='bbox 373 1538 441 1590; x_wconf 89' lang='lat' dir='ltr'>adde</span> <span class='ocrx_word' id='word_1_133' title='bbox 465 1538 539 1607; x_wconf 88' lang='lat' dir='ltr'>quod</span> <span class='ocrx_word' id='word_1_134' title='bbox 560 1539 628 1590; x_wconf 88' lang='lat' dir='ltr'>hanc</span> <span class='ocrx_word' id='word_1_135' title='bbox 650 1554 725 1590; x_wconf 86' lang='lat' dir='ltr'>suam</span> <span class='ocrx_word' id='word_1_136' title='bbox 746 1537 909 1591; x_wconf 88' lang='lat' dir='ltr'>senteutiam</span> <span class='ocrx_word' id='word_1_137' title='bbox 932 1536 977 1590; x_wconf 88' lang='lat' dir='ltr'>iiie</span> <span class='ocrx_word' id='word_1_138' title='bbox 999 1555 1052 1590; x_wconf 92' lang='lat' dir='ltr'>non</span> <span class='ocrx_word' id='word_1_139' title='bbox 1069 1537 1195 1589; x_wconf 89' lang='lat' dir='ltr'>consulto</span> <span class='ocrx_word' id='word_1_140' title='bbox 1217 1543 1245 1589; x_wconf 87' lang='lat' dir='ltr'>et</span> <span class='ocrx_word' id='word_1_141' title='bbox 1268 1538 1407 1606; x_wconf 77' lang='lat' dir='ltr'>apertius</span> 
     </span>
     <span class='ocr_line' id='line_1_14' title="bbox 254 1621 1407 1691; baseline -0.002 -15"><span class='ocrx_word' id='word_1_142' title='bbox 254 1623 396 1690; x_wconf 89' lang='lat' dir='ltr'>enuntiat,</span> <span class='ocrx_word' id='word_1_143' title='bbox 417 1623 467 1674; x_wconf 88' lang='lat' dir='ltr'>sed</span> <span class='ocrx_word' id='word_1_144' title='bbox 495 1623 581 1690; x_wconf 85' lang='lat' dir='ltr'>magis</span> <span class='ocrx_word' id='word_1_145' title='bbox 606 1628 677 1675; x_wconf 88' lang='lat' dir='ltr'>tecte</span> <span class='ocrx_word' id='word_1_146' title='bbox 695 1622 812 1690; x_wconf 88' lang='lat' dir='ltr'>indicat,</span> <span class='ocrx_word' id='word_1_147' title='bbox 839 1639 898 1674; x_wconf 89' lang='lat' dir='ltr'>cum</span> <span class='ocrx_word' id='word_1_148' title='bbox 913 1623 947 1674; x_wconf 90' lang='lat' dir='ltr'>ab</span> <span class='ocrx_word' id='word_1_149' title='bbox 963 1621 1091 1675; x_wconf 87' lang='lat' dir='ltr'>historiis</span> <span class='ocrx_word' id='word_1_150' title='bbox 1101 1623 1160 1674; x_wconf 89' lang='lat' dir='ltr'>suis</span> <span class='ocrx_word' id='word_1_151' title='bbox 1176 1621 1255 1690; x_wconf 87' lang='lat' dir='ltr'>talia,</span> <span class='ocrx_word' id='word_1_152' title='bbox 1272 1638 1351 1691; x_wconf 87' lang='lat' dir='ltr'>quae</span> <span class='ocrx_word' id='word_1_153' title='bbox 1368 1622 1407 1674; x_wconf 87' lang='lat' dir='ltr'>sd</span> 
     </span>
     <span class='ocr_line' id='line_1_15' title="bbox 255 1707 995 1776; baseline -0.004 -15"><span class='ocrx_word' id='word_1_154' title='bbox 255 1724 344 1761; x_wconf 87' lang='lat' dir='ltr'>rerum</span> <span class='ocrx_word' id='word_1_155' title='bbox 359 1707 541 1760; x_wconf 76' lang='lat' dir='ltr'>narrationem</span> <span class='ocrx_word' id='word_1_156' title='bbox 556 1707 727 1776; x_wconf 89' lang='lat' dir='ltr'>pertineant,</span> <span class='ocrx_word' id='word_1_157' title='bbox 749 1708 847 1760; x_wconf 88' lang='lat' dir='ltr'>abesse</span> <span class='ocrx_word' id='word_1_158' title='bbox 860 1707 995 1760; x_wconf 78' lang='lat' dir='ltr'>maluerit.</span> 
     </span>
    </p>
   </div>
   <div class='ocr_carea' id='block_1_3' title="bbox 782 1895 867 1958">
    <p class='ocr_par' dir='ltr' id='par_1_3' title="bbox 782 1895 867 1958">
     <span class='ocr_line' id='line_1_16' title="bbox 782 1895 867 1958; baseline 0 -12"><span class='ocrx_word' id='word_1_159' title='bbox 782 1896 808 1958; x_wconf 79' lang='lat'>§-</span> <span class='ocrx_word' id='word_1_160' title='bbox 825 1895 867 1948; x_wconf 85' lang='lat'>13.</span> 
     </span>
    </p>
   </div>
   <div class='ocr_carea' id='block_1_4' title="bbox 253 2043 1408 4324">
    <p class='ocr_par' dir='ltr' id='par_1_4' title="bbox 253 2043 1408 4324">
     <span class='ocr_line' id='line_1_17' title="bbox 340 2043 1407 2118; baseline 0.005 -20"><span class='ocrx_word' id='word_1_161' title='bbox 340 2046 419 2116; x_wconf 88' lang='lat' dir='ltr'>Opus</span> <span class='ocrx_word' id='word_1_162' title='bbox 438 2044 640 2111; x_wconf 82' lang='lat' dir='ltr'>Herodoteum,</span> <span class='ocrx_word' id='word_1_163' title='bbox 661 2043 742 2114; x_wconf 87' lang='lat' dir='ltr'>quale</span> <span class='ocrx_word' id='word_1_164' title='bbox 766 2061 840 2097; x_wconf 91' lang='lat' dir='ltr'>nunc</span> <span class='ocrx_word' id='word_1_165' title='bbox 855 2045 985 2114; x_wconf 83' lang='lat' dir='ltr'>legimus,</span> <span class='ocrx_word' id='word_1_166' title='bbox 1001 2046 1029 2098; x_wconf 91' lang='lat' dir='ltr'>in</span> <span class='ocrx_word' id='word_1_167' title='bbox 1045 2063 1142 2100; x_wconf 84' lang='lat' dir='ltr'>norem</span> <span class='ocrx_word' id='word_1_168' title='bbox 1159 2047 1254 2116; x_wconf 87' lang='lat' dir='ltr'>libros,</span> <span class='ocrx_word' id='word_1_169' title='bbox 1274 2049 1325 2118; x_wconf 88' lang='lat' dir='ltr'>qui</span> <span class='ocrx_word' id='word_1_170' title='bbox 1343 2049 1407 2103; x_wconf 85' lang='lat' dir='ltr'>sin·</span> 
     </span>
     <span class='ocr_line' id='line_1_18' title="bbox 254 2129 1405 2200; baseline 0.004 -18"><span class='ocrx_word' id='word_1_171' title='bbox 254 2131 312 2200; x_wconf 81' lang='lat' dir='ltr'>guli</span> <span class='ocrx_word' id='word_1_172' title='bbox 327 2132 469 2184; x_wconf 87' lang='lat' dir='ltr'>Musarum</span> <span class='ocrx_word' id='word_1_173' title='bbox 484 2129 640 2182; x_wconf 90' lang='lat' dir='ltr'>nominibus</span> <span class='ocrx_word' id='word_1_174' title='bbox 655 2129 782 2200; x_wconf 89' lang='lat' dir='ltr'>inscripti</span> <span class='ocrx_word' id='word_1_175' title='bbox 798 2137 878 2197; x_wconf 89' lang='lat' dir='ltr'>sunt,</span> <span class='ocrx_word' id='word_1_176' title='bbox 894 2131 1012 2184; x_wconf 88' lang='lat' dir='ltr'>divisum</span> <span class='ocrx_word' id='word_1_177' title='bbox 1026 2131 1160 2186; x_wconf 86' lang='lat' dir='ltr'>videmus.</span> <span class='ocrx_word' id='word_1_178' title='bbox 1204 2133 1285 2195; x_wconf 82' lang='lat' dir='ltr'>Quae</span> <span class='ocrx_word' id='word_1_179' title='bbox 1306 2141 1405 2188; x_wconf 86' lang='lat' dir='ltr'>tamen</span> 
     </span>
     <span class='ocr_line' id='line_1_19' title="bbox 255 2213 1405 2287; baseline 0.002 -17"><span class='ocrx_word' id='word_1_180' title='bbox 255 2217 354 2270; x_wconf 86' lang='lat' dir='ltr'>divisio</span> <span class='ocrx_word' id='word_1_181' title='bbox 377 2217 411 2268; x_wconf 88' lang='lat' dir='ltr'>ab</span> <span class='ocrx_word' id='word_1_182' title='bbox 427 2213 489 2284; x_wconf 91' lang='lat' dir='ltr'>ipso</span> <span class='ocrx_word' id='word_1_183' title='bbox 516 2222 627 2266; x_wconf 87' lang='lat' dir='ltr'>auctore</span> <span class='ocrx_word' id='word_1_184' title='bbox 643 2231 706 2266; x_wconf 92' lang='lat' dir='ltr'>num</span> <span class='ocrx_word' id='word_1_185' title='bbox 731 2216 853 2284; x_wconf 86' lang='lat' dir='ltr'>proiecta</span> <span class='ocrx_word' id='word_1_186' title='bbox 870 2215 922 2283; x_wconf 87' lang='lat' dir='ltr'>sit,</span> <span class='ocrx_word' id='word_1_187' title='bbox 948 2217 1010 2268; x_wconf 90' lang='lat' dir='ltr'>iure</span> <span class='ocrx_word' id='word_1_188' title='bbox 1025 2215 1151 2284; x_wconf 89' lang='lat' dir='ltr'>dubites;</span> <span class='ocrx_word' id='word_1_189' title='bbox 1173 2219 1405 2287; x_wconf 87' lang='lat' dir='ltr'>quandoquidem</span> 
     </span>
     <span class='ocr_line' id='line_1_20' title="bbox 255 2298 1406 2372; baseline 0.002 -18"><span class='ocrx_word' id='word_1_190' title='bbox 255 2301 301 2355; x_wconf 91' lang='lat' dir='ltr'>ilie</span> <span class='ocrx_word' id='word_1_191' title='bbox 314 2317 453 2370; x_wconf 86' lang='lat' dir='ltr'>nunquam</span> <span class='ocrx_word' id='word_1_192' title='bbox 469 2298 596 2368; x_wconf 84' lang='lat' dir='ltr'>singulos</span> <span class='ocrx_word' id='word_1_193' title='bbox 611 2299 696 2351; x_wconf 86' lang='lat' dir='ltr'>libros</span> <span class='ocrx_word' id='word_1_194' title='bbox 711 2299 750 2350; x_wconf 88' lang='lat' dir='ltr'>its</span> <span class='ocrx_word' id='word_1_195' title='bbox 763 2299 868 2352; x_wconf 87' lang='lat' dir='ltr'>divisos</span> <span class='ocrx_word' id='word_1_196' title='bbox 885 2307 913 2352; x_wconf 89' lang='lat' dir='ltr'>et</span> <span class='ocrx_word' id='word_1_197' title='bbox 927 2301 1184 2370; x_wconf 72' lang='lat' dir='ltr'>inscriptos‘uovit,</span> <span class='ocrx_word' id='word_1_198' title='bbox 1203 2303 1252 2354; x_wconf 88' lang='lat' dir='ltr'>sed</span> <span class='ocrx_word' id='word_1_199' title='bbox 1265 2303 1300 2354; x_wconf 87' lang='lat' dir='ltr'>ad</span> <span class='ocrx_word' id='word_1_200' title='bbox 1319 2305 1406 2372; x_wconf 83' lang='lat' dir='ltr'>prius</span> 
     </span>
     <span class='ocr_line' id='line_1_21' title="bbox 256 2378 1406 2455; baseline 0.003 -17"><span class='ocrx_word' id='word_1_201' title='bbox 256 2393 366 2439; x_wconf 82' lang='lat' dir='ltr'>rrarrata</span> <span class='ocrx_word' id='word_1_202' title='bbox 382 2386 406 2438; x_wconf 91' lang='lat' dir='ltr'>si</span> <span class='ocrx_word' id='word_1_203' title='bbox 421 2385 549 2454; x_wconf 72' lang='lat' dir='ltr'>respicit,</span> <span class='ocrx_word' id='word_1_204' title='bbox 570 2378 669 2453; x_wconf 80' lang='grc' dir='ltr'><strong><em>λόγους</em></strong></span> <span class='ocrx_word' id='word_1_205' title='bbox 689 2385 718 2437; x_wconf 91' lang='lat' dir='ltr'>in</span> <span class='ocrx_word' id='word_1_206' title='bbox 739 2385 898 2438; x_wconf 84' lang='lat' dir='ltr'>universum</span> <span class='ocrx_word' id='word_1_207' title='bbox 921 2393 1001 2438; x_wconf 86' lang='lat' dir='ltr'>vocat</span> <span class='ocrx_word' id='word_1_208' title='bbox 1021 2381 1167 2448; x_wconf 70' lang='lat' dir='ltr'>sive&#39;rosir</span> <span class='ocrx_word' id='word_1_209' title='bbox 1187 2381 1318 2455; x_wconf 77' lang='grc' dir='ltr'><strong><em>ποοὶιοος</em></strong></span> <span class='ocrx_word' id='word_1_210' title='bbox 1340 2389 1406 2442; x_wconf 80' lang='lat' dir='ltr'>sive</span> 
     </span>
     <span class='ocr_line' id='line_1_22' title="bbox 253 2462 1406 2544; baseline 0 -19"><span class='ocrx_word' id='word_1_211' title='bbox 253 2463 430 2541; x_wconf 69' lang='lat' dir='ltr'>suricinium,</span> <span class='ocrx_word' id='word_1_212' title='bbox 448 2464 514 2532; x_wconf 79' lang='grc' dir='ltr'>τούς</span> <span class='ocrx_word' id='word_1_213' title='bbox 530 2463 631 2524; x_wconf 66' lang='lat' dir='ltr'>(iniciis</span> <span class='ocrx_word' id='word_1_214' title='bbox 646 2463 754 2541; x_wconf 78' lang='grc' dir='ltr'>λόγους,</span> <span class='ocrx_word' id='word_1_215' title='bbox 770 2463 799 2524; x_wconf 74' lang='grc' dir='ltr'>ἐν</span> <span class='ocrx_word' id='word_1_216' title='bbox 813 2462 884 2542; x_wconf 70' lang='grc' dir='ltr'>ἄλλοι</span> <span class='ocrx_word' id='word_1_217' title='bbox 898 2465 979 2544; x_wconf 75' lang='grc' dir='ltr'>λόγῳ,</span> <span class='ocrx_word' id='word_1_218' title='bbox 998 2479 1026 2524; x_wconf 92' lang='lat' dir='ltr'>et</span> <span class='ocrx_word' id='word_1_219' title='bbox 1046 2488 1117 2541; x_wconf 90' lang='lat' dir='ltr'>quae</span> <span class='ocrx_word' id='word_1_220' title='bbox 1139 2479 1205 2524; x_wconf 90' lang='lat' dir='ltr'>sunt</span> <span class='ocrx_word' id='word_1_221' title='bbox 1221 2472 1263 2524; x_wconf 86' lang='lat' dir='ltr'>bis</span> <span class='ocrx_word' id='word_1_222' title='bbox 1286 2472 1406 2541; x_wconf 80' lang='lat' dir='ltr'>similia,</span> 
     </span>
     <span class='ocr_line' id='line_1_23' title="bbox 256 2553 1408 2626; baseline 0.003 -18"><span class='ocrx_word' id='word_1_223' title='bbox 256 2556 356 2626; x_wconf 86' lang='lat' dir='ltr'>quibua</span> <span class='ocrx_word' id='word_1_224' title='bbox 378 2555 503 2623; x_wconf 84' lang='lat' dir='ltr'>singulas</span> <span class='ocrx_word' id='word_1_225' title='bbox 525 2553 692 2607; x_wconf 80' lang='lat' dir='ltr'>narrationis</span> <span class='ocrx_word' id='word_1_226' title='bbox 704 2561 812 2623; x_wconf 88' lang='lat' dir='ltr'>partes,</span> <span class='ocrx_word' id='word_1_227' title='bbox 838 2572 907 2623; x_wconf 89' lang='lat' dir='ltr'>quas</span> <span class='ocrx_word' id='word_1_228' title='bbox 928 2573 1001 2608; x_wconf 92' lang='lat' dir='ltr'>nuuc</span> <span class='ocrx_word' id='word_1_229' title='bbox 1021 2556 1177 2608; x_wconf 88' lang='lat' dir='ltr'>accuratius</span> <span class='ocrx_word' id='word_1_230' title='bbox 1198 2556 1350 2610; x_wconf 87' lang='lat' dir='ltr'>distinctas</span> <span class='ocrx_word' id='word_1_231' title='bbox 1377 2569 1408 2611; x_wconf 85' lang='lat' dir='ltr'>et</span> 
     </span>
     <span class='ocr_line' id='line_1_24' title="bbox 256 2637 1406 2706; baseline 0.003 -13"><span class='ocrx_word' id='word_1_232' title='bbox 256 2641 399 2693; x_wconf 83' lang='lat' dir='ltr'>Musarum</span> <span class='ocrx_word' id='word_1_233' title='bbox 414 2639 521 2693; x_wconf 88' lang='lat' dir='ltr'>nomine</span> <span class='ocrx_word' id='word_1_234' title='bbox 539 2645 650 2691; x_wconf 88' lang='lat' dir='ltr'>ornatas</span> <span class='ocrx_word' id='word_1_235' title='bbox 665 2639 802 2706; x_wconf 84' lang='lat' dir='ltr'>videmus,</span> <span class='ocrx_word' id='word_1_236' title='bbox 816 2637 862 2691; x_wconf 89' lang='lat' dir='ltr'>illc</span> <span class='ocrx_word' id='word_1_237' title='bbox 876 2641 996 2694; x_wconf 90' lang='lat' dir='ltr'>indicare</span> <span class='ocrx_word' id='word_1_238' title='bbox 1013 2640 1092 2694; x_wconf 91' lang='lat' dir='ltr'>solet.</span> <span class='ocrx_word' id='word_1_239' title='bbox 1126 2641 1183 2693; x_wconf 87' lang='lat' dir='ltr'>Iam</span> <span class='ocrx_word' id='word_1_240' title='bbox 1197 2641 1304 2693; x_wconf 90' lang='lat' dir='ltr'>monuit</span> <span class='ocrx_word' id='word_1_241' title='bbox 1316 2643 1406 2696; x_wconf 82' lang='lat' dir='ltr'>Wes-</span> 
     </span>
     <span class='ocr_line' id='line_1_25' title="bbox 256 2723 1405 2794; baseline 0.003 -17"><span class='ocrx_word' id='word_1_242' title='bbox 256 2725 355 2792; x_wconf 82' lang='lat' dir='ltr'>seiing.</span> <span class='ocrx_word' id='word_1_243' title='bbox 380 2725 408 2776; x_wconf 93' lang='lat' dir='ltr'>in</span> <span class='ocrx_word' id='word_1_244' title='bbox 430 2724 550 2778; x_wconf 86' lang='lat' dir='ltr'>Praeiat.</span> <span class='ocrx_word' id='word_1_245' title='bbox 573 2727 598 2788; x_wconf 76' lang='lat' dir='ltr'>s.</span> <span class='ocrx_word' id='word_1_246' title='bbox 616 2727 641 2789; x_wconf 86' lang='grc'>2,</span> <span class='ocrx_word' id='word_1_247' title='bbox 664 2724 710 2776; x_wconf 92' lang='lat' dir='ltr'>ubi</span> <span class='ocrx_word' id='word_1_248' title='bbox 731 2723 863 2793; x_wconf 88' lang='lat' dir='ltr'>quaedam</span> <span class='ocrx_word' id='word_1_249' title='bbox 884 2725 988 2778; x_wconf 88' lang='lat' dir='ltr'>addidit</span> <span class='ocrx_word' id='word_1_250' title='bbox 1009 2725 1291 2794; x_wconf 81' lang='lat' dir='ltr'>Schweighaeuserus.</span> <span class='ocrx_word' id='word_1_251' title='bbox 1342 2729 1405 2790; x_wconf 85' lang='lat' dir='ltr'>Qui</span> 
     </span>
     <span class='ocr_line' id='line_1_26' title="bbox 257 2809 1404 2879; baseline 0.003 -19"><span class='ocrx_word' id='word_1_252' title='bbox 257 2809 369 2862; x_wconf 90' lang='lat' dir='ltr'>eandem</span> <span class='ocrx_word' id='word_1_253' title='bbox 387 2827 443 2862; x_wconf 90' lang='lat' dir='ltr'>rem</span> <span class='ocrx_word' id='word_1_254' title='bbox 458 2809 550 2877; x_wconf 81' lang='lat' dir='ltr'>attigit</span> <span class='ocrx_word' id='word_1_255' title='bbox 565 2809 646 2861; x_wconf 84' lang='lat' dir='ltr'>Mure</span> <span class='ocrx_word' id='word_1_256' title='bbox 661 2809 791 2878; x_wconf 77' lang='lat' dir='ltr'>(History</span> <span class='ocrx_word' id='word_1_257' title='bbox 809 2811 840 2860; x_wconf 88' lang='lat' dir='ltr'>oi</span> <span class='ocrx_word' id='word_1_258' title='bbox 852 2810 897 2862; x_wconf 89' lang='lat' dir='ltr'>the</span> <span class='ocrx_word' id='word_1_259' title='bbox 913 2811 1048 2879; x_wconf 84' lang='lat' dir='ltr'>language</span> <span class='ocrx_word' id='word_1_260' title='bbox 1068 2810 1121 2862; x_wconf 87' lang='lat' dir='ltr'>and</span> <span class='ocrx_word' id='word_1_261' title='bbox 1137 2811 1280 2863; x_wconf 85' lang='lat' dir='ltr'>literature</span> <span class='ocrx_word' id='word_1_262' title='bbox 1296 2814 1331 2864; x_wconf 84' lang='lat' dir='ltr'>os</span> <span class='ocrx_word' id='word_1_263' title='bbox 1350 2831 1404 2865; x_wconf 86' lang='lat' dir='ltr'>an-</span> 
     </span>
     <span class='ocr_line' id='line_1_27' title="bbox 258 2893 1404 2966; baseline 0.003 -21"><span class='ocrx_word' id='word_1_264' title='bbox 258 2894 331 2945; x_wconf 87' lang='lat' dir='ltr'>cient</span> <span class='ocrx_word' id='word_1_265' title='bbox 346 2895 452 2946; x_wconf 84' lang='lat' dir='ltr'>Greece</span> <span class='ocrx_word' id='word_1_266' title='bbox 467 2893 514 2946; x_wconf 91' lang='lat' dir='ltr'>IV.</span> <span class='ocrx_word' id='word_1_267' title='bbox 530 2911 557 2962; x_wconf 91' lang='lat' dir='ltr'>p.</span> <span class='ocrx_word' id='word_1_268' title='bbox 573 2897 625 2948; x_wconf 78' lang='grc'>459</span> <span class='ocrx_word' id='word_1_269' title='bbox 640 2894 725 2962; x_wconf 84' lang='lat' dir='ltr'>seq.),</span> <span class='ocrx_word' id='word_1_270' title='bbox 743 2893 845 2962; x_wconf 87' lang='lat' dir='ltr'>etipse</span> <span class='ocrx_word' id='word_1_271' title='bbox 861 2894 980 2961; x_wconf 88' lang='lat' dir='ltr'>dubitat,</span> <span class='ocrx_word' id='word_1_272' title='bbox 998 2911 1059 2948; x_wconf 91' lang='lat' dir='ltr'>num</span> <span class='ocrx_word' id='word_1_273' title='bbox 1076 2913 1117 2962; x_wconf 89' lang='lat' dir='ltr'>ea,</span> <span class='ocrx_word' id='word_1_274' title='bbox 1139 2911 1210 2966; x_wconf 90' lang='lat' dir='ltr'>quae</span> <span class='ocrx_word' id='word_1_275' title='bbox 1227 2911 1300 2948; x_wconf 92' lang='lat' dir='ltr'>nunc</span> <span class='ocrx_word' id='word_1_276' title='bbox 1316 2897 1404 2950; x_wconf 86' lang='lat' dir='ltr'>inve-</span> 
     </span>
     <span class='ocr_line' id='line_1_28' title="bbox 258 2977 1405 3052; baseline 0.003 -22"><span class='ocrx_word' id='word_1_277' title='bbox 258 2979 333 3031; x_wconf 91' lang='lat' dir='ltr'>nitur</span> <span class='ocrx_word' id='word_1_278' title='bbox 348 2977 498 3030; x_wconf 88' lang='lat' dir='ltr'>Herodotei</span> <span class='ocrx_word' id='word_1_279' title='bbox 515 2978 606 3046; x_wconf 88' lang='lat' dir='ltr'>operis</span> <span class='ocrx_word' id='word_1_280' title='bbox 629 2977 742 3043; x_wconf 78' lang='lat' dir='ltr'>divisio,</span> <span class='ocrx_word' id='word_1_281' title='bbox 759 2977 793 3028; x_wconf 86' lang='lat' dir='ltr'>ab</span> <span class='ocrx_word' id='word_1_282' title='bbox 808 2978 869 3048; x_wconf 93' lang='lat' dir='ltr'>ipso</span> <span class='ocrx_word' id='word_1_283' title='bbox 884 2979 1025 3032; x_wconf 83' lang='lat' dir='ltr'>Herodoto</span> <span class='ocrx_word' id='word_1_284' title='bbox 1039 2981 1163 3049; x_wconf 82' lang='lat' dir='ltr'>proiecta</span> <span class='ocrx_word' id='word_1_285' title='bbox 1177 2981 1228 3049; x_wconf 86' lang='lat' dir='ltr'>sit,</span> <span class='ocrx_word' id='word_1_286' title='bbox 1244 2980 1309 3033; x_wconf 90' lang='lat' dir='ltr'>iicet</span> <span class='ocrx_word' id='word_1_287' title='bbox 1325 2999 1405 3052; x_wconf 84' lang='lat' dir='ltr'>opus</span> 
     </span>
     <span class='ocr_line' id='line_1_29' title="bbox 257 3061 1403 3134; baseline 0.004 -20"><span class='ocrx_word' id='word_1_288' title='bbox 257 3073 311 3114; x_wconf 86' lang='lat' dir='ltr'>tam</span> <span class='ocrx_word' id='word_1_289' title='bbox 326 3061 445 3132; x_wconf 91' lang='lat' dir='ltr'>spissum</span> <span class='ocrx_word' id='word_1_290' title='bbox 461 3069 489 3116; x_wconf 89' lang='lat' dir='ltr'>et</span> <span class='ocrx_word' id='word_1_291' title='bbox 502 3069 644 3114; x_wconf 87' lang='lat' dir='ltr'>extensum</span> <span class='ocrx_word' id='word_1_292' title='bbox 659 3061 819 3114; x_wconf 87' lang='lat' dir='ltr'>divisionem</span> <span class='ocrx_word' id='word_1_293' title='bbox 838 3065 972 3130; x_wconf 88' lang='lat' dir='ltr'>quandam</span> <span class='ocrx_word' id='word_1_294' title='bbox 986 3081 1017 3117; x_wconf 85' lang='lat' dir='ltr'>ac</span> <span class='ocrx_word' id='word_1_295' title='bbox 1036 3065 1256 3118; x_wconf 87' lang='lat' dir='ltr'>distributionem</span> <span class='ocrx_word' id='word_1_296' title='bbox 1276 3069 1403 3134; x_wconf 85' lang='lat' dir='ltr'>partium</span> 
     </span>
     <span class='ocr_line' id='line_1_30' title="bbox 257 3145 1405 3220; baseline 0.003 -19"><span class='ocrx_word' id='word_1_297' title='bbox 257 3147 426 3216; x_wconf 82' lang='lat' dir='ltr'>singularum</span> <span class='ocrx_word' id='word_1_298' title='bbox 450 3145 544 3215; x_wconf 88' lang='lat' dir='ltr'>utique</span> <span class='ocrx_word' id='word_1_299' title='bbox 568 3145 702 3215; x_wconf 82' lang='lat' dir='ltr'>postulet:</span> <span class='ocrx_word' id='word_1_300' title='bbox 723 3163 802 3216; x_wconf 90' lang='lat' dir='ltr'>quam</span> <span class='ocrx_word' id='word_1_301' title='bbox 825 3147 849 3199; x_wconf 94' lang='lat' dir='ltr'>si</span> <span class='ocrx_word' id='word_1_302' title='bbox 871 3148 975 3202; x_wconf 88' lang='lat' dir='ltr'>Noster</span> <span class='ocrx_word' id='word_1_303' title='bbox 991 3167 1108 3220; x_wconf 85' lang='lat' dir='ltr'>unquam</span> <span class='ocrx_word' id='word_1_304' title='bbox 1129 3151 1313 3220; x_wconf 81' lang='lat' dir='ltr'>instituisset,</span> <span class='ocrx_word' id='word_1_305' title='bbox 1341 3169 1405 3205; x_wconf 87' lang='lat' dir='ltr'>eam</span> 
     </span>
     <span class='ocr_line' id='line_1_31' title="bbox 257 3230 1404 3304; baseline 0.005 -20"><span class='ocrx_word' id='word_1_306' title='bbox 257 3238 337 3304; x_wconf 87' lang='lat' dir='ltr'>putat</span> <span class='ocrx_word' id='word_1_307' title='bbox 349 3232 390 3284; x_wconf 87' lang='lat' dir='ltr'>vir</span> <span class='ocrx_word' id='word_1_308' title='bbox 407 3232 505 3284; x_wconf 91' lang='lat' dir='ltr'>doctus</span> <span class='ocrx_word' id='word_1_309' title='bbox 519 3231 593 3283; x_wconf 90' lang='lat' dir='ltr'>illum</span> <span class='ocrx_word' id='word_1_310' title='bbox 610 3230 802 3284; x_wconf 88' lang='lat' dir='ltr'>instituturum</span> <span class='ocrx_word' id='word_1_311' title='bbox 817 3231 921 3300; x_wconf 73' lang='lat' dir='ltr'>iusisse,</span> <span class='ocrx_word' id='word_1_312' title='bbox 944 3251 1013 3304; x_wconf 85' lang='lat' dir='ltr'>quae</span> <span class='ocrx_word' id='word_1_313' title='bbox 1029 3235 1122 3288; x_wconf 80' lang='lat' dir='ltr'>similis</span> <span class='ocrx_word' id='word_1_314' title='bbox 1141 3235 1226 3287; x_wconf 87' lang='lat' dir='ltr'>inerit</span> <span class='ocrx_word' id='word_1_315' title='bbox 1237 3235 1404 3303; x_wconf 83' lang='lat' dir='ltr'>rhapsodiis</span> 
     </span>
     <span class='ocr_line' id='line_1_32' title="bbox 258 3315 1404 3387; baseline 0.004 -18"><span class='ocrx_word' id='word_1_316' title='bbox 258 3317 392 3386; x_wconf 84' lang='lat' dir='ltr'>singuiis,</span> <span class='ocrx_word' id='word_1_317' title='bbox 413 3315 509 3386; x_wconf 90' lang='lat' dir='ltr'>quales</span> <span class='ocrx_word' id='word_1_318' title='bbox 528 3316 575 3387; x_wconf 90' lang='lat' dir='ltr'>qui</span> <span class='ocrx_word' id='word_1_319' title='bbox 597 3315 674 3384; x_wconf 89' lang='lat' dir='ltr'>epica</span> <span class='ocrx_word' id='word_1_320' title='bbox 695 3317 814 3369; x_wconf 86' lang='lat' dir='ltr'>carmina</span> <span class='ocrx_word' id='word_1_321' title='bbox 835 3319 1042 3384; x_wconf 64' lang='lat' dir='ltr'>tentavissent,</span> <span class='ocrx_word' id='word_1_322' title='bbox 1067 3321 1158 3372; x_wconf 82' lang='lat' dir='ltr'>facere</span> <span class='ocrx_word' id='word_1_323' title='bbox 1187 3321 1404 3379; x_wconf 85' lang='lat' dir='ltr'>consueverint.</span> 
     </span>
     <span class='ocr_line' id='line_1_33' title="bbox 258 3401 1404 3474; baseline 0.003 -19"><span class='ocrx_word' id='word_1_324' title='bbox 258 3403 392 3474; x_wconf 75' lang='lat' dir='ltr'>liquidem</span> <span class='ocrx_word' id='word_1_325' title='bbox 408 3403 526 3467; x_wconf 85' lang='lat' dir='ltr'>afferam,</span> <span class='ocrx_word' id='word_1_326' title='bbox 544 3417 614 3471; x_wconf 88' lang='lat' dir='ltr'>quae</span> <span class='ocrx_word' id='word_1_327' title='bbox 632 3401 665 3453; x_wconf 92' lang='lat' dir='ltr'>ad</span> <span class='ocrx_word' id='word_1_328' title='bbox 682 3403 844 3455; x_wconf 88' lang='lat' dir='ltr'>sententiam</span> <span class='ocrx_word' id='word_1_329' title='bbox 857 3420 873 3454; x_wconf 89' lang='lat' dir='ltr'>a</span> <span class='ocrx_word' id='word_1_330' title='bbox 887 3423 927 3456; x_wconf 90' lang='lat' dir='ltr'>me</span> <span class='ocrx_word' id='word_1_331' title='bbox 943 3403 1108 3472; x_wconf 89' lang='lat' dir='ltr'>propositum</span> <span class='ocrx_word' id='word_1_332' title='bbox 1130 3404 1241 3456; x_wconf 86' lang='lat' dir='ltr'>maxime</span> <span class='ocrx_word' id='word_1_333' title='bbox 1255 3405 1404 3474; x_wconf 86' lang='lat' dir='ltr'>pertinere</span> 
     </span>
     <span class='ocr_line' id='line_1_34' title="bbox 258 3481 1403 3562; baseline 0.003 -22"><span class='ocrx_word' id='word_1_334' title='bbox 258 3487 396 3541; x_wconf 87' lang='lat' dir='ltr'>videntur.</span> <span class='ocrx_word' id='word_1_335' title='bbox 428 3486 485 3550; x_wconf 81' lang='lat' dir='ltr'>Qui</span> <span class='ocrx_word' id='word_1_336' title='bbox 506 3487 539 3553; x_wconf 89' lang='lat' dir='ltr'>V,</span> <span class='ocrx_word' id='word_1_337' title='bbox 557 3489 591 3540; x_wconf 84' lang='grc'>311</span> <span class='ocrx_word' id='word_1_338' title='bbox 612 3487 737 3556; x_wconf 77' lang='lat' dir='ltr'>scripsits</span> <span class='ocrx_word' id='word_1_339' title='bbox 760 3481 797 3550; x_wconf 77' lang='grc' dir='ltr'>ὥς</span> <span class='ocrx_word' id='word_1_340' title='bbox 820 3484 972 3558; x_wconf 75' lang='grc' dir='ltr'><strong><em>δεδήλωταί</em></strong></span> <span class='ocrx_word' id='word_1_341' title='bbox 989 3507 1036 3556; x_wconf 88' lang='grc' dir='ltr'>μοι</span> <span class='ocrx_word' id='word_1_342' title='bbox 1058 3482 1092 3542; x_wconf 78' lang='grc' dir='ltr'>ἐν</span> <span class='ocrx_word' id='word_1_343' title='bbox 1113 3490 1157 3562; x_wconf 77' lang='grc' dir='ltr'>τῷ</span> <span class='ocrx_word' id='word_1_344' title='bbox 1182 3484 1303 3560; x_wconf 69' lang='lat' dir='ltr'>neurus</span> <span class='ocrx_word' id='word_1_345' title='bbox 1329 3493 1403 3544; x_wconf 76' lang='grc' dir='ltr'>τῶν</span> 
     </span>
     <span class='ocr_line' id='line_1_35' title="bbox 258 3568 1402 3645; baseline 0.003 -19"><span class='ocrx_word' id='word_1_346' title='bbox 258 3568 372 3640; x_wconf 74' lang='grc' dir='ltr'><strong><em>λόγων</em></strong></span> <span class='ocrx_word' id='word_1_347' title='bbox 394 3571 546 3642; x_wconf 86' lang='lat' dir='ltr'>respiciens</span> <span class='ocrx_word' id='word_1_348' title='bbox 568 3571 602 3623; x_wconf 86' lang='lat' dir='ltr'>ad</span> <span class='ocrx_word' id='word_1_349' title='bbox 618 3589 663 3638; x_wconf 89' lang='lat' dir='ltr'>ea,</span> <span class='ocrx_word' id='word_1_350' title='bbox 680 3589 750 3641; x_wconf 85' lang='lat' dir='ltr'>quae</span> <span class='ocrx_word' id='word_1_351' title='bbox 768 3573 789 3640; x_wconf 94' lang='grc' dir='ltr'>Ι,</span> <span class='ocrx_word' id='word_1_352' title='bbox 807 3577 841 3627; x_wconf 91' lang='grc'>92</span> <span class='ocrx_word' id='word_1_353' title='bbox 856 3573 983 3639; x_wconf 87' lang='lat' dir='ltr'>tradidit,</span> <span class='ocrx_word' id='word_1_354' title='bbox 1001 3573 1026 3624; x_wconf 87' lang='lat' dir='ltr'>is</span> <span class='ocrx_word' id='word_1_355' title='bbox 1040 3573 1062 3641; x_wconf 88' lang='grc' dir='ltr'>Ι,</span> <span class='ocrx_word' id='word_1_356' title='bbox 1079 3577 1121 3641; x_wconf 88' lang='grc'>75,</span> <span class='ocrx_word' id='word_1_357' title='bbox 1142 3575 1188 3626; x_wconf 94' lang='lat' dir='ltr'>ubi</span> <span class='ocrx_word' id='word_1_358' title='bbox 1211 3573 1323 3626; x_wconf 86' lang='lat' dir='ltr'>scribit:</span> <span class='ocrx_word' id='word_1_359' title='bbox 1344 3571 1402 3645; x_wconf 77' lang='grc' dir='ltr'>τὴν</span> 
     </span>
     <span class='ocr_line' id='line_1_36' title="bbox 258 3649 1401 3728; baseline 0.002 -16"><span class='ocrx_word' id='word_1_360' title='bbox 258 3651 310 3725; x_wconf 71' lang='grc' dir='ltr'>ἐγώ</span> <span class='ocrx_word' id='word_1_361' title='bbox 324 3651 353 3710; x_wconf 77' lang='lat' dir='ltr'>iv</span> <span class='ocrx_word' id='word_1_362' title='bbox 367 3662 438 3711; x_wconf 79' lang='grc' dir='ltr'>τοῖσι</span> <span class='ocrx_word' id='word_1_363' title='bbox 452 3649 561 3711; x_wconf 81' lang='grc' dir='ltr'><strong><em>ὀπίσω</em></strong></span> <span class='ocrx_word' id='word_1_364' title='bbox 578 3651 716 3726; x_wconf 73' lang='grc' dir='ltr'>λόγοισι</span> <span class='ocrx_word' id='word_1_365' title='bbox 731 3655 864 3728; x_wconf 82' lang='grc' dir='ltr'>σημανέω,</span> <span class='ocrx_word' id='word_1_366' title='bbox 881 3657 995 3728; x_wconf 90' lang='lat' dir='ltr'>respicit</span> <span class='ocrx_word' id='word_1_367' title='bbox 1009 3657 1043 3710; x_wconf 91' lang='lat' dir='ltr'>ad</span> <span class='ocrx_word' id='word_1_368' title='bbox 1059 3675 1099 3724; x_wconf 87' lang='lat' dir='ltr'>ea,</span> <span class='ocrx_word' id='word_1_369' title='bbox 1115 3675 1185 3728; x_wconf 86' lang='lat' dir='ltr'>quae</span> <span class='ocrx_word' id='word_1_370' title='bbox 1197 3659 1319 3712; x_wconf 84' lang='lat' dir='ltr'>eiusdem</span> <span class='ocrx_word' id='word_1_371' title='bbox 1333 3659 1401 3714; x_wconf 86' lang='lat' dir='ltr'>iibri</span> 
     </span>
     <span class='ocr_line' id='line_1_37' title="bbox 261 3738 1401 3814; baseline 0 -22"><span class='ocrx_word' id='word_1_372' title='bbox 261 3742 338 3810; x_wconf 87' lang='lat' dir='ltr'>primi</span> <span class='ocrx_word' id='word_1_373' title='bbox 360 3759 419 3812; x_wconf 90' lang='lat' dir='ltr'>cap.</span> <span class='ocrx_word' id='word_1_374' title='bbox 442 3745 490 3796; x_wconf 81' lang='lat'>107</span> <span class='ocrx_word' id='word_1_375' title='bbox 515 3759 588 3794; x_wconf 90' lang='lat' dir='ltr'>nunc</span> <span class='ocrx_word' id='word_1_376' title='bbox 603 3741 750 3810; x_wconf 81' lang='lat' dir='ltr'>leguntur,</span> <span class='ocrx_word' id='word_1_377' title='bbox 773 3750 800 3795; x_wconf 91' lang='lat' dir='ltr'>et</span> <span class='ocrx_word' id='word_1_378' title='bbox 813 3743 882 3811; x_wconf 83' lang='lat' dir='ltr'>vn,</span> <span class='ocrx_word' id='word_1_379' title='bbox 896 3746 945 3809; x_wconf 79' lang='lat'>93,</span> <span class='ocrx_word' id='word_1_380' title='bbox 968 3744 1015 3796; x_wconf 93' lang='lat' dir='ltr'>ubi</span> <span class='ocrx_word' id='word_1_381' title='bbox 1035 3743 1132 3796; x_wconf 88' lang='lat' dir='ltr'>scribit</span> <span class='ocrx_word' id='word_1_382' title='bbox 1146 3738 1175 3797; x_wconf 74' lang='grc' dir='ltr'>ἐν</span> <span class='ocrx_word' id='word_1_383' title='bbox 1194 3749 1288 3798; x_wconf 81' lang='grc' dir='ltr'>τοῖσι</span> <span class='ocrx_word' id='word_1_384' title='bbox 1304 3741 1401 3814; x_wconf 71' lang='grc' dir='ltr'>ποιά.</span> 
     </span>
     <span class='ocr_line' id='line_1_38' title="bbox 259 3823 1402 3898; baseline 0.005 -20"><span class='ocrx_word' id='word_1_385' title='bbox 259 3841 357 3878; x_wconf 76' lang='lat' dir='ltr'>rosor</span> <span class='ocrx_word' id='word_1_386' title='bbox 376 3827 444 3880; x_wconf 78' lang='grc' dir='ltr'>τῶν</span> <span class='ocrx_word' id='word_1_387' title='bbox 466 3823 580 3896; x_wconf 75' lang='grc' dir='ltr'><strong><em>λόγων</em></strong></span> <span class='ocrx_word' id='word_1_388' title='bbox 599 3827 717 3896; x_wconf 75' lang='grc' dir='ltr'>εἴρηται,</span> <span class='ocrx_word' id='word_1_389' title='bbox 739 3827 837 3879; x_wconf 90' lang='lat' dir='ltr'>iterum</span> <span class='ocrx_word' id='word_1_390' title='bbox 852 3846 898 3896; x_wconf 86' lang='lat' dir='ltr'>ea,</span> <span class='ocrx_word' id='word_1_391' title='bbox 922 3846 992 3898; x_wconf 88' lang='lat' dir='ltr'>quae</span> <span class='ocrx_word' id='word_1_392' title='bbox 1006 3828 1085 3898; x_wconf 91' lang='lat' dir='ltr'>primi</span> <span class='ocrx_word' id='word_1_393' title='bbox 1099 3826 1161 3880; x_wconf 88' lang='lat' dir='ltr'>libri</span> <span class='ocrx_word' id='word_1_394' title='bbox 1177 3846 1236 3898; x_wconf 85' lang='lat' dir='ltr'>cap.</span> <span class='ocrx_word' id='word_1_395' title='bbox 1254 3831 1298 3881; x_wconf 88' lang='grc'>111</span> <span class='ocrx_word' id='word_1_396' title='bbox 1322 3848 1402 3884; x_wconf 80' lang='lat' dir='ltr'>nurse</span> 
     </span>
     <span class='ocr_line' id='line_1_39' title="bbox 262 3899 1400 3982; baseline 0.005 -20"><span class='ocrx_word' id='word_1_397' title='bbox 262 3915 379 3976; x_wconf 83' lang='lat' dir='ltr'>exstant,</span> <span class='ocrx_word' id='word_1_398' title='bbox 401 3909 428 3961; x_wconf 91' lang='lat' dir='ltr'>in</span> <span class='ocrx_word' id='word_1_399' title='bbox 449 3919 536 3963; x_wconf 92' lang='lat' dir='ltr'>mente</span> <span class='ocrx_word' id='word_1_400' title='bbox 557 3911 646 3963; x_wconf 84' lang='lat' dir='ltr'>habet.</span> <span class='ocrx_word' id='word_1_401' title='bbox 681 3911 727 3962; x_wconf 83' lang='lat' dir='ltr'>Sic</span> <span class='ocrx_word' id='word_1_402' title='bbox 744 3910 780 3977; x_wconf 88' lang='grc' dir='ltr'>ΙΙ,</span> <span class='ocrx_word' id='word_1_403' title='bbox 798 3915 845 3966; x_wconf 82' lang='lat' dir='ltr'>lui</span> <span class='ocrx_word' id='word_1_404' title='bbox 866 3913 1006 3966; x_wconf 86' lang='lat' dir='ltr'>scribens:</span> <span class='ocrx_word' id='word_1_405' title='bbox 1026 3907 1078 3982; x_wconf 76' lang='grc' dir='ltr'>τὴν</span> <span class='ocrx_word' id='word_1_406' title='bbox 1096 3905 1148 3980; x_wconf 71' lang='grc' dir='ltr'>ἐγὼ</span> <span class='ocrx_word' id='word_1_407' title='bbox 1160 3899 1288 3982; x_wconf 68' lang='grc' dir='ltr'>1μεζόνως</span> <span class='ocrx_word' id='word_1_408' title='bbox 1301 3909 1352 3981; x_wconf 63' lang='grc' dir='ltr'>μὲν</span> <span class='ocrx_word' id='word_1_409' title='bbox 1368 3911 1400 3968; x_wconf 74' lang='lat' dir='ltr'>s’s</span> 
     </span>
     <span class='ocr_line' id='line_1_40' title="bbox 261 3988 1400 4068; baseline 0.004 -21"><span class='ocrx_word' id='word_1_410' title='bbox 261 3998 331 4047; x_wconf 75' lang='grc' dir='ltr'>τοῖσι</span> <span class='ocrx_word' id='word_1_411' title='bbox 346 3993 492 4064; x_wconf 79' lang='grc' dir='ltr'>Λιβυκοῖσι</span> <span class='ocrx_word' id='word_1_412' title='bbox 506 3989 611 4064; x_wconf 80' lang='grc' dir='ltr'>λόγοισι</span> <span class='ocrx_word' id='word_1_413' title='bbox 625 3988 818 4066; x_wconf 75' lang='grc' dir='ltr'>ἀπηγήσομαι,</span> <span class='ocrx_word' id='word_1_414' title='bbox 840 3998 940 4068; x_wconf 88' lang='lat' dir='ltr'>respici</span> <span class='ocrx_word' id='word_1_415' title='bbox 961 3998 1020 4050; x_wconf 89' lang='lat' dir='ltr'>vuit</span> <span class='ocrx_word' id='word_1_416' title='bbox 1030 3999 1062 4050; x_wconf 94' lang='lat' dir='ltr'>ad</span> <span class='ocrx_word' id='word_1_417' title='bbox 1080 4014 1121 4064; x_wconf 89' lang='lat' dir='ltr'>ea,</span> <span class='ocrx_word' id='word_1_418' title='bbox 1139 4015 1209 4067; x_wconf 83' lang='lat' dir='ltr'>quse</span> <span class='ocrx_word' id='word_1_419' title='bbox 1227 3998 1274 4062; x_wconf 92' lang='lat' dir='ltr'>iV,</span> <span class='ocrx_word' id='word_1_420' title='bbox 1291 4002 1340 4052; x_wconf 89' lang='grc'><strong>159</strong></span> <span class='ocrx_word' id='word_1_421' title='bbox 1355 4003 1400 4052; x_wconf 83' lang='lat' dir='ltr'>ai-</span> 
     </span>
     <span class='ocr_line' id='line_1_41' title="bbox 263 4077 1400 4153; baseline 0.01 -25"><span class='ocrx_word' id='word_1_422' title='bbox 263 4079 399 4143; x_wconf 85' lang='lat' dir='ltr'>ieruntur,</span> <span class='ocrx_word' id='word_1_423' title='bbox 415 4085 443 4128; x_wconf 93' lang='lat' dir='ltr'>et</span> <span class='ocrx_word' id='word_1_424' title='bbox 457 4077 489 4142; x_wconf 88' lang='lat' dir='ltr'>V,</span> <span class='ocrx_word' id='word_1_425' title='bbox 505 4083 537 4130; x_wconf 83' lang='grc'>22</span> <span class='ocrx_word' id='word_1_426' title='bbox 552 4079 613 4148; x_wconf 92' lang='lat' dir='ltr'>(ubi</span> <span class='ocrx_word' id='word_1_427' title='bbox 629 4081 683 4138; x_wconf 84' lang='lat' dir='ltr'>vid.</span> <span class='ocrx_word' id='word_1_428' title='bbox 705 4087 774 4133; x_wconf 90' lang='lat' dir='ltr'>nott.</span> <span class='ocrx_word' id='word_1_429' title='bbox 791 4081 850 4134; x_wconf 89' lang='lat' dir='ltr'>Vol.</span> <span class='ocrx_word' id='word_1_430' title='bbox 868 4083 919 4136; x_wconf 93' lang='grc' dir='ltr'>ΙΙΙ.</span> <span class='ocrx_word' id='word_1_431' title='bbox 936 4102 962 4153; x_wconf 91' lang='lat' dir='ltr'>p.</span> <span class='ocrx_word' id='word_1_432' title='bbox 979 4079 1228 4151; x_wconf 62' lang='lat' dir='ltr'>succubuisset</span> <span class='ocrx_word' id='word_1_433' title='bbox 1246 4077 1280 4151; x_wconf 75' lang='grc' dir='ltr'>δὴ</span> <span class='ocrx_word' id='word_1_434' title='bbox 1296 4082 1345 4136; x_wconf 79' lang='lat' dir='ltr'>sui</span> <span class='ocrx_word' id='word_1_435' title='bbox 1362 4080 1400 4139; x_wconf 67' lang='grc' dir='ltr'>ἒν</span> 
     </span>
     <span class='ocr_line' id='line_1_42' title="bbox 262 4154 1399 4238; baseline 0.008 -24"><span class='ocrx_word' id='word_1_436' title='bbox 262 4165 356 4214; x_wconf 85' lang='grc' dir='ltr'>τοῖσι</span> <span class='ocrx_word' id='word_1_437' title='bbox 371 4154 504 4216; x_wconf 77' lang='grc' dir='ltr'>ὄπισθε</span> <span class='ocrx_word' id='word_1_438' title='bbox 518 4157 659 4232; x_wconf 73' lang='grc' dir='ltr'>λόγοισι</span> <span class='ocrx_word' id='word_1_439' title='bbox 674 4157 799 4232; x_wconf 75' lang='grc' dir='ltr'><strong><em>ἀποδέξω</em></strong></span> <span class='ocrx_word' id='word_1_440' title='bbox 815 4168 929 4238; x_wconf 87' lang='lat' dir='ltr'>respicit</span> <span class='ocrx_word' id='word_1_441' title='bbox 942 4168 976 4220; x_wconf 86' lang='lat' dir='ltr'>sd</span> <span class='ocrx_word' id='word_1_442' title='bbox 997 4185 1037 4234; x_wconf 90' lang='lat' dir='ltr'>ea,</span> <span class='ocrx_word' id='word_1_443' title='bbox 1054 4185 1124 4238; x_wconf 84' lang='lat' dir='ltr'>quae</span> <span class='ocrx_word' id='word_1_444' title='bbox 1138 4167 1214 4235; x_wconf 89' lang='lat' dir='ltr'>Vili,</span> <span class='ocrx_word' id='word_1_445' title='bbox 1234 4171 1281 4222; x_wconf 82' lang='grc'>131</span> <span class='ocrx_word' id='word_1_446' title='bbox 1297 4167 1399 4237; x_wconf 81' lang='lat' dir='ltr'>legun·</span> 
     </span>
     <span class='ocr_line' id='line_1_43' title="bbox 263 4246 1398 4324; baseline 0.011 -28"><span class='ocrx_word' id='word_1_447' title='bbox 263 4255 317 4310; x_wconf 89' lang='lat' dir='ltr'>tur,</span> <span class='ocrx_word' id='word_1_448' title='bbox 334 4246 501 4316; x_wconf 89' lang='lat' dir='ltr'>eandemque</span> <span class='ocrx_word' id='word_1_449' title='bbox 525 4247 632 4301; x_wconf 90' lang='lat' dir='ltr'>dicendi</span> <span class='ocrx_word' id='word_1_450' title='bbox 653 4251 792 4305; x_wconf 89' lang='lat' dir='ltr'>iormulam</span> <span class='ocrx_word' id='word_1_451' title='bbox 813 4252 923 4306; x_wconf 83' lang='lat' dir='ltr'>adhibet</span> <span class='ocrx_word' id='word_1_452' title='bbox 943 4251 1009 4306; x_wconf 89' lang='lat' dir='ltr'>adeo</span> <span class='ocrx_word' id='word_1_453' title='bbox 1024 4253 1086 4321; x_wconf 85' lang='lat' dir='ltr'>vu,</span> <span class='ocrx_word' id='word_1_454' title='bbox 1105 4255 1155 4308; x_wconf 89' lang='grc'><strong>213</strong></span> <span class='ocrx_word' id='word_1_455' title='bbox 1172 4254 1233 4324; x_wconf 95' lang='lat' dir='ltr'>(ubi</span> <span class='ocrx_word' id='word_1_456' title='bbox 1251 4253 1307 4306; x_wconf 81' lang='lat' dir='ltr'>vid.</span> <span class='ocrx_word' id='word_1_457' title='bbox 1325 4263 1398 4308; x_wconf 88' lang='lat' dir='ltr'>nott.</span> 
     </span>
    </p>
   </div>
   <div class='ocr_carea' id='block_1_5' title="bbox 265 4371 466 4382">
    <p class='ocr_par' dir='ltr' id='par_1_5' title="bbox 265 4371 466 4382">
     <span class='ocr_line' id='line_1_44' title="bbox 265 4371 466 4382; baseline 0.005 -1"><span class='ocrx_word' id='word_1_458' title='bbox 265 4371 466 4382; x_wconf 55' lang='lat'>2——4—</span> 
     </span>
    </p>
   </div>
   <div class='ocr_carea' id='block_1_6' title="bbox 332 4427 1396 4502">
    <p class='ocr_par' dir='ltr' id='par_1_6' title="bbox 332 4427 1396 4502">
     <span class='ocr_line' id='line_1_45' title="bbox 332 4427 1396 4502; baseline 0.01 -26"><span class='ocrx_word' id='word_1_459' title='bbox 332 4427 358 4492; x_wconf 82' lang='grc'>*)</span> <span class='ocrx_word' id='word_1_460' title='bbox 378 4427 457 4479; x_wconf 80' lang='lat' dir='ltr'>Cous.</span> <span class='ocrx_word' id='word_1_461' title='bbox 470 4435 537 4479; x_wconf 91' lang='lat' dir='ltr'>uott.</span> <span class='ocrx_word' id='word_1_462' title='bbox 552 4429 588 4478; x_wconf 87' lang='lat' dir='ltr'>ad</span> <span class='ocrx_word' id='word_1_463' title='bbox 599 4431 649 4486; x_wconf 91' lang='lat'>111,</span> <span class='ocrx_word' id='word_1_464' title='bbox 661 4429 705 4478; x_wconf 86' lang='lat'>80.</span> <span class='ocrx_word' id='word_1_465' title='bbox 717 4431 778 4482; x_wconf 89' lang='lat' dir='ltr'>Vol.</span> <span class='ocrx_word' id='word_1_466' title='bbox 791 4433 828 4485; x_wconf 92' lang='grc' dir='ltr'>ΙΙ.</span> <span class='ocrx_word' id='word_1_467' title='bbox 839 4449 903 4498; x_wconf 81' lang='lat' dir='ltr'>pag.</span> <span class='ocrx_word' id='word_1_468' title='bbox 919 4431 966 4483; x_wconf 82' lang='lat'>156</span> <span class='ocrx_word' id='word_1_469' title='bbox 978 4437 1007 4484; x_wconf 88' lang='lat' dir='ltr'>et</span> <span class='ocrx_word' id='word_1_470' title='bbox 1019 4435 1054 4484; x_wconf 89' lang='lat' dir='ltr'>ad</span> <span class='ocrx_word' id='word_1_471' title='bbox 1066 4435 1098 4498; x_wconf 90' lang='lat' dir='ltr'>V,</span> <span class='ocrx_word' id='word_1_472' title='bbox 1111 4433 1153 4486; x_wconf 82' lang='grc'><strong>18.</strong></span> <span class='ocrx_word' id='word_1_473' title='bbox 1166 4434 1225 4485; x_wconf 91' lang='lat' dir='ltr'>Vol.</span> <span class='ocrx_word' id='word_1_474' title='bbox 1238 4435 1325 4502; x_wconf 91' lang='lat' dir='ltr'>111.p.</span> <span class='ocrx_word' id='word_1_475' title='bbox 1338 4436 1396 4487; x_wconf 79' lang='lat'><strong>178.</strong></span> 
     </span>
    </p>
   </div>
   <div class='ocr_carea' id='block_1_7' title="bbox 0 0 1503 4962">
    <p class='ocr_par' dir='ltr' id='par_1_7' title="bbox 0 0 1503 4962">
     <span class='ocr_line' id='line_1_46' title="bbox 0 0 1503 4962; baseline 0 0"><span class='ocrx_word' id='word_1_476' title='bbox 0 0 1503 4962; x_wconf 95' lang='lat' dir='ltr'> </span> 
     </span>
    </p>
   </div>
  </div>
 </body>
</html>
