3066 4964
508 473 772 536 CALLIOPE.
795 475 853 535 IX.
875 484 919 539 99.
945 487 1002 536 100.
1254 475 1316 538 363

187 654 291 719 πιδον
308 651 385 738 πᾶν,
404 651 459 719 καὶ
477 645 659 738 κηρυκήιον
677 645 783 736 ἐφάνη
802 649 855 717 ἐπὶ
872 650 929 736 τής
947 648 1142 736 κυματωγῆς
1154 653 1315 736 κείμενον.

186 746 207 840 ή
233 751 270 820 δὲ
293 749 385 842 φήμη
410 752 532 840 διήλθέ
551 771 611 840 σφι
636 739 719 838 ὦδε,
747 745 790 831 ὦς
817 755 852 820 οἱ
866 746 1022 838 Ἕλληνες
1039 746 1101 837 τήν
1118 754 1317 839 Μαρδονίου

186 851 344 944 στρατιήν
365 857 486 946 νικῷεν
511 856 547 923 ἐν
568 862 741 922 Βοιωτοῖσι
764 849 950 941 μαχόμενοι.
978 853 1074 939 Λήλα
1101 847 1142 938 δή
1169 859 1318 946 πολλοῖσι

186 963 392 1046 τεκμηρίοισί
408 959 475 1025 ἐστι
492 951 531 1024 τά
548 965 627 1024 θεῖα
644 957 711 1023 τοῖν
728 952 946 1044 πρηγμάτων,
973 961 1004 1022 εί
1020 955 1075 1022 καὶ
1093 951 1165 1023 τότε
1182 955 1240 1040 τῆς
1259 948 1317 1021 uri-

186 1061 243 1146 τής
268 1053 391 1149 ἡμέρης
416 1054 665 1147 συμπιπτούσης
691 1059 753 1125 τοῦ
776 1083 812 1125 τε
839 1059 875 1126 ἐν
901 1059 1087 1146 Πλαταιῇσι
1113 1056 1168 1124 καὶ
1194 1057 1256 1124 τοῦ
1282 1057 1318 1124 ἐν

188 1257 223 1306 sd
234 1260 368 1318 montem,
387 1258 432 1322 qui
444 1256 561 1307 similem
579 1256 608 1306 iu
620 1255 727 1306 modum
778 1259 932 1321 reportate,
968 1269 1047 1322 quern
1071 1254 1202 1306 divinitus
1232 1259 1318 1305 ortem

185 1340 250 1376 usus
268 1331 311 1376 est
326 1341 395 1376 voce
412 1319 493 1391 φήμη
510 1325 568 1376 sive
586 1323 669 1388 (quse
682 1340 727 1374 eo·
779 1325 886 1374 censuit
894 1323 1057 1384 Herodotus,
1072 1321 1264 1386 sLeotyehide
1278 1324 1319 1372 rei

187 1395 248 1444 dem
265 1393 353 1455 redit)
378 1381 448 1444 ὅσσα
466 1393 501 1442 od
517 1391 727 1458 significandam
777 1391 874 1456 ignaro
892 1391 1039 1457 prudenter
1060 1390 1204 1442 confictum
1226 1391 1319 1440 verius

186 1477 282 1512 vocem
294 1461 426 1512 divinitus
439 1461 560 1512 auditam
573 1459 727 1523 sinitedem,
779 1459 829 1510 alii
841 1465 1004 1510 statuerunt.
1023 1459 1086 1510 Vid.
1096 1457 1209 1509 Diodor.
1222 1458 1270 1522 XI,
1276 1457 1318 1518 35,

188 1545 257 1594 quse
275 1529 404 1580 divinitus
422 1529 556 1582 secedere
572 1543 633 1578 cum
650 1533 727 1594 pute·
779 1527 934 1578 casaubon.
949 1527 984 1577 ed
994 1527 1177 1590 Polyaenum,
1196 1525 1318 1592 Spurtiu·

186 1602 230 1647 tur
249 1598 400 1662 mirumque
424 1599 452 1647 iu
473 1597 580 1646 modum
603 1596 728 1646 homines
779 1599 1005 1660 tuestrutegems
1025 1598 1280 1644 commemorantem
1295 1595 1317 1655 1,

188 1665 295 1730 eripiet,
312 1663 398 1715 divini
411 1665 475 1730 quid
487 1670 622 1715 interesse
635 1663 727 1714 declu-
779 1661 839 1713 33.“
865 1660 945 1729 [ndu.
958 1664 1055 1713 lustin.
1068 1663 1103 1723 11,
1120 1661 1159 1724 14,
1179 1662 1225 1727 qui
1238 1663 1318 1712 mirs-

189 1738 234 1783 rat
250 1733 367 1798 indeque
390 1748 407 1782 e
424 1733 477 1783 diis
494 1735 579 1782 missu
597 1731 726 1781 hebetur:
779 1736 835 1793 tur,
873 1735 1000 1794 „tentum
1025 1731 1117 1780 sumne
1141 1729 1319 1782 velocitatem

188 1799 296 1866 quelem
325 1817 342 1851 e
365 1800 474 1868 vulgari
497 1801 636 1851 hominurn
659 1815 728 1850 voce
780 1799 880 1860 fuisse,
907 1804 938 1848 ut
959 1814 1019 1848 curu
1042 1799 1177 1848 matutino
1197 1803 1318 1864 tempore

187 1869 257 1919 bene
282 1868 406 1918 distinxit
427 1870 563 1920 Homerus
584 1867 682 1932 Odyss.
705 1867 727 1928 1,
779 1867 912 1933 proelium
924 1867 1078 1918 ianeotis
1091 1867 1263 1917 commissum
1273 1866 1318 1928 sit,

186 1935 236 1986 282
249 1935 307 1999 (ubi
320 1936 355 1986 ci.
369 1937 491 1986 Nitzsch.
505 1952 570 2002 pag.
582 1935 613 1986 51
628 1951 685 2000 seq.
701 1940 729 1985 et
779 1935 937 1985 meridianis
956 1935 1031 1986 boris
1051 1937 1080 1984 iu
1096 1935 1190 1984 Asiam
1211 1950 1260 1999 per
1279 1939 1321 1983 tot

186 2004 289 2066 Amnis)
308 2004 370 2055 coll.
383 2006 418 2066 11,
432 2002 472 2056 35.
491 2005 590 2064 XXIV,
603 2002 661 2054 412.
684 2003 729 2053 Ili.
780 2004 869 2052 muris
890 2007 918 2053 et
937 2007 1043 2052 tantum
1064 2003 1149 2068 spatii
1168 2007 1226 2052 tum
1242 2002 1319 2053 brevi

187 2073 228 2134 ΙΙ,
247 2071 294 2132 93,
319 2087 432 2138 eumque
451 2079 561 2122 secutus
578 2071 729 2138 Sophocles
778 2071 905 2121 horarum
918 2077 1053 2122 momento
1071 2071 1235 2122 devictoris
1252 2085 1319 2120 nun-

187 2141 215 2189 in
233 2139 330 2206 Oedip.
348 2141 416 2205 Reg.
434 2138 476 2190 43.
512 2142 552 2190 Ac
573 2139 658 2189 telem
676 2131 729 2204 φή·
779 2140 877 2189 tiutum
895 2136 982 2203 sit.“]
1009 2139 1161 2191 Valcken.
1186 2139 1320 2204 Equidem

187 2223 255 2273 μην,
276 2208 384 2273 qualem
403 2210 487 2258 etiem
504 2209 581 2257 novit
593 2207 673 2257 Pluto
685 2208 728 2257 De
762 2211 828 2258 'eur
839 2207 979 2258 Herodoto
992 2207 1201 2286 diffidsmnuon
1219 2205 1317 2285 babeo,

187 2275 727 2407 subdidisti?didisti
780 2271 1320 2407 indidisti?iniittituta

187 2410 310 2474 pluribus
322 2411 494 2474 persequitur
506 2410 602 2459 Grote:
616 2411 728 2472 History
779 2402 953 2476 πρηγμάτων
969 2410 1022 2460 vid.
1037 2410 1084 2468 VI,
1097 2409 1130 2457 22
1143 2409 1236 2474 ibique
1249 2413 1318 2461 nott.

190 2477 220 2527 of
231 2477 337 2526 Grecos
347 2477 379 2526 V.
392 2493 455 2543 pag.
465 2475 516 2526 ²60
525 2491 582 2542 seq.
595 2477 629 2528 de
643 2493 677 2526 es
689 2479 727 2540 vi,
781 2485 809 2530 et
819 2479 878 2538 vu,
892 2478 933 2527 bi.
963 2479 1002 2526 Ac
1014 2477 1135 2542 pertinet
1146 2476 1199 2526 buo
1213 2492 1319 2542 quoque

189 2559 269 2609 quum
299 2543 368 2594 tulis
396 2545 426 2594 in
455 2544 592 2594 hominum
622 2547 728 2596 enimes
779 2543 1320 2612 insignisPlutsrcbilocusiuVitAemi-

188 2611 350 2678 praesertim
385 2614 412 2662 in
446 2613 527 2663 rebus
557 2613 729 2679 gravioribus
778 2615 811 2665 lii
822 2612 958 2665 Pactius:
977 2599 1319 2676 sinepdot'iissdidsr-

189 2686 349 2740 exerceant,
363 2697 477 2732 monens
490 2685 581 2747 etque,
601 2697 662 2732 cum
675 2681 728 2732 hoc
780 2680 877 2749 ότητι
899 2676 1011 2738 πάντως
1032 2677 1083 2731 uui
1103 2673 1174 2747 τάχη
1196 2671 1237 2730 τά
1260 2678 1320 2746 τῆς

189 2747 224 2798 ed
236 2749 354 2798 omnium
373 2754 495 2799 aetatum
507 2750 631 2801 homines
644 2752 727 2815 perti·
781 2743 897 2817 φήμης
910 2756 938 2799 et
950 2764 1018 2814 quse
1032 2754 1190 2815 sequuntur.

187 2821 266 2878 nest,
288 2817 405 2868 efferens
422 2817 511 2868 locum
530 2819 651 2868 auctoris
664 2817 728 2868 Gal·
813 2817 863 2882 τής
881 2809 970 2883 αὐτῆς
982 2807 1089 2884 ἡμέρης
1106 2809 1320 2883 συμπιπτούσης

187 2883 237 2934 lici
255 2884 408 2946 (Micheleu
428 2886 551 2936 Histoire
564 2887 598 2936 de
611 2887 639 2936 lo
651 2902 728 2937 revo-
779 2903 806 2937 τι.
819 2903 842 2936 τ.
856 2884 890 2952 L]
903 2885 1120 2952 Wesselingius‚
1140 2887 1184 2936 cui
1195 2885 1266 2936 bueo
1279 2886 1319 2936 in-

186 2953 274 3002 lutiorr
298 2952 447 3016 Franaise
472 2954 515 3004 ch.
539 2955 599 3004 V-lI.
624 2954 686 3004 Vol.
706 2953 728 3002 Ι.
780 2955 918 3004 concinno
941 2959 969 3004 et
989 2953 1123 3019 impedite
1145 2954 1318 3017 videbantur,

186 3037 213 3086 p.
227 3019 300 3084 105),
321 3022 366 3085 qui
384 3027 472 3070 motus
489 3022 583 3088 populi
596 3022 729 3071 describit
779 3023 865 3073 scribi
885 3022 994 3072 maluit:
1023 3020 1073 3088 τῆς
1094 3013 1182 3088 αάτής
1201 3016 1319 3088 ἡμέρης,

187 3092 284 3154 sponte
309 3103 341 3138 sc
366 3089 456 3138 subito
480 3089 521 3138 ite
545 3090 673 3152 excitati,
698 3094 729 3139 ut
780 3088 989 3156 συμπίπτοντος
1001 3088 1052 3140 τοῦ
1064 3091 1160 3152 mi„
1174 3095 1204 3139 ut
1216 3089 1319 3140 intelli-

187 3171 280 3206 omnes
292 3171 345 3206 uuo
359 3159 437 3220 quusi
451 3157 541 3206 animo
555 3162 583 3206 et
594 3172 727 3207 unuvoce
780 3173 876 3223 gamus
898 3161 933 3218 ud
949 3159 1071 3208 Plataeae
1088 3164 1217 3222 acceptam
1239 3162 1267 3206 et
1286 3158 1321 3207 ad

188 3223 409 3274 occurrerentud
424 3224 727 3289 expugnandomfumo-
780 3227 899 3288 Mycalen
919 3227 1031 3290 futurum
1055 3226 1191 3274 Persarum
1214 3227 1319 3281 cladem,

187 3307 245 3341 snm
267 3291 344 3342 illam
363 3306 455 3340 arcem
477 3290 643 3356 multumque
666 3308 725 3342 exo·
779 3300 909 3360 utramque
937 3296 1023 3344 eodem
1046 3294 1095 3343 die.
1134 3291 1320 3355 Wesselingio

187 3375 255 3422 sum,
269 3357 557 3419 cpinomenBastilie.
576 3359 645 3408 Mihi
658 3359 728 3410 hoco
779 3360 842 3426 (qui
861 3361 894 3412 de
915 3363 999 3412 verbo
1021 3359 1193 3427 συμπίπτειν
1213 3359 1320 3410 confert

188 3429 280 3492 utique
306 3427 340 3476 ab
363 3425 495 3476 Herodoti
518 3426 611 3476 verbis
636 3427 728 3476 eliens
779 3429 855 3492 vin,
872 3429 910 3479 15.
924 3431 970 3491 ΙΙΙ,
986 3426 1319 3494 101)ussensusesthr·

188 3494 401 3574 esseyidentur.
419 3521 453 3530 —
470 3493 511 3543 Ad
528 3509 623 3544 vocem
642 3510 729 3560 τυμα-
780 3497 888 3546 cherus.
925 3497 1060 3562 Equidem
1090 3511 1150 3546 cum
1180 3495 1318 3574 Schweig-

186 3563 373 3696 {duddi
390 3559 729 3695 uittttiivddui
779 3563 1319 3696 iiidffuistuuuiuuuiti:

187 3699 243 3748 rod.
261 3699 309 3748 lx.
332 3714 395 3764 pag.
414 3697 478 3754 207,
507 3699 555 3746 ubi
576 3699 649 3747 inter
671 3697 728 3748 elis
779 3700 879 3748 minem
892 3699 1035 3748 turbatura
1048 3704 1108 3748 erut
1120 3698 1189 3748 hese
1202 3697 1318 3748 locutio:

188 3767 300 3816 Homeri
313 3767 368 3815 Vit.
381 3782 441 3832 cup.
457 3765 496 3816 lu.
510 3764 543 3815 34
561 3765 641 3815 offert
655 3771 728 3816 etex
779 3769 936 3817 coincidenie
953 3769 994 3816 die
1007 3769 1135 3834 utrimque
1152 3768 1241 3817 cludis.
1265 3767 1318 3816 Fe·

188 3834 223 3884 So
243 3833 315 3884 hoel.
330 3834 399 3884 Oed.
412 3833 471 3884 Col.
487 3832 550 3884 1307
563 3832 653 3897 (1243)
671 3831 727 3884 δτι·
778 3835 864 3884 rende
876 3850 942 3885 vero
960 3835 1042 3884 etiam
1055 3835 1165 3884 videtur
1176 3835 1251 3885 vocis
1268 3824 1319 3884 uri-

188 3851 527 3968 vuiuupurouysiedcue‚
543 3901 726 3965 deductibus,
777 3901 827 3969 τής
852 3903 1033 3952 abundantis:
1061 3907 1104 3952 est
1127 3904 1212 3964 enim,
1240 3904 1319 3968 qussi

189 3969 234 4032 qui
255 3971 283 4019 in
303 3969 385 4019 litore
408 3969 583 4035 impelluntur
605 3975 632 4020 et
651 3971 725 4020 iren·
777 3971 892 4021 dixisset
908 3974 933 4020 in
951 3973 1052 4021 eumdem
1067 3974 1132 4023 diem
1149 3979 1256 4037 utruque
1267 3975 1319 4021 cia-

189 4041 296 4100 guntur.
324 4033 482 4103 κηρυκήϊου
500 4037 645 4100 (cuduceus)
663 4039 726 4103 quid
777 4041 822 4088 des
845 4041 992 4089 coincidit.“
1027 4041 1066 4089 Ac
1087 4039 1187 4105 Negris
1211 4055 1317 4104 quoque

189 4105 238 4162 sit,
268 4105 366 4154 docent
385 4106 493 4156 scholia
519 4106 554 4154 ad
575 4105 727 4170 Thucydid.
777 4107 835 4156 siue
860 4107 919 4156 uilo
941 4109 1108 4157 necessitate
1132 4107 1216 4157 scribi
1240 4111 1319 4172 putet

189 4172 211 4232 Ι,
224 4169 264 4221 53.
293 4171 376 4222 Plura
393 4175 489 4238 siquis
503 4178 629 4238 quaerut,
649 4173 727 4223 debit
778 4172 1001 4239 depulsionem,
1021 4175 1145 4240 idemque
1163 4175 1260 4240 reponi
1278 4175 1317 4224 iu-

189 4237 345 4289 Tbosuurus
369 4241 448 4306 Ling.
474 4241 572 4291 Grseo.
597 4241 658 4291 Vol.
680 4242 725 4292 IV.
777 4241 1317 4308 betEltz(Jahrbb.f.Pbilolog.Suppl.

189 4305 524 4370 pag.152iied.Dindorf.
777 4311 825 4360 lx.
843 4326 869 4376 p.
887 4310 966 4372 344),
997 4312 1042 4376 qui
1063 4311 1146 4361 etism
1167 4327 1241 4369 mox,
1271 4310 1318 4360 ubi

223 4368 240 4439 ή
258 4365 289 4423 dt
307 4368 387 4440 φήμη
405 4372 509 4438 διῆλθέ
526 4375 589 4442 σφι]
606 4379 727 4439 ‚,quanr
778 4377 916 4430 SeueroIti
928 4377 1000 4428 liber
1011 4379 1096 4429 hebet
1108 4374 1190 4444 φήμη
1206 4371 1257 4440 dd,
1276 4393 1317 4427 re-

190 4443 221 4492 de
243 4443 350 4492 uictoria
372 4444 406 4492 ud
428 4445 549 4494 Plataeas
573 4461 590 4494 s
612 4445 727 4496 Graecis
778 4445 844 4511 fingi
861 4447 919 4498 vult
936 4442 1018 4512 φήμη
1035 4434 1105 4512 ἥδε.
1130 4445 1199 4496 Mihi
1215 4451 1315 4496 utrum·
