2980 4978
301 475 358 533 DE
381 473 485 534 VITA
507 473 564 533 ΕΤ
587 471 778 532 SORIPTIS
801 469 1033 532 HERODO'PI.
1173 473 1232 535 481

105 644 213 712 indigna
227 643 357 696 videntur
373 661 451 710 esse,
472 643 532 696 sive
554 644 663 696 iuvenis
686 643 745 696 sire
763 643 923 696 adolescens
947 643 1112 695 orbatorum
1133 641 1233 694 scholis

106 729 148 782 vix
164 745 295 796 egressus
317 727 362 781 iile
379 729 444 781 haec
460 728 618 798 scripserit:
645 727 674 779 in
695 729 763 780 hanc
784 729 852 782 enim
873 729 1036 780 sententiam
1060 729 1135 780 abire
1156 727 1234 780 video

104 813 290 880 Schaeieruru,
307 815 354 884 qui
368 813 397 865 in
413 813 608 866 animadversa.
624 813 658 864 ad
669 809 808 865 Plutarchi
822 813 889 865 Vitt.
907 813 997 882 (Lips.
1010 814 1083 882 apud
1094 813 1234 865 Teubner.

106 899 181 966 1830)
199 897 257 950 Vol.
269 898 305 950 Il.
318 917 345 967 p.
359 902 394 951 42
409 899 457 968 (ad
469 897 582 950 Aristid.
599 897 645 963 16)
661 898 726 950 haec
742 899 843 950 effatus
859 905 916 950 ests
941 897 1084 963 „Libellus
1098 897 1234 950 6011010-

105 983 179 1051 ,‚doti
194 983 363 1050 malignitate
378 983 440 1034 mihi
456 983 567 1035 ridetur
581 981 701 1051 scriptus
718 999 733 1034 a
752 983 868 1048 iuvene,
892 999 971 1052 quern
989 983 1093 1052 patriae
1115 981 1236 1034 studium

104 1066 257 1134 „laudabile
272 1075 367 1136 ageret
383 1075 579 1120 transversum.
613 1067 695 1129 Quod
711 1067 806 1137 ecquis
824 1066 918 1120 iuveni
932 1084 1067 1134 generoso
1083 1085 1137 1119 non
1152 1065 1233 1118 facile

104 1151 279 1220 „condonet'i
321 1151 369 1204 Vir
383 1153 472 1204 iactus
489 1152 586 1221 opinor
606 1151 633 1202 in
655 1159 758 1222 patrem
782 1152 912 1204 historiae
928 1151 993 1203 talia
1008 1169 1061 1203 non
1078 1159 1138 1204 erat
1151 1152 1234 1203 iacta—

104 1245 218 1303 „turus,
236 1237 285 1288 sed
299 1253 331 1288 ea
347 1237 503 1289 micturus
518 1235 646 1302 lenitate,
669 1253 724 1306 qua
738 1237 811 1289 inira
826 1235 897 1306 (Vit.
913 1236 997 1288 Arist.
1015 1237 1060 1302 19)
1081 1235 1235 1305 plaudenti-

104 1322 174 1386 „bus
193 1321 272 1372 nobis
288 1317 416 1373 re'ricit.“
452 1321 508 1384 Qui
522 1321 608 1388 igitur
626 1320 654 1373 in
673 1320 743 1372 Vitis
760 1319 951 1373 Themistoclis
969 1327 997 1373 et
1015 1319 1145 1373 Aristidis
1167 1319 1235 1372 scri-

106 1405 200 1458 bendis
215 1405 383 1458 Herodotum
397 1411 534 1458 auctorem
549 1404 672 1458 adhibuit
687 1405 824 1475 multaque
839 1405 903 1457 inde
918 1404 1087 1474 deprompsit
1101 1406 1162 1457 sine
1180 1404 1236 1456 ulla

105 1488 237 1542 Herodoti
252 1489 450 1542 obtrectatione
471 1490 532 1542 sive
552 1489 791 1562 criminatione*),
814 1508 874 1542 eum
893 1505 1030 1559 nunquam
1047 1488 1080 1542 de
1095 1489 1235 1542 Herodoto

105 1581 156 1626 tarn
170 1573 300 1628 malevole
319 1574 484 1644 scripturum
502 1575 591 1626 fuisse
612 1575 708 1641 credo,
727 1575 948 1644 quemadmodum
964 1574 990 1625 id
1010 1581 1104 1643 aparte
1122 1575 1187 1626 fecit
1200 1573 1234 1640 is,

105 1659 151 1728 qui
167 1659 239 1711 hunc
256 1659 375 1712 libellum
389 1659 422 1712 de
434 1658 569 1712 Herodoti
581 1653 749 1727 malignitate
764 1659 838 1712 inter
852 1658 991 1711 Plutarchi
1007 1659 1111 1728 scripta
1121 1659 1236 1711 relatum

105 1743 289 1813 composuisse
312 1745 521 1813 petenensem,
544 1743 604 1797 sire
625 1745 718 1797 rhetor
736 1745 893 1814 usphisture
909 1744 975 1810 suit,
1000 1743 1059 1795 sive
1077 1743 1147 1795 alius
1162 1743 1235 1813 quis,

105 1829 151 1897 qui
172 1829 232 1880 sive
253 1829 457 1881 exercitationis
479 1845 576 1897 eausa,
602 1829 662 1881 sire
681 1828 812 1896 gloriolae
832 1829 971 1882 cuiusdam
993 1827 1066 1897 apud
1089 1827 1236 1897 populares

105 1913 252 1982 captandae
278 1929 362 1966 causa
386 1913 473 1966 falsae
498 1921 581 1983 atque
605 1914 715 1983 ineptae
742 1913 884 1966 doctrinae
905 1912 1023 1982 speciem
1047 1919 1237 1965 ostentaturus

104 1997 185 2050 istum
200 1997 317 2050 libellum
332 1998 444 2068 scripsit
460 2015 491 2050 ac
508 1998 654 2050 subditicio
671 1997 838 2051 celeberrimi
853 1997 997 2067 scriptoris
1013 1997 1120 2050 nomine
1133 1997 1237 2050 instru-

104 2083 152 2135 xit.
192 2082 233 2136 De
249 2099 303 2152 quo
322 2089 385 2136 utut
404 2083 520 2150 statuis,
542 2083 701 2135 frustratam
721 2091 795 2136 certe
816 2101 877 2135 essa
899 2083 958 2135 eius
977 2099 1085 2152 operam
1100 2082 1129 2133 in
1145 2082 1236 2134 detra-

104 2165 192 2220 hendo
206 2167 348 2220 Herodoto
363 2167 494 2237 positam,
517 2184 608 2219 omnes
626 2168 778 2219 concedant
792 2183 905 2220 necesse
926 2175 982 2234 est,
1011 2167 1059 2236 qui
1075 2166 1149 2218 nullo
1166 2165 1237 2216 iudi·

105 2251 146 2303 cio
161 2257 354 2320 praeoccupati
370 2252 403 2302 ad
420 2253 485 2304 haec
497 2251 673 2303 accesserint.
711 2252 751 2303 Ac
767 2251 867 2304 dudum
883 2251 977 2320 plures
992 2251 1044 2303 viri
1060 2251 1133 2302 docti
1148 2251 1237 2302 Hero·

104 2335 160 2387 doti
174 2353 283 2388 causam
294 2343 389 2388 contra
402 2336 532 2402 malignas
547 2335 616 2390 istas
630 2352 769 2404 vanasque
780 2336 983 2388 criminationes
996 2331 1237 2404 susceperunffl),

103 2420 131 2470 in
153 2421 254 2495 quibus
275 2419 423 2488 splendent
442 2419 568 2472 Ioachim.
593 2419 782 2486 Camerarius,
809 2420 918 2489 Ioseph.
939 2419 1078 2486 Scaliger,
1099 2417 1237 2470 Henricns

105 2503 335 2576 Stephanusffl),
352 2504 407 2572 alii,
423 2511 451 2557 et
468 2504 638 2573 potissimum
654 2504 760 2556 Geinnz
775 2505 802 2555 in
820 2503 946 2574 pluribus
958 2503 1238 2555 commentationibus

171 2700 198 2768 *)
216 2701 381 2752 Plutarchus
398 2717 446 2767 pro
464 2717 537 2752 more
556 2717 620 2760 suo,
640 2717 691 2768 quo
710 2706 835 2752 auctores
854 2717 870 2751 a
887 2717 917 2752 se
935 2701 1072 2751 adhibitos
1084 2701 1119 2750 iis
1132 2704 1238 2750 tantum

105 2770 175 2820 locis
187 2769 345 2836 plerumque
358 2770 518 2819 nominatim
532 2769 630 2820 afferre
643 2770 728 2832 solet,
748 2770 845 2834 quibua
863 2771 1002 2820 contraria
1019 2769 1142 2824 tradunt,
1162 2773 1209 2816 aut
1222 2783 1238 2816 a

104 2855 134 2889 se
147 2839 326 2900 dissentiunt,
344 2837 513 2888 Herodotum
530 2853 635 2903 quoque
653 2839 786 2888 excitavit
802 2839 837 2888 iis
853 2843 959 2887 tantum
976 2837 1059 2899 locis,
1079 2836 1177 2901 quibus
1189 2835 1237 2885 ille

104 2906 149 2956 vel
161 2906 235 2956 solus
249 2905 352 2971 aliquid
365 2905 473 2956 tradere
490 2905 536 2956 vel
549 2906 583 2956 ab
597 2905 662 2956 aliis
674 2921 763 2956 rerum
776 2905 955 2972 scriptoribus
972 2905 1118 2954 dissentire
1131 2903 1238 2954 videre·

104 2980 160 3023 tur:
179 2973 303 3024 laudavit
320 2974 404 3040 igitur
416 2973 584 3024 Herodotum
602 2975 631 3023 in
646 2974 806 3024 Themisti
826 2974 874 3038 (cl.
888 2973 988 3024 Herod.
1002 2973 1082 3032 VIII,
1095 2972 1120 3035 5)
1142 2971 1172 3019 17
1190 2971 1237 3034 (01.

103 3041 236 3092 Ηο10601.
250 3041 329 3103 VIII,
343 3039 384 3092 93.
400 3039 447 3091 123
459 3041 550 3106 ibique
564 3041 643 3100 nott.)
657 3041 687 3090 21
704 3041 751 3104 (ci.
765 3041 866 3092 Herod.
880 3041 959 3103 VIII,
975 3039 1020 3090 lll
1041 3041 1132 3105 ibique
1149 3037 1238 3100 nott).

104 3111 133 3158 in
144 3109 258 3158 Aristid.
273 3107 304 3158 16
321 3109 368 3170 (01.
382 3107 485 3159 Herod.
499 3110 549 3167 lx,
568 3109 602 3158 16
618 3110 711 3174 ibique
728 3110 816 3171 nott).
837 3107 868 3158 19
885 3107 943 3172 (ubi
960 3108 1057 3158 scribit
1069 3101 1239 3173 θαυμαστὸν

104 3163 158 3226 oris
170 3170 201 3225 rd
209 3167 366 3240 Ἡροδότου
378 3192 404 3225 a.
415 3192 438 3226 τ.
449 3176 483 3236 1.,
497 3177 725 3236 011101060111,
736 3175 769 3226 70
778 3177 870 3242 ibique
883 3176 971 3239 nott).
986 3175 1142 3241 comparat.
1155 3175 1238 3223 Arist

105 3249 134 3293 01
147 3242 208 3293 (lat.
221 3243 237 3290 2
250 3243 297 3306 (cl.
311 3243 412 3294 Herod.
425 3243 472 3305 IX,
486 3243 538 3307 ol).
568 3243 674 3306 Quibus
686 3243 755 3295 locis
768 3259 838 3310 quea
850 3244 1006 3306 traduntur,
1027 3243 1195 3308 sequidem,
1208 3246 1239 3290 ut

105 3313 134 3361 iu
146 3311 267 3376 notisnd
279 3310 412 3359 Herodoti
430 3309 505 3360 locos
521 3311 701 3370 ostendimus,
720 3318 748 3362 01
765 3313 938 3378 1000100101
954 3310 1043 3360 libelli
1060 3311 1093 3359 de
1106 3309 1240 3359 Herodoti

105 3377 280 3442 malignitate
298 3377 492 3442 quodammodo
509 3384 612 3428 tractat
628 3383 657 3428 01
673 3381 776 3444 carpit,
795 3378 945 3429 cavillandi
963 3393 1057 3428 ansam
1072 3393 1105 3426 ex
1116 3377 1160 3426 his
1174 3376 1239 3440 ipsis

104 3447 202 3511 opinor
215 3445 284 3496 loeis
297 3453 424 3510 repetens
438 3444 560 3510 adeoque
573 3446 739 3496 dissentiens
757 3447 791 3496 sb
804 3448 864 3511 ipso
876 3447 1000 3494 Vitsrum
1014 3451 1139 3506 auctore,
1157 3447 1188 3492 ut
1206 3443 1240 3492 sd

105 3515 158 3575 IX,
172 3512 205 3562 46
219 3512 281 3563 0011.
296 3513 331 3562 16
343 3513 422 3574 VIII,
436 3513 465 3574 4,
478 3513 512 3562 94
529 3515 692 3576 monuimus,
711 3515 738 3563 id
756 3518 798 3564 est
817 3513 851 3563 ab
868 3514 928 3578 ipso
940 3513 1101 3574 Plutarcho,
1118 3510 1240 3560 celeber-

104 3582 173 3631 rimo
187 3579 375 3631 Chaeronensi
392 3580 535 3645 scriptore.
565 3582 619 3642 Qui
636 3581 706 3646 quod
721 3597 775 3631 uuo
793 3587 897 3630 tanturn
915 3581 990 3642 loco,
1010 3595 1089 3645 quern
1102 3579 1239 3632 1006001-

105 3650 264 3712 citavimus,
286 3649 398 3714 scripsit
418 3642 625 3715 θαυμαστὸν
645 3635 698 3700 oris
718 3642 749 3698 τὸ
768 3640 924 3709 Ἡροδότου
942 3663 968 3697 s.
986 3663 1010 3696 τ.
1024 3647 1059 3708 1.,
1083 3647 1111 3696 16
1128 3651 1241 3712 propter

104 3717 233 3784 magnam
255 3718 464 3777 auctoritatem,
488 3732 541 3781 que
563 3717 636 3766 inter
654 3718 774 3767 Graecos
791 3717 881 3766 floruit
900 3715 1071 3777 Herodotus,
1094 3715 1239 3780 scripsisse

103 3785 225 3849 videtur,
244 3799 333 3850 neque
346 3799 410 3835 vero
423 3785 513 3835 animo
526 3785 554 3833 in
566 3785 732 3835 Herodotum
750 3783 887 3834 malevolo
902 3789 949 3833 aut
961 3783 1134 3834 obtrectandi
1148 3781 1238 3832 studio

104 3855 213 3905 ductus.

171 3917 201 3952 a
258 3921 264 3934 Ι
383 3920 389 3933 Ι
457 3922 462 3934 Ι
781 3921 787 3937 Ι

172 3918 293 4054 *1191111
304 3920 419 4054 gribrdin
431 3917 1016 4054 bibilengeeibiotinritrribiinirimlitiibeespit
1028 3985 1111 4036 Heur.
1125 3985 1239 4051 Stepha-

103 4071 157 4106 nus
170 4057 212 4104 in:
232 4056 386 4122 „Apologia
398 4071 447 4120 pro
460 4055 632 4118 Herodoto“‚
652 4071 721 4120 quae
741 4055 852 4105 adiecta
867 4065 909 4104 est
921 4055 1039 4105 versioni
1052 4055 1172 4104 Latinae
1184 4053 1241 4102 He-

104 4123 208 4180 rodoti,
222 4137 292 4188 quae
305 4125 357 4174 hoc
369 4125 419 4174 auh
433 4123 513 4176 titulo
525 4124 638 4190 prodiit:
658 4123 811 4186 „Herodoti
823 4123 954 4173 historiae
967 4123 1032 4171 libri
1043 4123 1081 4172 lX
1095 4127 1123 4172 et
1135 4122 1168 4170 60
1180 4121 1240 4171 vita

103 4191 219 4240 Homeri
236 4190 357 4254 libellus,
376 4192 488 4254 Latine3
511 4191 553 4255 illi
577 4207 610 4242 ex
629 4191 853 4258 interpretatione
870 4193 953 4240 Leur.
971 4190 1070 4240 Vallae
1092 4189 1247 4254 adscripta,

103 4258 153 4308 hic
171 4273 205 4307 ex
221 4258 449 4324 interpretatione
462 4259 542 4312 Conr.
555 4259 752 4320 Hereabechii,
770 4265 885 4323 utreque
899 4259 934 4308 ab
947 4254 1032 4308 Henr.
1046 4257 1239 4322 6100111010-

104 4325 234 4391 cognita3
254 4341 287 4376 ex
299 4323 393 4378 Cteaia
406 4333 551 4393 excerptae
564 4328 706 4378 historiae.
734 4329 831 4378 leones
845 4326 1011 4392 quarundam
1024 4324 1240 4384 memorabilium

103 4397 312 4444 structurarum.
342 4395 476 4460 Apologia
493 4397 578 4445 Henr.
594 4395 731 4460 Stephani
747 4411 795 4461 pro
812 4395 960 4445 Herodoto.
990 4395 1068 4444 Anno
1086 4392 1238 4443 MDLXVI.

103 4460 271 4512 Exeudebat
282 4462 395 4512 Henric.
409 4463 572 4529 Stephanus.
592 4462 659 4514 fol.“
678 4465 719 4514 De
733 4477 787 4528 qua
800 4463 934 4526 editione,
952 4463 1025 4528 typis
1038 4463 1149 4527 saepius
1163 4475 1239 4525 repe·

160 4563 319 4607 111οο001.
337 4567 379 4609 1v.
999 4551 1036 4612 31
