3026 4970
441 460 705 521 osnnropu.
730 463 820 522 vm.
841 469 885 524 τε.
901 469 949 544 με.
1200 464 1262 526 255

123 629 186 701 ούκ
203 627 344 718 ύιγηλιύν
362 634 416 700 καὶ
434 627 560 701 άπέδου
578 639 710 721 χωρίον.
744 627 909 702 Ἐνθαύτα
928 633 964 700 ἐν
981 635 1023 720 τῇ
1041 629 1167 714 διατάξι
1193 634 1308 720 tyr-26

72 753 205 805 703νετο
223 730 332 820 λόγων
350 729 469 813 πολλὸς
487 728 634 822 άθισμδς
653 736 840 822 Τεγεητέων
857 760 894 802 τε
912 733 967 801 καὶ
977 728 1174 820 Ἀθηναίων.
1197 737 1261 802 έδι-

122 842 241 904 καίευν
257 831 321 923 γάρ
340 830 434 904 αὐτοὶ
460 831 607 924 ἑκάτεροι
632 841 718 923 ἔχειν
741 831 777 904 τύ
801 837 914 923 ἕτερον
937 835 1050 924 κε’ρας,
1086 836 1141 902 ιια1
1164 832 1263 904 καινά

122 938 177 1005 καὶ
195 933 319 1005 παλαιά
337 938 585 1026 παραφέροντες
605 942 693 1024 ἔργα.
724 939 821 1005 τούτο
839 936 901 1024 μὲν
918 940 953 1004 ol
973 938 1129 1022 Τεγεῆται
1148 942 1262 1024 ἔλεγον

122 1035 210 1106 τάδε·
243 1032 354 1126 Ἡμεῖς
382 1043 450 1106 αἰεί
473 1063 547 1105 κοτε
574 1033 756 1126 ἀξιεύμεθα
781 1036 902 1124 ταύτης
927 1039 985 1124 τῆς
1007 1035 1114 1120 τάξιος
1138 1039 1173 1106 ἐκ
1195 1041 1263 1108 τῶν

121 1137 304 1228 συμμάχων
321 1133 490 1225 ἁπάντων,
507 1134 582 1208 ὅσαι
599 1135 664 1226 ἤδη
683 1142 789 1220 ἔξοδοι
806 1140 914 1208 κοιναὶ
931 1140 1081 1226 ἐγένοντο
1092 1147 1261 1208 Πελοπον-

120 1246 265 1327 νησίοισι
289 1241 344 1308 καὶ
366 1237 402 1309 τδ
427 1236 567 1308 παλαιὸν
591 1242 645 1308 καὶ
669 1236 705 1308 τὸ
728 1237 823 1326 νεόν,
852 1243 884 1322 ἐξ
910 1243 1039 1309 ἐκείνου
1062 1243 1123 1309 τού
1139 1237 1262 1328 χρόνον

123 1344 198 1410 έπεί
218 1368 254 1410 τε
272 1335 484 1430 Ἡρακλεῖδαι
509 1343 686 1430 ἐπειρῶντο
707 1337 790 1430 μετά
813 1338 871 1411 τὸν
894 1336 1091 1430 Εὐρυσθέος
1113 1340 1263 1412 θάνατον

121 1440 289 1523 κατιόντες
308 1445 340 1522 ές
358 1440 627 1529 Πελοπόννησον.
663 1440 736 1512 τότε
755 1437 923 1532 εὑρόμεθα
939 1446 1036 1512 τούτο
1055 1439 1110 1511 διά
1128 1446 1262 1534 πρῆγμα

121 1637 218 1705 ligitur
231 1645 321 1690 autem
335 1639 412 1706 regio
422 1643 509 1704 plana,
523 1645 553 1689 ut
565 1641 587 1702 I,
602 1639 664 1689 1102
717 1639 777 1702 tsv;
798 1641 842 1700 VI,
856 1637 902 1689 98:
921 1635 1090 1704 καὶτιράτα
1107 1636 1166 1690 καὶ
1179 1629 1262 1690 elotu-

120 1701 185 1824 2δέ
198 1699 269 1774 άλλη
282 1703 402 1774 Μηδικὴ
420 1701 496 1774 γύρη
517 1699 574 1757 ἐστὶ
587 1707 666 1758 παῖσα
717 1724 767 1770 τας
795 1709 822 1770 I,
841 1705 886 1756 61:
910 1708 1030 1773 κομίσας
1050 1704 1110 1756 καὶ
1131 1701 1262 1773 χρήματα

148 1773 266 1832 πεδος,
286 1780 314 1823 et
332 1777 383 1837 IX,
400 1775 447 1824 102
464 1765 596 1832 ἄπεδος
614 1774 666 1841 χοὶ-
717 1773 777 1830 nul
793 1765 912 1839 ἄνδρας.
953 1776 1022 1825 Αδδ.
1039 1777 1066 1837 1,
1087 1774 1120 1826 73
1142 1782 1170 1825 ct
1188 1777 1261 1828 coni.

122 1857 179 1906 ρος.
202 1843 279 1903 Quae
292 1844 347 1892 ium
361 1843 502 1894 attulimus
515 1843 549 1892 ud
563 1845 608 1904 lv,
622 1843 664 1906 62,
716 1844 858 1908 Hurtung:
875 1843 965 1893 Lehre
982 1860 1009 1894 v.
1029 1844 1054 1894 d.
1069 1843 1174 1892 Partik.
1194 1845 1215 1894 Ι.
1234 1861 1261 1909 p.

120 1911 170 1959 ubi
183 1910 236 1960 vid.
250 1914 316 1959 nott.
719 1911 767 1960 144
779 1926 836 1975 seq.

762 1967 925 2044 άξιεύμεθα
948 1974 1053 2044 ταύτης
1081 1977 1131 2060 τῇς
1154 1970 1262 2056 τάξιος]

716 2045 1261 2180 ’,ἔκευθενυκαι-

154 2171 245 2244 lopus
257 2174 359 2238 πολλὸς
368 2169 508 2246 ύθισμός]
523 2180 585 2230 Vid.
596 2185 664 2230 nott.
716 2173 800 2243 τάξιν
810 2130 898 2246 ligem
918 2187 946 2231 et
958 2181 1142 2232 Athenienses
1155 2197 1214 2246 cap.
1228 2183 1261 2230 27

120 2248 155 2297 ad
169 2248 235 2306 VII,
248 2248 311 2308 2253
330 2240 438 2312 μεγάλη
451 2241 602 2314 λογοτριβή
622 2265 666 2298 ex·
717 2237 753 2312 άρ
784 2240 818 2298 ού
837 2247 950 2299 δίκαιοί
963 2243 1043 2312 εἰμεν
1061 2244 1136 2313 ἔχειν
1153 2241 1262 2312 ταύτην

119 2315 240 2380 plicatur
258 2317 285 2364 in
298 2315 519 2380 Neogruecorum
531 2332 664 2378 sermone,
716 2313 769 2382 τὴν
788 2309 878 2378 τάξιν.
914 2317 987 2365 Hinc
1004 2318 1033 2364 in
1046 2316 1188 2365 Plutarchi
1204 2317 1260 2365 Vit.

119 2382 520 2448 utprot'crtTheooharopulos
538 2384 567 2432 in
579 2385 666 2432 Voca-
716 2384 829 2434 Aristid.
849 2383 888 2433 12.
912 2399 948 2448 pa
970 2382 1086 2432 ,326Α.
1115 2374 1260 2448 Ἀθηναῖοι

120 2451 209 2500 bulur.
221 2466 285 2515 pag.
297 2449 355 2501 233.
385 2450 464 2512 Quod
476 2451 541 2500 olim
554 2451 666 2515 legeba-
721 2443 876 2514 Τεγεάταις
897 2399 968 2514 nepl
984 2445 1089 2512 τάξεως
1107 2443 1260 2514 ἐρίσαντες.

119 2523 165 2567 tur
176 2517 286 2568 πολλῶν
298 2519 326 2567 in
338 2517 461 2568 Floreut.
475 2533 581 2583 qnoque
597 2518 667 2568 libro
719 2519 767 2568 Lis
790 2523 849 2567 erut
870 2533 924 2568 non
946 2517 1015 2568 adeo
1032 2518 1065 2567 de
1083 2517 1156 2579 loco,
1181 2533 1260 2583 quern

120 2587 314 2650 conspicuum,
336 2586 435 2635 dudum
453 2587 572 2636 correxit
588 2586 665 2636 Woe·
718 2587 887 2647 obtinerent,
906 2584 953 2635 sed
966 2587 1018 2634 utri
1028 2601 1107 2635 cornu
1118 2589 1223 2636 aiterum
1234 2588 1260 2635 in

119 2653 219 2718 scling.
234 2654 307 2703 Dise.
318 2653 420 2704 Herod.
431 2653 477 2703 x1.
489 2669 551 2719 pag.
561 2651 612 2704 205
624 2669 666 2702 re·
716 2655 810 2704 hostem
822 2653 973 2704 ducerent.“
998 2654 1183 2718 Wesscliup.
1207 2654 1260 2703 Pro

118 2736 225 2786 ponens
237 2713 352 2783 πολλὸς,
366 2727 397 2770 ut
409 2721 490 2782 VIII,
504 2722 537 2770 78
550 2727 577 2771 ct
590 2726 665 2770 recto
716 2719 767 2788 τῆς
778 2713 875 2784 τάξιος
891 2736 947 2770 unu
959 2720 1059 2770 Aldina
1076 2719 1127 2787 τῆς
1138 2714 1261 2779 στάσιος.

119 2791 319 2854 interpretans:
338 2791 468 2838 vehemens
484 2789 615 2839 verborum
628 2793 664 2838 ul·
716 2789 778 2838 Vid.
797 2790 848 2851 IX,
867 2787 909 2838 21.
928 2814 958 2824 -
977 2789 1009 2838 ln
1026 2803 1102 2854 seqq.
1120 2777 1185 2839 ὅσαι
1202 2779 1260 2855 ἤδη

118 2862 236 2906 terentio.
256 2856 418 2906 Adverbum
429 2847 577 2907 ἐδικαίευν
590 2857 663 2906 coni.
717 2851 812 2919 ἔξοδοι
831 2857 952 2908 breviter
968 2856 1071 2932 <lictum
1087 2871 1136 2922 pro
1154 2847 1186 2907 έν
1197 2859 1261 2915 ταῖς

119 2929 188 2972 nott.
202 2925 237 2973 ud
250 2923 325 2982 VIII,
342 2922 389 2973 126
408 2929 435 2974 ct
453 2925 488 2974 ad
502 2926 665 2990 pronomina
716 2927 828 2983 κοιναῖς
841 2917 961 2987 ἐξόδοις,
975 2938 1038 2974 ocor
1051 2925 1150 2974 statuit
1162 2925 1259 2975 Matth.

119 2981 204 3040 αὐτοὶ
222 2991 280 3054 (ubi
298 2991 362 3041 olim
380 2991 450 3042 mele
464 2982 583 3056 αύτέοιν)
602 2983 665 3042 iud·
717 2993 763 3043 Gr.
775 2993 820 3043 Gr.
833 2993 920 3052 §.tlt
933 2993 965 3041 ld.
980 3017 1012 3026 —
1025 2993 1078 3042 Pro
1091 2985 1122 3042 τὸ
1134 2987 1261 3042 παλαιὰν

117 3073 196 3122 τεροι
206 3059 306 3108 Matth.
317 3059 363 3109 Gr.
374 3059 419 3109 Gr.
431 3061 454 3139 ἦ.
466 3059 516 3109 468
528 3060 573 3110 lin.
594 3059 664 3110 Con·
717 3061 769 3110 dno
783 3061 861 3110 codd.
874 3054 906 3110 τὸ
918 3052 1017 3122 πάλαι,
1031 3066 1060 3110 ut
1069 3061 1115 3122 IV,
1130 3058 1185 3110 180.
1199 3061 1259 3121 vn,

119 3127 213 3176 ierunt
225 3127 274 3188 111,
288 3125 333 3189 82,
348 3127 397 3176 ubi
409 3121 495 3186 αυτὸς
508 3121 624 3186 ἕκαστος
637 3133 665 3177 et
719 3127 774 3181 142.
789 3129 841 3191 IX,
854 3129 895 3178 72.
933 3128 986 3178 Sed
1003 3123 1035 3177 τὸ
1047 3120 1172 3178 παλαιὸν
1184 3129 1260 3178 inve-

119 3195 152 3254 V,
169 3193 199 3244 13
212 3185 285 3244 αύτά
299 3189 412 3245 ἕκαστα.
432 3195 510 3256 Quod
522 3211 588 3245 vcro
600 3195 664 3244 Val-
716 3195 790 3245 nitur
807 3211 914 3260 quoquo
931 3196 996 3256 VII,
1019 3194 1079 3258 129,
1097 3195 1178 3260 idque
1196 3195 1260 3246 huie

119 3262 201 3312 chen.
211 3255 243 3312 τὸ
253 3255 349 3326 ἕτερον
358 3257 443 3326 κέρας
452 3279 501 3328 per
512 3263 664 3328 euphemie·
716 3262 776 3312 loco
796 3280 828 3312 eo
846 3263 934 3328 magis
948 3267 1056 3327 aptum,
1073 3263 1121 3312 nbi
1138 3264 1262 3327 sequitur

118 3343 191 3378 mum
208 3331 264 3378 dici
282 3336 361 3395 putat
378 3333 610 3391 είοίειτιααοοναα,
629 3331 663 3380 ob
715 3323 747 3380 τό
771 3327 846 3380 νεόν.
884 3331 930 3380 Or.
956 3329 1033 3379 addit
1056 3330 1199 3380 Heindorf.
1225 3331 1260 3379 ad

118 3396 260 3446 Plutarch.
270 3397 326 3448 Vit.
336 3397 448 3448 Aristid.
461 3398 498 3456 12,
512 3397 602 3446 ubido
617 3411 664 3446 eu·
715 3397 823 3448 Platon.
836 3397 998 3461 Euthydem.
1011 3397 1034 3458 ἓ.
1048 3397 1089 3447 40.
1102 3413 1165 3461 pag.
1179 3397 1237 3447 555.

118 3465 181 3514 deur
198 3464 401 3531 disceptatione
424 3465 497 3514 inter
512 3463 663 3514 Athenien·
755 3457 907 3529 ἐπειρῶντο
925 3491 958 3499 -
975 3456 1130 3528 κατιόντες]
1155 3463 1260 3512 Eadem

118 3547 165 3582 ees
177 3533 252 3583 et'Ie
274 3538 353 3584 catus
366 3533 492 3590 refertur,
506 3532 603 3582 merito
616 3531 663 3581 ob·
715 3537 852 3583 structura
868 3532 920 3593 IX,
935 3530 969 3582 33
987 3535 1015 3580 et
1030 3531 1058 3589 1,
1074 3530 1119 3592 77,
1138 3531 1186 3580 ubi
1203 3529 1259 3580 vid.

119 3600 240 3664 loquitur
251 3549 510 3666 Schweighaeuser,
530 3615 590 3650 oum
608 3592 663 3648 ἓτε-
715 3605 782 3650 nott.
812 3593 943 3649 κατιέναι
959 3599 992 3649 de
1010 3599 1045 3648 iis
1058 3599 1127 3660 dici,
1146 3599 1191 3664 qui
1209 3613 1260 3663 pa-

119 3683 172 3731 ρον
194 3663 280 3731 κέρας
303 3667 463 3718 utrumlibet
491 3667 664 3731 intelligatur
715 3669 769 3717 tritt
785 3667 857 3733 pulsi
875 3668 904 3716 iu
920 3667 1039 3730 patriam
1060 3665 1190 3726 redeunt,
1214 3681 1260 3716 sa-

118 3749 204 3785 cornu
221 3736 279 3784 sive
297 3736 436 3785 sinistrum
453 3737 511 3788 sive
530 3735 662 3785 doxtrum.
716 3737 751 3784 tis
765 3739 870 3796 uotum;
891 3733 1088 3806 οοο1.111,15.
1108 3733 1144 3797 V,
1157 3731 1205 3796 62,
1224 3749 1258 3784 nc

117 3803 160 3852 Ad
173 3803 323 3868 proximum
336 3801 418 3854 τοῦτο
431 3799 484 3869 μὲν
502 3819 555 3854 nou
574 3803 663 3868 sequi·
715 3803 804 3868 pluro.
839 3802 881 3851 Ad
898 3801 1011 3852 verbum
1028 3791 1176 3865 ευρόμεθα
1192 3802 1221 3864 (i.
1236 3817 1259 3852 e.

117 3867 259 3920 toreutice
273 3863 319 3932 δὲ,
338 3871 387 3921 sed
405 3872 463 3921 eius
481 3871 542 3922 loco
556 3887 617 3936 cap.
631 3870 663 3919 27
715 3873 815 3935 adepti,
828 3868 1058 3929 consecutiones)
1073 3868 1129 3918 vid.
1141 3873 1209 3920 nott
1224 3869 1259 3918 ad

118 3939 200 3987 initio
213 3938 328 4002 legitur:
348 3931 378 3990 ol
385 3932 438 4004 pls
449 3937 539 3989 ταῦτα
553 3933 663 4003 ἔλεγον·
715 3939 767 4001 IX,
786 3937 811 3988 6.
847 3938 889 3986 De
912 3935 1082 3995 Heraclidis,
1106 3937 1259 4002 Eurystheo

115 3995 409 4071 Ἅθηναῐοιδέπρὸς
426 3997 664 4070 ταῦταύπεκρί-
714 4006 789 4057 victo
816 4005 1035 4072 Peloponnesum
1065 4004 1258 4055 invadentibus

118 4087 207 4123 ναντο
224 4069 348 4125 τάδε-
365 4075 397 4124 1ο
414 4075 508 4126 vorbis
525 4071 584 4125 κα1
601 4089 662 4124 και·
714 4073 784 4123 duce
808 4071 906 4137 Hyllo,
938 4072 1023 4122 tradit
1049 4072 1187 4122 Diodorus
1210 4073 1257 4136 IV,

118 4136 157 4191 νά
179 4141 238 4190 κα1
261 4135 370 4192 παλαιά
394 4158 482 4224 oeque
501 4147 583 4208 atque
601 4157 663 4191 mox
713 4139 759 4202 58,
780 4155 832 4206 quo
846 4145 957 4191 auctore
970 4140 1127 4191 Heraclidis
1140 4140 1260 4190 occurrit

116 4205 178 4260 καὶ
199 4205 230 4258 τὸ
248 4203 373 4260 παλαιὸν
393 4225 453 4260 και
474 4203 506 4260 τὸ
523 4204 590 4260 νέον
607 4210 662 4260 vim
713 4210 826 4270 Atreus,
857 4209 903 4274 qui
931 4213 994 4274 post
1016 4208 1163 4272 Eurysthei
1189 4223 1259 4257 mor-

117 4276 256 4394 qusludom
279 4291 340 4328 esso
364 4277 522 4394 dupli-patae
544 4276 661 4396 ζμμοὲεέε
714 4281 769 4326 tem
781 4277 1258 4394 pyccnsmmregnumocprparat,

116 4359 661 4479 tvta‘ttttttrtttcttaa:
712 4341 1259 4475 {tttitttttttttttfttetlsst
