2980 4978
289 461 347 519 DE
367 461 470 520 VITA
491 460 548 518 ET
568 459 760 520 soltIP'rls
782 457 1014 518 HERODO'I'I.
1159 463 1218 523 171

92 632 164 686 cenit
181 630 374 702 quodammodo
388 631 544 688 bellicum.“
585 630 653 688 Add.
667 631 781 684 cundem
797 630 838 682 De
855 635 924 684 orat
939 630 978 698 ll,
995 632 1037 686 1³.
1050 635 1076 696 s.
1092 633 1125 685 55
1141 635 1169 684 ct
1183 629 1220 698 ll,

93 721 132 778 15.
155 723 180 782 5.
197 720 236 771 64·
251 716 311 770 οο11.
330 716 453 769 111εοοιι11
477 716 659 785 lconogropla.
681 716 810 786 Grecque
831 715 866 766 Τ.
887 715 909 767 Ι.
931 733 959 784 p.
979 717 1029 770 5111
1047 733 1106 786 seq.
1149 715 1222 768 Hinc

92 801 251 854 Aristoteles
266 802 293 854 in
310 801 390 854 lllact.
407 801 458 868 lll,
472 805 505 856 92
523 795 541 870 ἡ
556 797 604 871 μὲν
616 789 668 855 οὖν
679 796 802 869 εἰρομένη
816 797 886 866 λέξις
899 793 917 870 ἡ
929 793 1029 868 ἀρχαία
1042 794 1128 855 ἐστίν·
1141 793 1222 868 Ἡρο-

91 881 172 941 do'aoo
188 888 309 954 Θουρίου
329 878 378 955 ἥδ’
402 882 521 956 ἴστορίης
537 879 682 955 ἀπόδεξις,
706 885 753 937 ubi
775 885 841 957 quid
857 885 895 937 sit
909 882 1033 955 εἰρομένη
1051 883 1122 952 λέξις
1142 901 1221 937 sccu-

91 981 148 1024 rete
168 972 298 1041 disquirit
318 971 467 1024 Turnebus
488 971 521 1022 ad
544 971 634 1024 Cicer.
656 969 697 1022 Da
711 969 784 1038 legg.
800 971 828 1035 Ι,
845 973 869 1024 1.
893 988 919 1037 p.
936 973 987 1024 53²
1011 971 1067 1040 (ed.
1084 969 1179 1024 Moser
1195 977 1223 1022 et

92 1057 205 1126 Crono.)
219 1067 333 1110 tructam
349 1056 498 1108 orationem
515 1055 647 1122 reddens,
664 1055 708 1107 die
724 1054 935 1125 unperiodisclae
949 1053 1039 1122 Rede,
1056 1063 1088 1107 ut
1103 1055 1223 1107 Creuue·

91 1159 138 1193 rue
154 1141 353 1209 interpretetur
367 1140 433 1209 (Die
448 1140 512 1200 hist.
530 1141 622 1192 Kuast
638 1141 687 1192 der
700 1139 811 1192 Grieoh.
826 1157 853 1210 p.
872 1141 921 1192 1811
938 1157 960 1192 s.
977 1157 1004 1208 p.
1022 1144 1067 1192 147
1084 1139 1127 1192 ed.
1141 1143 1222 1210 sec),

91 1243 159 1295 quoe
184 1225 274 1279 eadem
293 1225 461 1277 uDometrio
482 1225 538 1295 (De
554 1223 654 1278 elocut.
675 1229 700 1289 S.
718 1228 759 1279 ll.
780 1224 826 1290 12)
847 1229 961 1276 vocatur
981 1217 998 1293 ἡ
1014 1221 1164 1295 διῃρημένη
1180 1219 1223 1292 ἕρ-

89 1313 199 1381 μηνεία,
220 1304 237 1378 ἡ
260 1307 299 1372 είς
313 1309 389 1363 κῶλα
408 1306 537 1379 λελυμένη
556 1303 590 1363 οὗ
604 1304 677 1377 μάλα
693 1302 819 1378 αλλήλοις
839 1306 1041 1378 σννηρτημένας
1068 1310 1141 1362 οοιι1.
1156 1308 1221 1362 ibid.

91 1401 116 1458 S.
132 1400 175 1448 44.
193 1399 250 1449 112.
268 1397 327 1449 113.
363 1394 509 1446 Sublicium
528 1394 570 1446 lais
582 1393 708 1460 Dionysii
723 1394 810 1446 locum
827 1393 876 1446 luco
891 1395 919 1446 in
937 1412 967 1446 rc
981 1394 1116 1462 insignem
1129 1393 1158 1446 in
1176 1393 1222 1446 lu·

90 1481 142 1532 dic.
161 1481 195 1532 de
210 1480 335 1548 Thucyd.
357 1483 381 1544 S.
397 1481 443 1534 ⁶23.
455 1496 482 1547 p.
500 1483 564 1543 147,
580 1483 611 1532 12
635 1479 682 1546 (Τ.
701 1478 747 1530 Vl.
770 1497 796 1548 p.
811 1481 863 1532 865
884 1496 943 1550 seq.
960 1478 1069 1548 Reisl.)
1089 1466 1171 1539 οὗτος
1192 1473 1223 1531 dl
1243 1505 1246 1512 ν

92 1568 142 1633 (ac.
159 1563 331 1630 Herodotus)
348 1557 419 1618 κατὰ
432 1559 485 1633 τὴν
498 1558 614 1634 ἐκλογὴν
634 1565 689 1616 τῶν
705 1556 852 1633 ὀνομάτων
865 1561 915 1616 καλ
932 1558 1003 1617 κατὰ
1021 1559 1074 1634 τὴν
1088 1557 1223 1618 σύνθεσιν

90 1647 137 1702 καί
155 1644 226 1702 κατὰ
239 1643 292 1718 τὴν
306 1650 361 1702 τῶν
383 1649 574 1718 σχηματισμῶν
590 1650 744 1715 ποικιλίαν,
767 1649 885 1721 μακρῷ
905 1643 947 1717 δή
970 1667 1043 1702 τινι
1061 1642 1145 1712 τούς
1164 1639 1223 1700 ait-

89 1739 170 1796 λους
188 1727 429 1806 ὑπερεβάλετο
453 1733 501 1788 καὶ
523 1729 710 1802 παρεσκεύασε
729 1735 763 1806 τῇ
784 1735 912 1804 κρατίστη
933 1727 1044 1803 ποιήσει
1065 1727 1118 1802 τὴν
1137 1726 1222 1801 πεζὴν

89 1814 191 1888 φράσιν
204 1812 302 1889 ὁμοίαν
318 1815 448 1888 γενέσθαι
461 1820 581 1880 πειθοῦς
594 1837 624 1873 τε
636 1817 686 1872 καλ
699 1821 816 1887 χαρίτων
827 1815 935 1886 καὶτῆς
948 1815 987 1880 εἰς
1001 1809 1089 1888 σ’ἱκρσν
1099 1811 1223 1887 ἡκούσης

88 1899 191 1974 ἡδονῆς
205 1895 301 1958 ἕνεκα·
329 1898 427 1973 ἀρετάς
441 1923 470 1958 τε
491 1899 541 1966 τὰς
560 1906 686 1974 μεγίστας
703 1901 751 1957 καὶ
767 1897 958 1972 λαμπροτάτας
978 1899 1029 1968 ἔξω
1050 1903 1107 1956 τῶν
1119 1897 1223 1970 ἐναγω-

88 1991 156 2044 νίων
175 1983 257 2044 οὐδὲν
276 1983 305 2042 ἕν
322 1984 436 2052 ταύταις
454 1985 593 2059 ἐνέλιπεν,
616 1990 670 2043 είτε
690 1983 742 2042 οὐκ
764 1977 796 2043 εὖ
817 1982 951 2056 πεφνκσὸς
971 1981 1041 2054 πρὸς
1061 1980 1147 2049 αὐτὰς
1168 1986 1222 2040 εἴτε

88 2069 159 2128 κατὰ
175 2069 305 2144 λογισμόν
321 2093 384 2128 τινα
404 2070 536 2136 ἑκουσίως
556 2065 711 2142 dimiono,
733 2057 771 2134 ule
785 2066 836 2142 οὐχ
857 2066 1051 2142 ἁρμοττουσῶν
1074 2069 1220 2142 ἱστορίαις·

89 2153 153 2214 οὐδὲ
167 2155 219 2228 γὰρ
230 2161 410 2228 δημηγορίαις
420 2163 533 2220 πολλαῖς
547 2152 562 2212 ὁ
574 2153 645 2228 ἀνὴρ
660 2152 722 2212 odd·
734 2153 895 2227 ἐναγωνίοις
909 2155 1036 2227 κέχρηται
1049 2152 1142 2226 λόγοις
1157 2149 1222 2210 odo’

88 2241 117 2298 ἐν
132 2245 170 2317 τῷ
184 2247 335 2299 παθαίνειν
350 2243 398 2298 nul
419 2246 588 2298 δεινοποιεῖν
607 2238 641 2296 τὰ
656 2237 804 2311 πράγματα
817 2236 869 2312 τὴν
884 2237 974 2311 ἀλκὴν
988 2239 1058 2310 ἔχει·
1085 2235 1174 2314 τούτῳ
1192 2236 1222 2294 δὲ

88 2324 123 2398 δὴ
143 2330 180 2401 τῷ
194 2322 276 2395 ἀνδρὶ
292 2330 467 2397 Θονκυδίδης
482 2321 620 2401 ἐπιβαλών
634 2347 661 2381 κ.
676 2347 701 2381 τ.
714 2331 738 2381 λ.
772 2327 848 2380 Adde
865 2327 946 2380 elium
961 2327 1046 2378 locum
1063 2343 1117 2378 non
1132 2326 1222 2378 minus

88 2413 224 2481 insignem
244 2413 272 2465 in
292 2414 383 2482 Epist.
404 2413 437 2464 ed
458 2413 511 2464 Cn.
533 2413 651 2482 Pompei.
673 2411 708 2468 T.
725 2411 773 2465 Vl.
794 2429 821 2480 p.
844 2414 895 2463 775
912 2427 987 2480 νειμ,
1022 2410 1068 2462 nbi
1087 2408 1222 2480 singulus,

89 2498 191 2567 quibus
205 2498 393 2565 Thucydidem
407 2503 521 2565 superat
530 2497 704 2564 Herodotus,
720 2496 838 2548 virtutes
854 2493 1007 2562 Dionysiae
1022 2503 1148 2546 accurate
1160 2511 1222 2564 per·

89 2581 225 2652 sequitur.
260 2587 299 2634 Ac
314 2583 433 2652 denique
448 2581 528 2634 etiem
546 2582 664 2634 conferri
680 2587 772 2652 potest
786 2579 902 2632 Plautius
918 2578 988 2632 eod.
1003 2578 1061 2631 LX.

174 2667 258 2719 Hisce
279 2667 412 2720 orationis
428 2667 603 2720 Herodoteae
623 2666 773 2719 virtutibus
795 2665 865 2718 udde
887 2681 958 2730 eum,
986 2679 1066 2733 quem
1084 2661 1224 2733 appellant

87 2747 139 2821 τὴν
151 2744 289 2820 ἀλήθειαν
298 2749 343 2827 1),
364 2753 397 2804 cd
412 2740 501 2822 ἦθος,
527 2752 566 2803 uti
582 2751 667 2804 tradit
684 2752 886 2819 Hermogenes,
906 2749 1018 2802 maxime
1039 2747 1222 2818 pertinentem

88 2845 116 2889 et
132 2854 191 2888 caim
208 2854 239 2889 eu
254 2837 324 2889 beno
340 2837 525 2904 coniunctam,
548 2853 603 2906 que
617 2835 740 2888 nimirum
752 2835 794 2902 id,
815 2833 889 2904 qnod
905 2833 1004 2904 cuique
1019 2833 1159 2904 proprium
1174 2849 1222 2884 na-

88 2922 150 2974 turd
166 2931 222 2988 est,
238 2921 293 2974 tale
308 2923 388 2975 etium
404 2929 549 2974 enarretur
563 2929 591 2974 et
602 2919 682 2991 quale
694 2937 791 2974 revera
802 2920 852 2987 sit,
869 2919 1030 2972 exhibeatur
1044 2919 1071 2970 in
1088 2918 1222 2985 oratione,

87 3024 158 3076 qnae
171 3007 308 3076 uniusque
319 3025 461 3076 porsonam
473 3005 634 3075 diligentins
645 3023 705 3058 cum
719 3012 843 3070 tuentur,
859 3023 891 3057 co
904 3005 965 3075 ipso
977 3005 1026 3057 fiet
1036 3003 1128 3056 vivida
1140 3003 1221 3055 adeo-

87 3109 142 3160 que
156 3091 268 3146 mimica.
305 3091 451 3144 Pertinent
465 3092 518 3144 huo
533 3090 721 3161 proverbiales
737 3090 890 3143 locutiones
905 3089 1030 3142 crebrius
1045 3088 1220 3154 intersertae,

88 3176 161 3227 dictu
175 3176 346 3228 sententiose
360 3176 472 3246 saepius
491 3177 585 3246 obvia,
606 3182 637 3228 nt
650 3191 765 3246 quorum
783 3191 904 3243 magnam
919 3192 986 3228 sone
1000 3172 1104 3244 cupium
1119 3189 1153 3226 ex
1164 3171 1220 3224 He-

89 3259 178 3312 rodoti
195 3259 286 3312 Musis
306 3259 433 3328 colligere
453 3261 554 3328 poesis.
594 3261 633 3312 Ac
648 3261 766 3330 denique
781 3259 963 3330 praedicenda
981 3265 1025 3311 eet
1039 3257 1150 3310 munima
1167 3255 1221 3308 elo-

88 3344 208 3398 cntionie
222 3339 427 3414 simplicitur**)
443 3361 529 3414 euque
541 3345 633 3396 notive
645 3345 792 3414 quaedem,
809 3361 880 3414 quae
894 3343 959 3396 nihil
974 3342 1060 3419 suesti
1075 3349 1123 3392 unt
1138 3357 1222 3411 quee-

88 3429 135 3481 siti
150 3429 245 3496 habet,
261 3446 359 3497 expers
374 3429 460 3481 omnis
476 3429 543 3481 artis
558 3435 607 3480 eut
620 3437 776 3482 structnrae
787 3427 966 3493 artificiosae,
984 3427 1032 3480 sed
1044 3431 1143 3495 sponte
1154 3425 1222 3476 scri

89 3514 177 3583 ptoric
194 3531 226 3567 ex
242 3513 329 3565 animo
345 3514 487 3583 profluens
503 3531 612 3580 omnes,
631 3514 678 3583 qui
693 3514 727 3566 ad
739 3513 907 3565 Herodotum
922 3511 1066 3580 legendum
1077 3508 1220 3576 accedunt,

86 3599 183 3652 mirum
200 3599 227 3651 in
243 3599 348 3650 modum
369 3597 443 3668 capit
462 3603 545 3669 atquo
562 3595 709 3666 demulcet,
733 3597 893 3668 praesertim
911 3613 971 3648 cum
987 3596 1015 3647 in
1031 3593 1143 3647 murima
1160 3609 1221 3645 oru-

87 3684 173 3736 tionis
195 3683 332 3737 suavitate
352 3683 489 3736 maximnm
504 3699 614 3752 qnoque
629 3683 727 3736 lrabeat
740 3683 965 3754 perspicuitatem,
986 3696 1057 3751 quoe
1072 3677 1143 3730 haud
1159 3695 1221 3730 raro

87 3770 233 3822 verborum
254 3769 445 3821 abundantium
462 3767 595 3838 quandam
613 3773 642 3820 ct
656 3775 760 3837 gratum
775 3766 910 3837 quandam
929 3764 1121 3834 negligentium
1137 3761 1219 3834 parit,

86 3854 290 3922 immolestum,
309 3853 357 3924 qul
373 3852 547 3906 Herodoteao
562 3853 695 3905 orationis
712 3859 835 3906 naturum
849 3855 932 3920 atque
947 3849 1064 3903 indolem
1078 3849 1219 3918 haudqua-

86 3957 166 4009 qnum
182 3941 393 4009 perspexerunt.
437 3939 507 3991 Nom
522 3937 632 3990 multum
649 3939 740 4005 obest,
766 3943 797 3990 ut
814 3935 876 3988 hinc
894 3935 1013 3988 remittat
1030 3933 1118 3988 oratio
1133 3933 1221 3986 Hero-

154 4118 185 4184 *1
202 4121 280 4172 Ocni.
295 4121 426 4171 Crcuzer:
439 4120 544 4170 Histcr.
555 4121 644 4170 Knnst
656 4119 681 4170 d.
694 4119 739 4170 Gr.
749 4136 774 4185 p.
789 4117 835 4169 1115
847 4135 903 4184 seq.
914 4115 950 4184 (p.
964 4117 1009 4168 151
1023 4133 1079 4183 seq.
1091 4115 1133 4166 cd.
1144 4113 1220 4175 sec).

155 4185 197 4253 sn)
216 4190 296 4239 Hunc
309 4188 483 4239 Herodotcec
496 4189 629 4238 orationis
641 4178 781 4252 οἷφέλειαν
796 4189 856 4237 inre
869 4186 965 4236 laudet
976 4185 1112 4236 Volckcn.
1126 4183 1160 4233 nd
1172 4183 1221 4245 IV,

89 4257 147 4306 127.
160 4255 221 4308 Vol.
234 4258 269 4306 11.
282 4273 308 4322 p.
322 4255 381 4308 53⁶2.
411 4257 447 4306 lit
458 4257 531 4306 conl.
546 4271 652 4321 quoque
665 4260 732 4305 nott.
748 4256 781 4306 od
794 4255 840 4317 IV,
856 4253 903 4305 113
914 4253 975 4304 Vol.
987 4253 1023 4303 H.
1035 4271 1061 4318 p.
1074 4251 1132 4301 515.
1163 4251 1221 4300 Nec

86 4325 169 4391 plure
185 4325 307 4388 prolorre
325 4339 405 4390 opas,
431 4340 490 4374 cum
512 4324 564 4374 hoc
587 4328 776 4388 argumentum
794 4321 928 4389 peculiari
946 4320 1040 4371 libello
1058 4318 1223 4370 tractaverit

86 4393 183 4442 Hoerd.
201 4393 412 4511 {tgpgrdendnrps
430 4393 502 4443 Dice.
515 4391 588 4443 liter.
602 4392 635 4441 de
649 4391 744 4443 aetina
761 4390 938 4456 simplicitate
951 4387 1084 4440 Herodoti
1096 4385 1220 4453 Lugdun.

86 4463 187 4512 Batou.
270 4495 276 4509 .
