3026 4970
464 481 729 544 CALLIOPE.
753 485 812 544 IX.
834 495 877 548 26.

1180 489 1242 550 257

115 661 224 744 ἔταμον
241 650 338 744 ὅρκια
357 655 410 723 ἐπὶ
428 653 516 747 λόγῳ
534 657 668 747 τοιῷδε·
692 649 736 743 ἢν
758 652 944 746 μέν”Ῥλλος
961 655 1081 745 νικήση
1099 654 1157 726 τόν
1176 669 1242 726 He·

115 764 333 844 λοποννησίων
356 751 518 845 ἡγεμόνα,
548 759 694 826 κατιέναι
715 751 931 848 Ἡρακλείδας
955 760 1008 827 έπὶ
1027 755 1066 827 τὰ
1084 757 1242 848 πατρώια·

113 852 150 945 ἢν
167 859 201 926 δὲ
213 861 349 947 νικηθῇ,
368 854 408 927 τα
427 864 567 946 ἔμπαλιν
581 851 797 948 Ἡρακλείδας
809 855 1081 930 ἀπαλλάσσεσθαι
1094 862 1148 929 καί
1160 856 1242 929 elaci-

112 986 176 1046 γειν
197 956 258 1046 τὴν
281 955 456 1048 στρατιὴν,
494 957 612 1030 ἑκατόν
637 987 673 1029 τε
699 963 798 1031 έτέων
821 958 866 1050 μὴ
889 965 1021 1050 ζητῆσαι
1045 959 1187 1032 κάτοδον
1211 965 1243 1042 ἐς

112 1058 371 1148 Πελοπόννησον,
391 1067 576 1150 προεκρίθη
593 1089 628 1130 τε
648 1057 689 1148 δὴ
709 1065 744 1130 έκ
762 1060 899 1132 πάντων
915 1060 1097 1153 συμμάχων
1110 1067 1242 1133 ἐθελον-

112 1158 323 1251 τὴςἝχεμος,
343 1157 361 1230 δ
382 1157 561 1252 Ἠερόπου,
586 1166 647 1232 τοῦ
670 1167 813 1251 Φηγέος,
838 1163 1018 1254 στρατηγός
1039 1192 1075 1234 τε
1099 1161 1163 1234 lde
1186 1165 1242 1234 καὶ

111 1260 259 1350 βασιλεδς
278 1257 450 1352 ἡμέτερος,
470 1265 524 1332 καὶ
544 1263 792 1354 ἐμουνομάχησέ
806 1293 841 1335 τε
859 1269 914 1336 καὶ
933 1262 1105 1336 ἀπέκτεινε
1114 1262 1241 1337 Ὕλλον.

108 1360 157 1434 Ἐκ
172 1362 291 1434 τούτου
308 1367 369 1434 τοῦ
387 1371 486 1455 ἔργου
507 1359 676 1456 εὑρόμεθα
695 1369 731 1436 έν
748 1383 833 1436 τοῖσι
846 1375 1145 1456 Πελοποννησίοισι
1157 1384 1242 1437 τοῖσι

109 1463 176 1535 τότε
194 1467 247 1534 καὶ
267 1461 350 1534 ἅλλα
367 1467 465 1556 γέρεα
487 1465 630 1556 μεγάλα,
659 1464 699 1536 τὰ
723 1472 932 1558 διατελέομεν
950 1477 1090 1558 ἔχοντες,
1109 1471 1165 1538 καὶ
1183 1472 1244 1539 τοῦ

110 1570 215 1656 κέρεος
232 1570 294 1636 τοῦ
311 1569 425 1656 ἑτέρου
443 1569 508 1636 alst
526 1563 758 1657 ἡγεμονεύειν,
783 1574 895 1658 κοινῆς
920 1568 1035 1654 ἐξόδου
1058 1573 1241 1660 γενομένης.

105 1663 192 1757 ’Τμῐν
209 1671 271 1756 μέν
287 1697 363 1756 νυν,
384 1658 411 1738 τό
428 1667 697 1759 Λακεδαιμόνιοι,
716 1666 778 1740 οὐκ
795 1667 1010 1762 ἀντιεύμεθα,
1029 1668 1113 1741 ἀλλὰ
1132 1669 1242 1741 διδόν·

108 1797 158 1850 τες
175 1774 314 1860 αἵρεσιν,
333 1765 490 1862 ὁκοτέρου
508 1768 675 1858 βούλεσθε
693 1775 804 1864 κέρεος
822 1769 953 1865 ἄρχειν,
971 1781 1146 1866 παρίεμεν·
1181 1776 1244 1842 τοῦ

107 1998 184 2062 δοξοι
197 1995 246 2051 καλ
259 1995 289 2051 οἷ
299 1991 436 2082 ἡγεμόνες
448 1993 648 2069 έμονομοίχουν

106 2065 154 2118 aul
171 2061 201 2119 έκ
219 2071 399 2147 προκλησεως
419 2063 499 2121 τουτ’
518 2064 646 2135 ἐποίουν,

105 2129 136 2187 έν
152 2126 247 2194 ἄλλοις
265 2131 434 2203 είρηκαμεντ
459 2139 494 2188 ad
512 2154 591 2204 quem
608 2139 647 2189 lo·

48 2259 49 2262 ¹
105 2219 164 2254 eum
184 2203 264 2269 plura
285 2221 353 2256 sane
376 2206 523 2272 adscripsit
539 2208 575 2256 Is.
595 2206 647 2257 Ca-

104 2273 252 2334 saubomis,
278 2289 360 2323 unum
377 2279 482 2323 tantum
501 2274 581 2323 huius
598 2290 645 2340 pu·

104 2355 175 2405 gnae
190 2339 339 2404 singularis
356 2341 507 2406 exemplum
527 2341 646 2391 afferens

104 2425 137 2456 ex
150 2407 260 2458 Diodor.
274 2407 366 2458 Siculo
379 2409 469 2470 XVII,
488 2408 536 2457 100
553 2409 586 2458 de
597 2409 648 2458 Co-

101 2475 647 2608 eli:1333'simillimum

101 2611 167 2660 nsei
177 2610 268 2660 verbis
278 2603 309 2661 έν
318 2601 415 2670 ἄλλοις
425 2604 581 2677 εἰρήκαμεν
592 2611 646 2660 αοΙ-

99 2678 345 2744 ligens,Athenaei
355 2679 493 2744 peculiare
504 2693 572 2744 opus
583 2677 647 2728 olim

101 2745 256 2806 exstitisse,
276 2759 328 2810 quo
342 2747 467 2811 exempla
479 2747 577 2796 ducum
591 2745 647 2796 col-

98 2813 225 2876 legisset,
239 2813 285 2877 qui
295 2813 430 2878 singulari
441 2815 591 2864 certamine
604 2829 647 2864 sa-

99 2881 187 2930 lutem
209 2882 377 2930 exercituum
397 2897 506 2931 suorum
529 2887 576 2932 aut
596 2882 648 2930 rei-

98 2947 233 3013 publicae
258 2949 445 3000 redemissent.
488 2949 541 2999 b‘ed
570 2954 647 2998 recte

98 3015 208 3065 monuit
220 3014 498 3082 Schweighaeuscrus
516 3017 554 3080 (iu
568 3017 647 3066 Com-

97 3087 198 3132 mentt.
213 3083 284 3133 adh.
295 3083 312 3132 l.
323 3085 399 3134 Tem.
411 3085 446 3133 11.
459 3101 484 3148 p.
495 3083 563 3147 513),
577 3084 647 3134 haec

96 3151 240 3200 Athenaei
257 3151 342 3201 verba
358 3151 428 3201 nihil
448 3150 524 3200 aliud
542 3151 646 3216 signill-

97 3235 168 3268 care
186 3219 252 3268 nisi:
275 3219 347 3276 alibi,
366 3220 421 3268 ie.
440 3219 467 3267 in
481 3218 538 3267 alia
556 3220 647 3284 eperia

94 3291 196 3352 parte,
221 3287 344 3348 diximus,
376 3302 409 3336 ac
433 3287 534 3350 respici
559 3287 647 3336 locum

94 3354 183 3419 primi
200 3353 278 3414 libri,
304 3370 356 3419 quo
376 3354 409 3403 de
431 3353 474 3402 liis
491 3355 560 3403 satis
577 3369 648 3403 com-

94 3420 182 3471 mode
207 3422 262 3472 dici
286 3427 403 3487 poterat.
447 3421 536 3470 Prisci
565 3421 648 3470 moris

95 3489 190 3538 fuisse
208 3490 260 3539 hoc
273 3505 383 3554 pugnae
400 3489 549 3554 singularis
562 3503 648 3550 genus

93 3556 143 3607 vel
168 3573 204 3606 ex
222 3557 336 3606 Homeri
357 3555 401 3606 Ili.
420 3557 475 3618 Ill,
498 3555 531 3605 98
552 3555 648 3620 colligi

92 3629 207 3690 potest,
221 3625 341 3689 itemque
355 3641 371 3674 a
384 3625 519 3674 Strabone
532 3625 606 3674 VIII.
620 3639 646 3688 p.

91 3693 162 3753 357,
189 3691 235 3757 qui
253 3692 406 3742 huiusmodi
425 3699 565 3742 certamen
578 3707 649 3741 coin-

92 3775 257 3810 memorans
270 3760 297 3809 id
313 3759 372 3817 fieri
386 3761 483 3810 scribit
495 3753 567 3810 κατὰ
580 3753 649 3818 ἔθος

89 3843 120 3877 τι
132 3821 272 3878 παλαιόν.
291 3827 385 3894 Neque
396 3828 523 3892 cuiquam
536 3829 564 3878 in
574 3842 648 3876 men·

89 3903 154 3945 tem
168 3895 223 3944 'nrm
237 3897 314 3946 venit
328 3895 503 3946 Horatiorum
516 3903 543 3946 et
553 3895 647 3945 Curiu-

89 3964 203 4012 tiorum
215 3969 355 4014 certamen
369 3964 440 4029 apud
450 3965 558 4014 Livium
568 3964 589 4024 1,
601 3961 648 4024 23;

89 4047 129 4080 ex
153 4031 296 4081 Herodoto
317 4031 437 4082 conferri
458 4047 564 4096 quoque
585 4046 646 4096 pos·

88 4103 165 4148 sunt
179 4097 208 4146 hi
221 4099 275 4149 loci
288 4099 310 4159 I,
324 4097 364 4148 82.
379 4099 411 4157 V,
424 4098 465 4152 95.
495 4101 589 4164 Neque
602 4115 648 4148 no-

87 4171 159 4216 stra
186 4171 265 4215 aetas
281 4167 385 4217 talibus
408 4171 485 4217 caret
507 4166 646 4232 exemplis.

86 4237 182 4283 Anno
196 4232 260 4282 1794
273 4234 324 4284 δυο
336 4235 476 4285 Gallorum
490 4235 572 4285 duces
583 4235 649 4297 (Du-

85 4303 168 4368 phot
183 4304 213 4350 et
225 4302 346 4366 Lances)
359 4318 419 4352 curn
432 4303 536 4352 duobus
549 4303 648 4366 Hispa·

84 4383 200 4420 norum
210 4367 325 4420 ducibus
336 4377 399 4422 ante
412 4387 502 4422 arcem
513 4371 649 4436 Figueros

85 4440 120 4488 iu
145 4435 299 4488 Catalonia
320 4452 382 4488 eum
402 4441 432 4489 in
453 4437 559 4488 modum
577 4453 649 4488 cem-

148 4542 315 4585 nanonor.
337 4544 379 4586 lv.

699 2007 842 2056 mittuntur
858 2010 940 2071 atque
959 2006 987 2055 in
1004 2006 1091 2071 ipsius
1104 2007 1242 2056 exercitus

698 2074 839 2138 utriusque
863 2078 1015 2139 conspectu
1038 2073 1078 2122 ita
1102 2088 1241 2138 pugnasse

698 2147 858 2202 narrantur,
875 2147 906 2190 ut
925 2149 1038 2205 uterque
1056 2141 1241 2205 Hispanorum

698 2208 754 2268 dux
773 2223 870 2258 caesus
895 2223 928 2257 nc
949 2213 1101 2272 prostratus
1122 2207 1240 2267 iacerem

697 2275 769 2324 unde
788 2274 877 2324 Gallis
899 2275 1017 2324 victoria
1034 2275 1143 2339 obtigit.
1180 2273 1240 2324 vid.

696 2343 841 2404 Heymnnn
855 2342 884 2390 iu
896 2341 1005 2391 Ersclrii
1018 2347 1046 2390 et
1057 2341 1173 2390 Gruberi
1186 2341 1241 2390 En·

699 2409 860 2474 cyclopaed.
878 2407 951 2458 Sect.
964 2409 986 2457 I.
999 2407 1060 2458 Vol.
1073 2408 1200 2458 XXVIII.
1214 2423 1239 2472 p.

698 2475 756 2526 324.
788 2476 829 2525 Ad
845 2476 932 2526 verba
950 2469 1055 2540 ἔταμον
1071 2464 1155 2538 ὅρκια
1170 2475 1241 2527 conl.

699 2545 737 2594 IV
760 2543 801 2594 70.
815 2544 874 2604 VII,
891 2542 938 2592 132
952 2543 1044 2608 ibique
1057 2549 1126 2593 nott.

733 2579 836 2662 έκατόν
848 2625 878 2660 τε
889 2602 987 2675 ἐτέων]
1001 2611 1019 2659 1.
1032 2627 1055 2661 e.
1065 2613 1135 2660 intra
1146 2619 1242 2661 censam

698 2695 787 2729 annos.
809 2679 867 2728 Nec
877 2677 959 2728 aliter
972 2678 1090 2743 simplex
1104 2679 1243 2744 genitivus

698 2748 735 2808 II,
750 2745 806 2796 115.
820 2747 872 2808 VI,
886 2743 931 2803 58,
950 2745 994 2795 vel
1011 2747 1130 2796 usitatus
1148 2747 1176 2796 in
1193 2761 1243 2811 pu-

698 2815 780 2864 blicis
791 2815 973 2874 decumanum
1006 2813 1243 2866 idBoeclrtho-

698 2883 891 2933 natsberiehtt.
903 2829 1039 2932 d.Berlin.
1045 2881 1131 2930 Acad.
1139 2881 1164 2932 d.
1171 2882 1243 2931 Wis-

698 2950 805 3000 senech.
823 2948 895 3000 1853.
909 2965 972 3015 pag.
986 2947 1042 3000 16⁶2.
1066 2950 1098 2999 In
1111 2965 1243 2999 annerum

697 3024 794 3067 eentum
810 3033 922 3067 numero
937 3017 1064 3081 congruit
1082 3032 1143 3066 cum
1155 3017 1243 3066 Hero-

698 3086 760 3135 doto
779 3085 1045 3148 Sebol.'l'bucyd.1,
1062 3083 1105 3146 1‘23
1126 3083 1172 3148 qui
1189 3085 1241 3134 hac

698 3153 731 3202 de
745 3168 773 3202 re
788 3153 907 3218 egerint,
921 3151 1011 3217 plures
1023 3151 1120 3202 laudet
1132 3153 1241 3202 Wesse-

698 3219 738 3269 lin
760 3257 766 3270 .
781 3219 816 3268 ad
828 3220 941 3269 Diodor.
955 3220 972 3268 l.
987 3218 1004 3268 l.

725 3235 844 3352 ’ἕκηλος
860 3277 875 3336 d
893 3277 1034 3350 Ἠερόπου
1052 3283 1102 3336 τοῦ
1120 3281 1240 3350 Φηγέος]

699 3353 801 3418 Omnes
822 3353 886 3403 libri
908 3354 1005 3418 scripti
1023 3347 1146 3417 Φηγέος,
1172 3351 1242 3416 quod

699 3422 761 3472 inde
775 3421 945 3471 retinendum
958 3421 1031 3470 (luxi.
1061 3421 1130 3468 Nam
1145 3436 1159 3468 e
1172 3419 1243 3468 Pau-

699 3491 780 3538 sania
792 3489 867 3549 VIII,
881 3489 905 3538 4.
918 3489 942 3548 5.
956 3488 985 3550 7,
1006 3487 1052 3535 ubi
1066 3487 1114 3535 illc
1127 3493 1243 3535 vocatur

699 3551 827 3622 lipparis,
841 3555 912 3620 apud
922 3554 1090 3604 Herodotum
1104 3553 1243 3618 corrigere

699 3623 795 3674 volunt
818 3617 948 3688 Κηφέος,
978 3621 1111 3670 suadente
1136 3635 1242 3686 quoqne

699 3691 846 3742 SIebelisio
859 3689 916 3755 (qui
928 3687 1138 3740 huncEebemum
1151 3687 1241 3739 luctae

699 3759 850 3825 praemium
867 3757 964 3808 tulisse
981 3757 1011 3806 in
1023 3755 1167 3822 Olympico
1184 3772 1242 3807 eer-

699 3827 802 3876 tamine
815 3827 972 3876 observate
985 3823 1094 3874 Pindar.
1109 3823 1151 3874 Ol.
1162 3825 1196 3884 X,
1210 3823 1242 3873 79

700 3895 787 3960 seqq.)
806 3899 834 3944 et
844 3893 997 3954 Larehero,
1017 3893 1063 3956 qui
1079 3891 1131 3942 hec
1144 3892 1178 3942 de
1191 3890 1242 3941 Ce-

699 3963 770 4028 pheo
782 3967 893 4027 praeter
905 3961 1062 4010 Pausaniae
1075 3960 1093 4009 1.
1106 3959 1123 4008 l.
1138 3961 1243 4010 excitat

699 4029 853 4096 Apollodor.
868 4029 889 4086 1,
902 4027 927 4078 8.
938 4029 960 4089 5.
971 4028 996 4076 2.
1010 4043 1074 4093 pag.
1084 4025 1118 4077 30
1130 4033 1157 4078 et
1166 4029 1189 4088 5.
1203 4025 1241 4076 Iti.

699 4114 762 4180 pag.
779 4095 822 4145 411.
858 4096 930 4145 Ηὶαο
948 4096 1046 4160 Negris
1063 4096 1169 4162 recepit
1184 4094 1242 4159 Κη-

700 4181 783 4230 paee:
797 4163 896 4228 reliqui
909 4164 1028 4214 editores
1038 4164 1066 4212 iu
1075 4163 1188 4228 vulgata
1199 4179 1243 4212 ac·

700 4233 870 4301 quieveruut.
899 4231 940 4281 Ad
951 4231 1183 4297 significationem
1196 4245 1242 4280 ro*

701 4303 742 4352 cis
754 4295 838 4366 γέρεα
851 4301 982 4363 (moeres,
998 4298 1141 4364 privilegia)
1159 4299 1187 4346 in
1200 4313 1242 4346 se·

701 4369 846 4434 quentibus
865 4367 938 4418 conf.
955 4368 1009 4432 111,
1025 4367 1073 4415 142
1090 4365 1183 4429 iquue
1202 4363 1229 4412 al

700 4437 769 4487 laia.
782 4437 829 4500 IV,
845 4435 901 4488 143.
914 4435 977 4498 VII,
992 4433 1048 4485 134.

1002 4523 1041 4584 17
