3040 4962
454 466 657 527 URANIA.
680 467 770 526 VIII.
795 475 836 530 17.
862 477 900 528 18.
928 476 967 531 19.
1132 532 1135 538 ,
1236 471 1276 534 27

137 633 344 728 ἀπορραγείη
365 634 430 707 άπό
453 641 514 707 τού
537 635 709 728 βαρβάρου
736 637 775 707 τό
801 665 836 708 τε
860 634 1005 710 Ἰωνικὸν
1024 643 1133 728 φύλου
1159 643 1214 710 καὶ
1240 638 1277 711 τὸ

137 737 307 830 Καρικόν,
340 736 409 810 οἷοί
438 767 474 809 τε
501 749 618 828 εἴησαν
643 742 711 808 τω”ν
738 744 863 810 λοιποῖν
890 739 1079 832 κατύπερθε
1105 723 1285 831 γενέσθαιζ

137 840 349 912 ἐλαυνόντων
366 845 434 912 τοῖν
451 837 613 929 Εὐβοέων
631 840 781 930 πρόβατα
800 844 852 910 ἐπὶ
870 839 932 931 τήν
949 841 1144 933 θάλασσαν,
1171 842 1277 935 ταύτῃ

136 947 296 1026 συλλέξας
322 940 400 1023 τούς
427 939 629 1032 στρατηγούς
656 945 751 1030 ἔλεγέ
773 964 853 1032 σφι,
882 938 926 1024 ὦς
954 945 1062 1013 δοκέοι
1090 951 1178 1034 ἔχειν
1203 943 1277 1016 τινά

136 1043 309 1134 παλάμην,
328 1049 370 1134 τῇ
388 1049 510 1129 ἐλπίζοι
528 1047 595 1114 των
613 1047 765 1132 βασιλέος
783 1042 965 1134 συμμάχων
983 1041 1184 1134 ἀποστήσειν
1200 1045 1278 1127 τούς

135 1143 302 1236 άρίστους.
348 1149 453 1216 ταῦτα
480 1149 541 1236 μέν
567 1175 632 1216 νυν
660 1150 692 1226 ἐς
717 1149 856 1216 τοσούτο
882 1145 1107 1237 παρεγύμνου.
1160 1151 1212 1217 ἐπὶ
1241 1149 1277 1217 δὲ

107 1310 114 1324 ,
134 1265 222 1318 τοῖσι
241 1245 419 1336 κατήκουσι
444 1245 611 1337 πρήγμασι
636 1245 714 1316 τάδε
741 1250 876 1336 ποιητέα
894 1269 954 1337 σφι
974 1247 1058 1318 εἶναι
1078 1256 1183 1337 ἔλεγε·
1210 1253 1278 1320 τοῖν

135 1377 173 1420 τε
196 1347 373 1439 προβάτων
394 1351 463 1420 των
480 1345 659 1436 Εὐβοϊκῶν
683 1347 866 1420 καταθύειν
884 1345 947 1420 ὅσα
964 1378 1013 1430 τις
1034 1353 1158 1420 ἐθέλοι·
1184 1353 1277 1440 κρέσ-

136 1471 199 1521 σον
215 1448 280 1542 γάρ
299 1451 384 1521 εἶναι
402 1447 465 1539 τήν
482 1447 641 1541 στρατιήν
660 1457 747 1540 ἔχειν
763 1446 783 1539 ή
802 1448 880 1532 τούς
898 1458 1092 1540 πολεμίους·
1117 1456 1282 1542 παραίνεέ

135 1580 172 1622 τε
194 1569 370 1642 προειπεῖν
392 1569 478 1622 τοῖσι
502 1554 638 1622 ἑωυτῶν
657 1549 815 1634 ἑκάστους
840 1556 909 1643 πάρ
927 1548 1115 1622 άνακαίειν·
1141 1557 1278 1643 κομιδῆς

137 1655 176 1724 oi
201 1652 277 1744 πέρι
294 1652 356 1744 τήν
375 1649 466 1745 ὥρην
484 1650 575 1746 αύτῷ
592 1651 765 1743 μελήσειν,
794 1650 879 1724 ὥστε
896 1649 1029 1735 άσινέας
1047 1651 1226 1725 άπικέσθαι
1246 1658 1278 1736 ές

135 1855 189 1920 tigi
203 1853 238 1904 ed
250 1855 299 1914 ΙΙΙ,
313 1854 354 1904 41.
378 1855 442 1905 bon
455 1869 516 1904 cum
526 1853 680 1919 Schweigh.
766 1852 856 1904 ταῦτα
872 1846 926 1919 μέν
943 1868 998 1904 νυν
1015 1844 1043 1912 ές
1060 1851 1177 1904 τοσοῦτο
1190 1868 1278 1918 παρε-

135 1927 165 1972 et
178 1921 267 1972 Geisi'.
282 1921 344 1972 dedi
357 1914 519 1988 βαρβάρου,
534 1922 604 1986 quod
616 1922 682 1972 libri
733 1914 854 1988 ηύμνου]
871 1923 889 1970 i.
905 1937 929 1972 e.
946 1927 971 1971 e!
988 1922 1035 1972 boc
1070 1924 1151 1972 uidem
1167 1937 1217 1972 ποιι
1229 1924 1281 1972 αλιι·

134 1991 235 2054 scripti
258 1995 388 2054 quantum
409 1990 468 2040 scio
488 2005 581 2040 omues
603 2005 680 2055 proe-
732 1989 853 2040 λοολτπυε
873 1991 975 2054 aperuit
996 1991 1027 2039 t'is
1049 1939 1195 2052 giucibur).
1237 1989 1278 2039 Ao

135 2057 212 2108 bont.
232 2057 380 2108 ExAinno
392 2059 469 2107 fluxit
479 2057 563 2108 lectio
574 2055 681 2124 βαρβα·
732 2058 845 2107 verbum
862 2055 1070 2124 παραγνμνοῦν
1093 2057 1166 2108 coni.
1183 2058 1210 2114 Ι,
1230 2056 1279 2107 196

136 2123 234 2187 ρικοῦ,
253 2141 333 2190 quom
347 2125 552 2176 tenentbiatth.
568 2131 595 2176 et
607 2124 679 2175 Bek·
733 2125 828 2189 ibique
845 2129 913 2175 nott.
949 2125 991 2174 Ad
1008 2125 1175 2176 locutionem
1194 2116 1223 2182 ές
1234 2141 1278 2176 το·

135 2193 211 2254 keu,
229 2198 317 2244 oriem
330 2195 427 2258 opinor
439 2209 453 2242 e
467 2209 543 2257 seqq.
557 2185 682 2243 Ἰωνικὸν
723 2191 817 2244 ’τοῦτο
838 2193 892 2242 vid.
907 2191 994 2244 eIluto
1012 2193 1047 2243 ad
1059 2193 1125 2254 VII,
1139 2191 1181 2242 99.
1195 2219 1229 2228 --
1246 2193 1278 2242 Iu

135 2253 313 2322 ctKuorrro'v.
331 2261 682 2320 Dietscbrectcephibuit
733 2275 808 2325 seqq.
837 2260 924 2310 verba
953 2253 999 2310 ἐπὶ
1025 2262 1098 2310 τοῖσι
1122 2252 1277 2324 κατήκουσι

134 2325 300 2394 βαρβάρου,
318 2330 341 2378 si
355 2330 464 2394 quidem
475 2329 501 2379 h.
515 2328 532 2379 I.
546 2331 578 2379 de
590 2329 681 2378 borba-
733 2322 878 2393 πρήγμασι
890 2327 999 2378 relect:
1023 2343 1072 2392 pro
1088 2331 1222 2391 praesenti
1238 2343 1277 2376 re·

134 2412 221 2446 rorum
244 2398 263 2451 i.
286 2413 310 2446 e.
327 2398 472 2447 Persarum
495 2412 555 2461 repe
581 2397 679 2462 agitur,
733 2413 786 2444 rum
797 2402 867 2445 statu
880 2396 1278 2458 coorerumpraerenrr'umcro-

135 2469 200 2514 uoto
213 2463 324 2514 dicendi
336 2481 399 2524 usu,
418 2465 451 2514 de
470 2480 522 2528 quo
535 2463 589 2514 vid.
603 2463 681 2514 modo
734 2471 795 2520 runi,
817 2468 849 2512 ut
864 2463 939 2512 inire
962 2477 1023 2527 cop.
1043 2461 1085 2512 40.
1105 2460 1161 2511 102.
1199 2460 1278 2512 coni.

135 2531 224 2582 aliato
236 2531 270 2582 ad
280 2533 312 2594 V,
323 2531 365 2582 9⁴.
384 2533 427 2582 De
438 2533 598 2582 confusione
609 2531 682 2582 haud
734 2536 802 2581 nott.
816 2531 851 2580 ad
863 2531 901 2593 V,
914 2528 955 2580 49.

135 2600 306 2664 infrequenti
322 2601 394 2650 inter
411 2591 555 2666 βάρβαρος
573 2605 600 2649 eb
613 2597 681 2664 βαρ·
767 2607 818 2664 σφι
837 2591 914 2649 εἶναι
933 2593 1021 2662 ἔλεγε]
1050 2598 1093 2647 Ita
1118 2613 1132 2647 e
1156 2596 1277 2648 Florent.

134 2659 254 2733 βαρικὸς
267 2668 339 2718 coni.
353 2667 454 2718 Herod.
466 2669 516 2726 III,
530 2667 577 2718 115
590 2667 681 2752 ibiuuc
733 2671 874 2733 receptum
891 2683 939 2732 pro
957 2666 1031 2731 vulg.
1050 2659 1131 2716 εἷναί
1141 2679 1201 2730 σφι.
1237 2666 1278 2716 Ex

134 2739 204 2785 nott.
218 2737 340 2800 Itemque
353 2735 376 2798 I,
391 2733 432 2786 58.
445 2733 487 2786 66.
498 2762 530 2771 -
543 2736 609 2786 Post
622 2751 681 2802 ειη·
733 2749 786 2800 quo
800 2735 894 2785 eodem
907 2751 968 2785 mox
981 2734 1131 2800 repositum
1147 2727 1275 2784 καταθύ-

135 2803 679 2868 oowWerier.inActtpbiIoll.Monucc.
733 2817 777 2853 ειν
794 2791 847 2852 ὅσα
865 2818 906 2860 τις
924 2794 1036 2864 έθέλοι,
1058 2801 1106 2852 ubi
1123 2801 1206 2866 vulgo
1226 2791 1278 2853 ὅσα

134 2871 158 2919 1.
171 2870 402 2936 porhibuit
414 2859 464 2932 άν,
480 2887 532 2936 quo
543 2871 610 2921 mihi
623 2872 680 2936 qui·
732 2887 777 2930 τις
806 2862 903 2921 έθέλοι
929 2862 1100 2921 καταθύειν.
1140 2869 1277 2920 Matthiae

134 2937 197 2988 dem
210 2938 285 2988 houd
297 2953 364 3004 opus
375 2955 434 2989 esse
446 2940 562 2989 videtur.
581 2939 681 2989 Assen-
732 2944 846 3003 utroque
880 2939 942 2989 Ioco
975 2938 1117 3004 vulgatam
1154 2939 1276 3000 retinuit,

134 3007 202 3055 titur
211 3007 317 3070 Reisig.
329 3007 363 3056 ad
373 3006 499 3072 Sophocl.
512 3005 610 3071 Oedip.
621 3006 679 3056 Col.
733 3022 813 3072 quom
831 3005 946 3056 eandem
964 3011 1080 3056 recentt.
1099 3005 1161 3055 edd.
1178 3006 1242 3056 iude
1261 3021 1278 3056 ιι

132 3089 199 3138 pog.
218 3071 283 3136 320,
308 3075 353 3138 qui
371 3075 505 3124 rationem
524 3075 680 3140 particulae
732 3073 861 3124 Bekkero
878 3075 1057 3124 retinuerunt.
1086 3074 1178 3138 Ipsum
1190 3089 1278 3124 κατα-

133 3142 256 3191 omissae
269 3141 384 3192 reddere
396 3143 509 3192 studuit.
733 3134 833 3204 θύειν,
852 3149 978 3205 recreare,
997 3143 1043 3193 vix
1060 3141 1173 3191 multum
1186 3141 1279 3192 differt

169 3201 336 3272 κατύπερθε
357 3203 504 3274 γενέσθαι]
528 3211 545 3258 i.
565 3226 588 3260 e.
606 3225 681 3274 supe·
734 3225 750 3258 a
763 3209 883 3274 simplici
895 3203 982 3259 θύειν
994 3211 1021 3270 Ι,
1034 3208 1094 3259 216.
1112 3209 1277 3265 11.42c011.

132 3278 221 3325 riores
234 3279 296 3338 fieri
310 3279 428 3342 reliquis,
446 3282 477 3326 ut
491 3277 571 3338 VIII,
585 3276 626 3327 69.
639 3277 681 3328 75.
712 3339 714 3342 ¹
732 3278 794 3334 VII,
810 3277 866 3327 197.
897 3267 1047 3343 Εύβοϊκοῖν
1060 3277 1119 3342 (pro
1131 3276 1206 3342 vulg.
1221 3267 1277 3328 Εύ-

136 3341 187 3392 136
200 3341 263 3394 coil.
276 3345 336 3404 Vll,
350 3344 407 3395 233.
421 3345 443 3406 Ι,
457 3344 498 3395 67.
512 3345 544 3406 V,
558 3344 599 3396 69.
625 3347 681 3396 Ito-

136 3424 189 3492 ουρ
219 3409 292 3460 idem
321 3413 379 3462 iere
404 3411 482 3463 velet
508 3417 590 3476 atque
614 3429 681 3477 κρα-

135 3491 206 3526 τειν.

170 3535 261 3620 purity
283 3539 425 3612 συλλέξας]
445 3547 463 3598 i.
482 3564 506 3597 e.
530 3541 608 3612 παρά
629 3544 682 3612 τήν

136 3610 305 3674 θαλασσαν,
324 3615 451 3678 adipsum
468 3631 550 3677 more,
571 3618 624 3680 quii
640 3616 681 3666 illi

135 3679 262 3742 agebant
272 3694 347 3740 oves,
359 3683 432 3745 cogit
441 3684 578 3734 exercitus
588 3683 680 3733 duces.

135 3748 210 3798 Hinc
222 3746 296 3796 male
310 3747 419 3811 quidem
431 3748 515 3800 Codd.
526 3747 682 3814 ταύτην.-

134 3815 168 3864 In
192 3815 316 3880 proxime
340 3831 415 3881 seqq.
441 3811 577 3884 παλάμην
601 3818 681 3869 affert

135 3881 237 3932 Suidas
256 3881 308 3932 III.
330 3899 357 3948 p.
375 3883 391 3932 5
414 3899 551 3948 exponens
567 3881 678 3952 τέχνην.

135 3951 266 4012 Rectius,
285 3950 393 4014 opinor,
413 3950 633 4019 Schweighaeue.
651 3955 680 4005 in

134 4019 204 4067 Lex.
217 4015 321 4068 Herod.
334 4019 367 4068 II.
383 4035 409 4084 p.
426 4017 471 4068 171
486 4021 681 4087 iuterpretatur

135 4101 223 4136 aarum
237 4089 265 4134 ot
276 4088 432 4136 occasionem
451 4087 508 4138 sive
521 4092 582 4138 oium
595 4095 623 4140 et
634 4107 678 4139 ran

135 4155 227 4202 νέουσαι
239 4153 370 4215 efficiendi
380 4156 483 4218 aliquid.
503 4155 546 4205 Gi.
557 4157 679 4222 'I‘hcogu

136 4218 197 4271 639.
213 4219 266 4270 996
288 4227 317 4270 et
333 4220 388 4272 vid.
406 4221 484 4286 pluro
502 4225 530 4272 in
547 4224 679 4274 Thesaur.

137 4287 218 4351 Ling.
233 4288 333 4338 Gracc.
348 4288 408 4338 Vol.
418 4289 465 4339 VI.
479 4307 503 4355 p.
515 4291 547 4341 75
560 4291 602 4342 cd.
613 4293 680 4341 Diu·

137 4353 207 4470 βρτΙ.
242 4356 297 4406 Ρτο
310 4353 445 4422 βασιλῆος
457 4359 587 4424 rescripsi
602 4357 679 4424 βασι-

155 4435 208 4480 coc.

733 3343 863 3410 βοεικῶν)
878 3362 892 3394 c
904 3345 1043 3395 Sancroiti
1055 3345 1125 3394 libro
1136 3344 1277 3408 alteroque

733 3413 796 3463 dedi
814 3428 874 3462 cunr
891 3416 1007 3463 recenti.
1022 3413 1082 3464 edd.
1112 3411 1174 3460 VId.
1189 3411 1278 3460 allatu

734 3481 768 3530 ud
785 3481 839 3542 III,
857 3479 898 3530 89.
934 3481 967 3530 In
984 3481 1077 3530 verbis
1097 3478 1277 3542 sequentibus

733 3564 781 3612 pro
793 3549 866 3598 τοῖσι
885 3538 1021 3598 ἕωυτοῖν
1040 3537 1209 3603 ἑκάστους
1226 3544 1276 3595 Co·

732 3615 781 3665 bet
798 3617 826 3664 iu
838 3615 1006 3677 Mnemosyn.
1020 3615 1066 3664 IX.
1085 3630 1110 3678 p.
1125 3611 1175 3662 288
1192 3611 1278 3664 scribi

732 3683 804 3734 vult:
823 3685 896 3732 τοῖσι
910 3673 1032 3732 ἑωυτοῦ
1045 3675 1192 3732 ἕκαστον.

766 3749 824 3815 πύρ
841 3739 1006 3814 άνακαέειν]
1024 3749 1085 3800 Vid.
1099 3753 1167 3800 nott.
1182 3749 1218 3800 od
1229 3751 1276 3815 IV,

734 3819 789 3870 145.
826 3820 868 3868 Ex
886 3833 937 3882 quo
952 3817 1012 3867 Ioco
1025 3817 1141 3884 aliisque
1155 3819 1195 3868 ibi
1208 3818 1276 3870 ollo-

730 3889 768 3938 tis
784 3886 851 3936 mihi
867 3885 936 3935 eatis
954 3890 1049 3951 putere
1066 3887 1187 3946 videtur,
1206 3887 1276 3950 quod

732 3971 793 4004 mox
810 3954 923 4018 legitur,
947 3953 1015 4018 πῦρ
1032 3945 1275 4020 α’νακαυσάμενοι,

732 4037 828 4072 sunum
858 4037 918 4072 csse
947 4037 1035 4086 neque
1065 4022 1222 4072 mutandum
1247 4022 1276 4070 in

732 4081 822 4152 πυρά
840 4080 1086 4156 ἀνακαυσάμενοι,
1106 4095 1136 4139 ut
1148 4089 1276 4154 proponit

732 4157 821 4208 Cobet
838 4159 867 4207 iu
884 4158 1051 4222 Mnemosyn.
1071 4159 1118 4208 lx.
1137 4173 1200 4222 pag.
1215 4153 1273 4216 288,

733 4227 818 4290 „quio
831 4227 939 4291 ,possim
955 4229 1027 4289 ι’ρυιι
1044 4223 1207 4302 cideburo&
1243 4223 1275 4300 lp

732 4293 852 4357 proxime
866 4309 940 4358 seqq.
959 4293 1051 4344 verbis
1067 4286 1119 4356 τήν
1134 4306 1212 4356 ωρην
1224 4305 1275 4339 αν·
1341 4327 1343 4331 .

732 4358 771 4425 τῷ
782 4354 915 4424 μελήσειν
928 4361 1024 4410 eadem
1040 4358 1117 4408 velet
1128 4363 1274 4434 structura,

734 4443 814 4495 quoru
827 4429 862 4480 ad
875 4429 925 4492 VI,
939 4426 972 4478 63
984 4425 1199 4482 observavimus.
1222 4439 1275 4491 την
