3066 4964
223 461 284 523 340

658 454 922 516 HERODOTI

1213 553 1226 584 0
1287 559 1289 562 ,

224 631 330 715 δέξαι,
359 621 394 706 ὃς
418 623 550 713 τοιήνδε
576 630 706 696 δίαιταν
730 631 814 715 ἔχων
838 614 923 712 ἦλθε
942 629 973 705 ἐς
992 621 1092 715 ἡμέας
1114 622 1202 695 οὕτω
1225 623 1361 714 ὀϊζυρὴν

223 735 356 818 ἔχοντας
374 723 646 816 ἀπαιρησόμενος.
686 731 795 796 Ταῦτα
811 727 873 815 μέν
891 734 1090 815 Παυσανίην
1107 728 1235 814 λέγεται
1254 733 1360 796 εἰπεῖν

176 839 216 901 83
225 826 305 919 πρὸς
332 825 408 908 τούς
431 825 633 916 στρατηγοὺς
656 831 723 896 τῶν
746 822 920 914 Ἑλλήνων.
953 822 1096 920 Ὑστέρφ
1118 831 1230 917 μέντοι
1252 825 1359 919 χρόνῳ

221 926 304 1020 μετὰ
326 932 431 999 ταῦτα
454 931 509 997 καὶ
534 931 601 998 των
619 931 815 998 Πλαταιέων
840 917 939 1017 εὖρον
961 931 1078 1018 συχνοὶ
1101 927 1209 1016 θήκας
1235 932 1360 1018 χρυσοῦ

222 1033 277 1100 καὶ
301 1027 451 1120 ἀργύρου
476 1031 531 1098 καὶ
554 1032 622 1116 τῶν
644 1025 754 1098 ἄλλων
777 1026 960 1119 χρημάτων.
994 1025 1117 1118 'Euda-q
1144 1031 1181 1099 dt
1206 1031 1260 1099 καὶ
1283 1028 1359 1098 ao'ds

221 1129 362 1222 ὕστερον
387 1137 434 1200 ἔτι
457 1128 599 1200 τούτων·
635 1132 702 1199 τοῖν
724 1133 854 1220 νεκρων
877 1133 1172 1220 περιψιλωθέντων
1196 1127 1253 1210 τὰς
1275 1128 1414 1218 ada-730

222 1262 281 1314 νας
311 1228 534 1322 (συνεφόρεον
561 1229 624 1321 γὰρ
649 1227 688 1300 τοὶ
711 1227 809 1300 ὀστέα
838 1235 873 1300 oi
893 1233 1074 1312 Πλαταιέες
1098 1234 1130 1312 ἐς
1154 1234 1213 1302 ἕνα
1236 1231 1358 1321 χαῖρον)

223 1330 346 1424 εὑρέθη
373 1329 501 1420 κεφαλὴ
526 1328 589 1402 οὐκ
621 1339 741 1421 ἔχουσα
765 1329 878 1422 ῥαφὴν
902 1327 1081 1421 οὐδεμίαν,
1117 1328 1200 1402 ἀλλὰ
1226 1336 1259 1414 ἐξ
1287 1328 1378 1412 ἑνός-

257 1493 384 1562 δίαιταν]
405 1496 518 1544 Omnem
532 1495 650 1544 indicari
663 1511 766 1545 coenae
815 1499 930 1559 putcrale
949 1494 1066 1544 indicat:
1092 1511 1144 1560 quo
1167 1496 1261 1545 eodem
1278 1511 1361 1545 sensu

222 1567 353 1615 Persicae
390 1568 570 1628 apparatum,
605 1578 659 1613 non
689 1563 766 1612 cibos
818 1563 890 1626 apud
906 1563 1051 1612 Platonem
1073 1578 1178 1628 quoque
1199 1562 1300 1628 legitur
1316 1564 1359 1612 De

222 1637 342 1693 tantum,
366 1632 415 1679 sed
437 1645 505 1680 vasa
528 1645 633 1694 quoqne
658 1635 686 1678 et
702 1629 765 1678 reli·
817 1630 933 1694 repr.
953 1645 1017 1695 pag.
1030 1631 1078 1678 421
1093 1631 1123 1679 B.
1139 1631 1169 1679 V.
1186 1646 1250 1696 pag.
1260 1629 1313 1679 ’469
1325 1630 1359 1679 ll.

223 1713 303 1763 quarn
313 1697 513 1761 supellectilem
526 1699 675 1762 pretiosam
688 1701 766 1746 notat
816 1697 907 1746 Voces
924 1696 968 1746 τοί
974 1713 991 1746 ν
1003 1687 1096 1746 ἄλλων
1109 1689 1272 1762 χρημάτων,
1292 1713 1360 1760 quas

222 1765 376 1829 Schweigh.
391 1767 419 1813 in
432 1765 499 1814 Lex.
514 1764 613 1816 Herod.
627 1765 648 1813 Ι.
661 1780 692 1838 p.
707 1763 764 1812 157.
817 1763 1095 1828 Schweighaeuserus
1108 1765 1201 1815 eodem
1213 1765 1270 1814 iere
1281 1764 1359 1814 modo

223 1859 254 1871 -
287 1833 319 1882 ln
348 1847 423 1896 seqq.
458 1831 625 1881 adieetivum
653 1823 765 1892 οϊζορός
817 1847 868 1896 quo
889 1847 938 1880 nos
963 1838 1005 1880 est
1029 1833 1238 1896 interpretatus,
1263 1837 1362 1897 pastea

222 1899 402 1962 (aestimamus,
417 1899 512 1959 ιιιίοιν),
526 1898 602 1948 euius
615 1897 764 1946 loeoAtlre-
816 1899 888 1947 idem
906 1899 934 1947 in
952 1899 1045 1948 Lexie.
1064 1900 1195 1950 llerodot.
1214 1899 1251 1949 ll.
1269 1916 1295 1963 p.
1309 1898 1360 1949 323

221 1982 308 2016 naeus
329 1966 347 2015 l.
374 1965 392 2014 l.
420 1965 548 2014 adhibuit
576 1963 763 2027 ταλαίπωρος,
816 1971 928 2031 propter
945 1966 1091 2016 articulum
1108 1965 1164 2016 τῶν
1182 1967 1261 2017 aliter
1279 1965 1360 2016 intel·

221 2034 398 2084 Homericum
423 2039 477 2094 σοις
508 2032 561 2084 vid.
586 2032 628 2082 Ili.
653 2033 678 2093 Ι,
705 2032 763 2080 417.
816 2033 867 2098 ligi
880 2033 976 2096 voluit,
989 2039 1019 2083 ut
1031 2034 1087 2083 siut
1099 2035 1216 2098 genitivi
1233 2033 1362 2098 partitivi

221 2102 299 2162 XIII,
311 2099 369 2160 569.
387 2099 536 2157 xviima
556 2099 654 2164 Odyss.
665 2099 763 2158 litut.
817 2101 862 2164 qui
885 2107 1033 2161 vocantur,
1067 2103 1164 2166 quibus
1188 2101 1361 2184 intelligatur

222 2169 272 2230 IV,
298 2165 431 2218 192325.
465 2168 506 2216 De
528 2172 689 2232 argumento
711 2166 764 2218 loei
816 2163 865 2216 καὶ
877 2161 962 2232 μέρος
975 2169 1034 2218 sive
1052 2167 1104 2218 καί
1114 2167 1248 2219 vivarais
1264 2169 1361 2218 αλλων

222 2237 263 2287 sic
286 2237 489 2299 Wesaeliaq..·
519 2234 679 2296 „Mandonii
697 2233 765 2284 deli·
817 2227 981 2300 χρημάτωντ
1003 2239 1175 2296 „inuenerant
1191 2243 1298 2300 pateras
1314 2253 1360 2285 aa·

222 2305 281 2354 cias
298 2303 501 2367 etsuperfluum
520 2302 682 2368 adparatum
694 2302 766 2352 Pau·
817 2317 877 2352 reas
898 2309 923 2352 et
944 2311 1080 2366 arpenteas
1102 2305 1255 2370 aliarumque
1276 2320 1361 2354 reram

221 2372 329 2432 sanias,
348 2386 402 2420 nan
420 2371 544 2420 absentis
556 2372 703 2420 Persarum
724 2385 764 2418 re·
813 2372 986 2434 pretiosarum
1008 2373 1167 2422 nonnullas.“
1198 2373 1229 2420 ln
1247 2387 1299 2436 quo
1316 2387 1359 2420 me

222 2441 278 2505 gis,
298 2438 458 2504 perstringit
477 2443 505 2487 et
521 2443 608 2488 taxat.
637 2437 766 2486 Additum
817 2437 926 2502 quidem
951 2439 1147 2489 assentientem
1171 2438 1244 2488 haud
1266 2439 1360 2499 habet,

222 2496 295 2558 οὕτω
311 2499 437 2570 ἱοίζορήν
460 2499 577 2570 ἔχοντας
595 2503 712 2554 δίαιταν
729 2504 765 2553 ir·
817 2505 863 2569 qni
890 2505 1006 2555 articulo
1031 2505 1087 2557 tale
1117 2505 1182 2570 quid
1206 2505 1360 2571 significari

222 2574 325 2634 ruenti,
349 2578 380 2622 ut
400 2574 560 2626 ferocientis
580 2573 710 2637 impetum
729 2572 764 2620 si·
816 2573 842 2622 h.
866 2571 884 2621 l.
897 2587 993 2648 ,παρος
1024 2574 1072 2622 sed
1095 2574 1204 2624 additur
1227 2572 1360 2623 articulus

223 2646 343 2702 sterent,
367 2640 466 2689 Carolo
487 2639 594 2690 Audaci
614 2641 712 2689 testati
730 2639 764 2687 de
816 2639 973 2698 κοοίαλλος
986 2640 1210 2701 semianimum,
1225 2639 1360 2705 quoalias

222 2724 252 2758 se
265 2723 386 2772 suaeque
399 2707 520 2773 regionis
532 2707 629 2756 habitu
642 2705 765 2755 Helvetii
817 2708 979 2772 saepissime
1006 2709 1116 2758 additur
1144 2713 1173 2758 et
1202 2707 1361 2772 plerumque

222 2776 343 2836 luerunt,
362 2775 456 2824 eodem
469 2774 599 2824 Comineo
612 2773 698 2822 lib.V.
709 2789 733 2822 a.
745 2772 764 2822 l.
817 2775 939 2824 redditur
953 2783 1108 2839 praeterea:
1126 2777 1163 2824 es.
1183 2776 1261 2826 modo
1276 2774 1360 2824 Stall-

221 2842 334 2891 Memor.
349 2840 541 2905 perhibente.“
818 2843 908 2892 baum.
923 2843 958 2892 ad
974 2843 1083 2894 Platon.
1101 2843 1144 2892 De
1163 2859 1219 2908 rep.
1237 2843 1299 2902 vn,
1319 2841 1359 2896 11.

818 2913 854 2974 (p.
868 2908 918 2961 530
930 2910 973 2974 A.)
990 2912 1025 2974 X,
1040 2910 1078 2960 15.
1092 2909 1129 2975 (p.
1142 2909 1192 2960 618
1204 2909 1250 2974 A.)
1266 2910 1360 2974 ibique

376 3008 441 3058 οη.
461 3009 613 3058 nxxxm.
660 2993 661 2996 ’

256 3099 363 3172 ὑστέρῳ
371 3102 467 3173 μέντοι
481 3101 572 3174 χρόνῳ
583 3102 654 3173 μετὰ
665 3107 764 3174 ταῦτα]

222 3177 284 3226 Duo
301 3183 440 3226 extremae
463 3193 545 3226 voees
564 3177 635 3227 male
653 3177 688 3226 ab
711 3192 764 3226 uuo

224 3244 282 3295 eod.
297 3244 404 3294 absunt.
429 3243 472 3294 Cf.
485 3245 532 3303 IX,
545 3243 578 3294 m
590 3245 682 3309 ibique
696 3249 764 3294 nott.

222 3311 265 3392 dp.
304 3312 337 3362 In
360 3328 436 3430 seqq.
466 3306 563 3376 θήκας
587 3310 692 3376 χρυσοῦ
715 3309 765 3389 καὶ

222 3373 349 3446 αρνιίρου
378 3395 415 3430 κα
451 3378 507 3429 τῶν
535 3373 629 3430 ἄλλων
657 3395 765 3445 χρημα-

222 3465 277 3499 των
288 3449 388 3498 Noster
404 3448 473 3497 dixit
489 3464 551 3498 οντα
568 3464 589 3498 s.
603 3463 679 3498 arcae
691 3463 764 3510 arara,

221 3523 328 3582 arpenta
341 3519 446 3581 aliisque
458 3517 597 3566 huiusmodi
607 3515 682 3565 rebus
692 3515 763 3580 (pre-

222 3585 312 3647 tiosis)
329 3587 449 3648 repletas,
469 3583 694 3648 quemadmodum
708 3583 762 3632 llo·

223 3667 312 3702 merus
336 3652 406 3701 dixit
423 3651 490 3713 (Od.
510 3653 550 3712 Π,
566 3649 631 3712 340)
655 3648 764 3707 πίθους

223 3716 315 3770 alvaro
336 3721 405 3768 dolia
425 3721 480 3768 vino
501 3722 601 3782 repleta
623 3723 671 3768 aut
694 3717 774 3779 (Od.'

223 3786 271 3846 lx,
287 3783 347 3848 196)
364 3775 454 3834 ιῖσκόν
467 3782 559 3836 alvaro
577 3791 688 3850 atquae
702 3789 764 3834 sunt

224 3852 280 3901 alia
297 3852 377 3900 huius
395 3854 504 3916 generis
522 3853 595 3918 npud
613 3853 681 3903 alies
699 3867 765 3916 quo·

224 3933 275 3983 qus
284 3919 433 3984 scriptores
442 3919 533 3970 obvia.
551 3922 593 3971 De
606 3936 674 3971 voce
684 3915 764 3985 θήκη

223 3987 278 4036 iam
299 3985 416 4036 diximus
437 3988 466 4036 in
486 3993 551 4038 nott.
575 3989 609 4038 ad
629 3989 678 4049 111,
703 3986 763 4038 130:

223 4053 321 4119 quibus
334 4053 412 4114 adde,
431 4070 500 4120 quae
517 4055 596 4120 plura
608 4056 641 4105 de
654 4055 707 4104 bae
719 4072 765 4106 vo-

224 4122 265 4170 cis
283 4113 361 4186 θήκρ
379 4121 582 4186 significatione
600 4123 705 4188 profert
716 4124 765 4174 Ja-

224 4189 290 4238 cobs
313 4189 341 4238 in
363 4189 522 4240 Zeitsehrilt
545 4191 564 4240 t'.
586 4190 765 4241 Alterthums-

222 4257 295 4306 wiss.
311 4255 383 4306 1839.
397 4273 460 4323 pag.
471 4257 532 4319 7683
552 4257 615 4307 aliis
628 4259 699 4323 apud
711 4259 764 4308 No-

223 4327 306 4372 strum
319 4323 387 4374 loeis
414 4325 451 4384 ΙΙ,
464 4324 505 4386 m,
519 4325 566 4375 ubi
579 4325 632 4374 vid.
645 4331 712 4375 nott.
726 4327 762 4390 11,

226 4389 281 4442 136.
300 4393 351 4456 lx,
370 4389 402 4441 85
438 4387 517 4457 θήκη
538 4393 702 4443 conditariam
722 4408 762 4442 se·

818 2979 916 3028 citata.

852 3035 946 3109 έφιὶνη
965 3038 997 3094 δὲ
1014 3039 1063 3094 καλ
1080 3039 1147 3095 τόδε
1168 3032 1288 3108 ὕστερον
1309 3038 1360 3094 ἔτι

816 3107 922 3163 τούτων
939 3128 964 3162 ιι.
983 3129 1007 3162 τ.
1026 3109 1065 3176 λ.]
1089 3106 1129 3162 ἔτι
1148 3127 1162 3162 ο
1179 3113 1361 3163 Valckenarii

817 3183 977 3230 coniectura
996 3181 1114 3244 positum
1134 3196 1183 3245 pro
1204 3179 1278 3246 vulg.
1301 3171 1359 3244 tat,

816 3247 888 3312 quod
901 3263 962 3298 eum
969 3246 1120 3297 Sahaefero
1134 3245 1361 3298 tuenturBelilre-

816 3329 861 3364 rus
879 3321 906 3364 et
918 3315 1058 3373 Dindorf.‚
1078 3315 1202 3380 quodque
1220 3315 1265 3364 hie
1283 3319 1360 3365 stare

816 3397 895 3446 posse
914 3397 998 3447 nego,
1021 3383 1169 3448 siquidem
1192 3383 1361 3432 coniunctim

815 3449 942 3514 leguntur
962 3441 1055 3514 ἐφιίνη
1074 3443 1106 3500 dt
1128 3447 1178 3500 καὶ
1195 3445 1261 3500 τόδε
1278 3439 1359 3500 ὔστε-

816 3531 867 3580 ρον
889 3509 936 3568 int
953 3511 1060 3568 τούτων
1077 3515 1132 3566 τῶν
1150 3515 1258 3583 νεκρῶν
1279 3531 1358 3580 περι·

815 3578 1003 3646 ψιλωθέντων
1016 3579 1066 3642 τὰς
1079 3580 1199 3649 adquae:
1219 3599 1302 3649 qnare
1316 3601 1358 3634 re-

814 3651 883 3716 liqui
901 3646 942 3702 έτι
966 3656 1048 3717 atque
1066 3657 1128 3717 post
1144 3649 1251 3703 τούτων
1273 3653 1359 3702 iuter·

814 3721 989 3784 punctionem
1007 3720 1097 3784 posui,
1123 3721 1193 3784 quod
1209 3719 1271 3770 ideo
1289 3719 1360 3769 feeit

815 3787 989 3848 Dietselrius;
1012 3787 1096 3838 verba
1113 3785 1169 3836 τοΞν
1189 3785 1297 3852 νεκροῐν
1308 3801 1359 3837 πε-

816 3861 877 3917 ριφ.
899 3847 951 3912 τὰς
969 3851 1076 3934 σάρκας
1096 3856 1237 3919 pertinent
1258 3855 1292 3904 ad
1314 3845 1359 3904 εό-

816 3915 890 3987 vien
908 3921 1019 3987 κεφαλη
1040 3938 1066 3971 κ.
1082 3937 1106 3976 τ,
1120 3921 1144 3973 λ.
1180 3923 1266 3972 Recte
1285 3923 1359 3972 enim

819 3989 1072 4040 Valckenarius:
1100 3995 1181 4051 „tum
1202 3996 1293 4054 pastea
1313 3992 1358 4040 de-

816 4073 892 4116 mam,
913 4059 1014 4107 nudatis
1026 4073 1104 4108 carne
1116 4057 1294 4120 cadaueribus,
1314 4059 1360 4108 ad-

815 4127 933 4188 paruisse
950 4119 1026 4189 τότε,
1051 4141 1149 4189 nempe
1167 4123 1209 4187 id,
1236 4125 1307 4190 quod
1325 4126 1359 4176 de

815 4195 903 4242 arania
915 4195 969 4243 εἰπε
980 4200 1070 4243 aratura
1088 4197 1116 4242 et
1128 4192 1161 4242 de
1174 4196 1280 4243 maxilla
1297 4209 1358 4258 pro-

816 4259 900 4320 ditur,
923 4261 1062 4310 sententia
1080 4259 1269 4310 declararet.¹‘

848 4319 979 4391 κεφαλὴν
995 4317 1047 4378 ada
1071 4321 1175 4391 ἔχοντα
1193 4320 1294 4392 ῥαφὴν
1311 4317 1359 4378 οὗ·

815 4391 930 4457 δεμίαν]
954 4395 971 4443 i.
991 4411 1015 4446 e.
1038 4402 1115 4459 caput
1135 4402 1247 4446 saturam
1264 4394 1361 4446 labens
