2984 4962
268 433 329 494 428
680 423 991 486 COMMEN'PATIO

268 619 338 672 quaa
359 599 412 652 alia
434 597 588 670 antiquitus
606 597 786 666 exstiterunt,
811 614 827 649 a
847 597 952 650 Nostro
973 596 1098 666 inspecta
1117 613 1179 648 esse
1196 593 1316 646 arbitror
1331 603 1361 646 et
1373 594 1400 646 in

267 703 346 739 usum
362 701 441 737 saum
459 689 601 737 conversa.
638 684 693 736 Sed
713 682 873 736 remotiores
887 676 1033 737 Persarum
1055 681 1134 750 regni
1156 678 1314 750 provincias
1329 679 1401 732 baud

267 771 370 824 adiisse
384 769 508 836 videtum
528 767 599 820 vidit
614 768 698 836 igitur
709 763 901 836 neque'Ariam
915 783 1005 836 neque
1016 766 1150 820 Bactriam
1162 781 1251 834 neque
1263 763 1331 816 alias
1345 771 1400 816 ter-

267 873 327 922 ras,
343 871 457 926 quarum
471 854 499 906 in
511 852 725 908 luculentissima
736 851 1088 920 satrapiarumsecensione
1100 851 1150 918 111,
1162 852 1197 905 80
1208 867 1286 918 seqq.
1300 848 1400 902 mentio

269 942 316 1006 lit3
338 956 428 1010 neque
443 938 568 1006 dubium,
587 938 653 1008 quin
670 955 741 1007 qaae
756 937 789 988 de
806 938 883 991 ladio
896 937 983 988 refert
997 935 1047 1002 lll,
1062 937 1096 990 08
1112 952 1208 1004 seqq,
1224 953 1239 986 e
1253 933 1400 986 Persarum

268 1025 417 1078 aliorumve
433 1024 566 1077 hominum
583 1021 713 1076 fluxerint
726 1021 940 1074 narrationibus.
969 1021 1013 1073 Cl.
1031 1027 1100 1072 nott.
1116 1019 1152 1074 Τ.
1167 1018 1203 1073 ll.
1216 1037 1243 1087 p.
1256 1021 1309 1072 084
1319 1037 1399 1088 seqq.

268 1111 368 1180 Neque
382 1113 514 1177 Atacem,
530 1107 642 1178 opinor,
659 1105 741 1173 vidit,
765 1105 866 1174 dequo
880 1105 965 1158 fluvio
981 1111 1058 1158 tanta
1071 1111 1115 1157 est
1126 1105 1246 1157 virorum
1260 1103 1401 1156 doctorum

268 1195 423 1260 dissensio;
439 1195 474 1246 cl.
488 1198 557 1246 nott.
573 1191 606 1244 ad
621 1191 644 1260 1,
656 1195 716 1245 202.
749 1191 827 1243 Mare
842 1190 962 1243 indicum
978 1189 1052 1260 quod
1067 1195 1167 1243 vocant
1177 1188 1321 1257 sinumque
1333 1186 1401 1240 Per-

269 1280 354 1332 sicum
367 1279 564 1350 pernavigasse
578 1276 747 1329 Herodotum
762 1275 837 1342 iure,
853 1275 877 1326 ai
893 1275 958 1344 quid
973 1274 1069 1342 video,
1088 1281 1170 1342 negat
1180 1273 1274 1340 Heyse
1290 1291 1317 1341 p.
1333 1275 1402 1338 104,

269 1365 357 1417 sinum
379 1363 521 1416 Arabicum
544 1362 616 1433 quod
638 1362 755 1414 affirmat
775 1361 810 1412 ab
830 1359 904 1412 locos
925 1359 1204 1428 11,15οε111,11,
1227 1357 1352 1427 equidem
1372 1357 1404 1408 id

269 1465 352 1502 unum
367 1448 431 1500 inde
445 1447 535 1516 colligi
552 1463 634 1516 posse
648 1455 729 1515 puto,
744 1445 913 1498 Herodotum
927 1444 1047 1497 adhunc
1061 1443 1149 1498 sinum
1164 1441 1285 1513 pedestri
1301 1441 1404 1494 itinere

269 1533 430 1604 pervenisse
447 1533 542 1585 videri.
1228 1517 1236 1536 ⁸

354 1617 394 1668 ud
413 1614 641 1687 septentrionales
657 1613 739 1668 Asiae
757 1615 852 1685 plagas
873 1614 898 1666 si
918 1631 970 1666 nos
991 1618 1142 1680 vertamus,
1167 1615 1281 1682 apparet
1301 1629 1316 1663 e
1333 1610 1405 1663 loeis

270 1703 307 1769 ll,
325 1704 374 1757 104
392 1701 452 1754 coll.
470 1701 518 1767 IV,
531 1703 590 1755 105.
605 1700 652 1766 IV,
669 1702 717 1765 80,
736 1700 764 1752 in
778 1685 927 1754 'ocultum
942 1698 1052 1752 venisse
1065 1697 1249 1762 Herodotum,
1267 1695 1313 1747 illa
1328 1696 1405 1749 haud

270 1787 327 1842 scio
343 1805 375 1840 an
392 1786 548 1853 occasione,
572 1802 625 1854 qua
644 1783 708 1838 nari
723 1791 819 1838 vectus
835 1788 863 1836 et
878 1783 984 1836 Olbiam
1007 1791 1035 1836 et
1049 1782 1169 1853 reliquas
1184 1782 1352 1834 Graecorum
1372 1782 1405 1832 in

269 1870 316 1924 illa
331 1872 411 1924 Ponti
425 1871 527 1924 Euxini
544 1886 593 1922 ora
608 1869 676 1922 sitas
692 1869 813 1922 colonias
827 1869 933 1922 invisit.
964 1867 1036 1920 Hinc
1050 1865 1180 1919 Colchide
1194 1865 1333 1934 Phasique
1348 1867 1404 1919 au-

270 1957 315 2009 rio
328 1955 419 2008 Asiam
431 1955 539 2008 omnino
554 1953 693 2008 terminari
709 1959 844 2006 statuerat
858 1972 908 2023 pro
922 1952 996 2006 illius
1010 1953 1108 2004 aetatis
1124 1950 1261 2004 sententia
1273 1959 1406 2020 recepta:

271 2041 328 2093 vid.
343 2040 398 2108 lV,
413 2043 447 2094 45
463 2039 557 2109 ibique
572 2045 640 2092 nott.
661 2037 736 2109 (Vol.
755 2038 792 2092 Il.
810 2057 836 2108 p.
856 2038 921 2106 300)
941 2036 1001 2092 coll.
1017 2039 1059 2092 38.
1078 2041 1122 2092 47.
1167 2036 1265 2105 Neque
1283 2053 1349 2088 vero
1367 2037 1406 2088 ad

270 2124 418 2180 interiores
434 2125 550 2176 Caucasi
568 2123 663 2194 plagas
679 2132 839 2192 montesque
854 2125 904 2193 (cl.
922 2123 944 2190 l,
959 2123 1040 2188 203),
1057 2137 1145 2190 neque
1160 2121 1194 2173 ad
1208 2119 1339 2189 Caspium
1355 2137 1405 2172 us-

271 2227 325 2280 que
344 2227 430 2278 mare,
458 2209 537 2262 cuius
558 2217 645 2261 tamen
658 2213 811 2263 accuratam
828 2207 922 2260 habuit
937 2207 1059 2260 notitiam
1079 2207 1129 2278 (ci.
1151 2213 1220 2258 nott.
1236 2204 1270 2256 ad
1285 2204 1320 2270 1,·
1336 2207 1408 2271 202)

271 2313 360 2366 neque
377 2296 411 2348 ad
425 2294 587 2362 Scytharum
604 2292 659 2346 illic
673 2293 828 2361 vagantium
849 2301 938 2346 terras
954 2307 1121 2361 progressus
1136 2309 1199 2344 esse
1214 2289 1339 2342 videturr
1361 2297 1407 2354 ut,

270 2397 341 2451 qaae
358 2379 391 2433 de
408 2380 451 2432 his
470 2379 649 2433 inveniuntur
664 2379 779 2445 tradita,
800 2377 913 2431 aliorum
934 2395 950 2430 e
965 2375 1135 2430 sermonibus
1150 2373 1264 2428 fluxisse
1278 2375 1409 2444 putanda

271 2466 336 2518 sint.
371 2465 452 2518 Cous.
470 2471 538 2518 nott.
552 2465 585 2516 ad
601 2464 623 2532 I,
636 2467 697 2520 202.
711 2463 771 2516 Vol.
784 2463 806 2516 1.
820 2482 847 2532 p.
859 2465 910 2518 403
927 2469 955 2516 et
967 2464 1027 2514 408.
1044 2459 1104 2512 coll.
1116 2460 1139 2527 1,
1152 2462 1213 2514 203.
1230 2459 1335 2527 Heysio
1352 2459 1373 2511 l.
1389 2460 1407 2515 l.

270 2568 296 2619 p.
314 2553 373 2604 104.
391 2553 450 2606 105.
489 2548 723 2618 septentrionales
738 2549 868 2617 Europae
879 2554 1001 2612 tractus,
1022 2545 1069 2614 qui
1084 2545 1246 2612 Scytharum
1260 2543 1345 2613 vulgo
1361 2545 1409 2597 di-

271 2641 385 2702 cuutur,
398 2652 414 2687 s
429 2634 510 2686 Ponti
526 2633 628 2686 Euxini
646 2651 694 2686 ora
705 2633 821 2685 Graecis
837 2631 941 2685 colonis
957 2629 1060 2700 repleta
1074 2628 1286 2700 septentrionem
1301 2647 1410 2684 versus

271 2727 401 2773 extensos
422 2719 513 2787 aliqua
533 2723 607 2771 certe
625 2717 732 2771 ratione
750 2716 890 2786 inspectos
914 2734 975 2770 esse
994 2715 1027 2767 ab
1046 2715 1200 2783 Herodoto,
1222 2731 1237 2766 a
1260 2731 1327 2767 vero
1347 2733 1410 2767 non

270 2819 386 2873 prorsus
403 2803 551 2856 abhorrere
570 2802 692 2870 videtur,
716 2800 741 2854 si
756 2808 906 2854 accuratam
924 2809 951 2853 et
966 2800 1102 2870 copiosam
1117 2800 1197 2853 huius
1213 2798 1337 2866 regionis
1354 2799 1411 2852 de-

271 2887 445 2956 scriptionem
457 2886 643 2956 reputaveris,
659 2903 737 2955 quam
750 2887 844 2940 merito
857 2886 910 2938 lide
923 2885 1030 2952 dignam
1042 2885 1106 2938 etin
1120 2884 1226 2954 optimis
1238 2883 1324 2936 totius
1337 2901 1410 2953 ope·

271 2974 310 3026 ris
326 2972 450 3040 partibus
465 2970 613 3024 habendam
629 2971 732 3023 iudicat
747 2971 850 3024 Grote:
869 2970 985 3038 History
1003 2971 1033 3022 oi
1046 2971 1150 3023 Graece
1165 2969 1217 3021 lll.
1232 2987 1259 3039 p.
1272 2971 1325 3022 320
1341 2969 1411 3022 coll.

270 3056 323 3110 lad.
341 3073 357 3106 a
370 3055 579 3108 Wlatersheim:
602 3055 767 3108 Gesehichte
782 3055 808 3108 d.
826 3054 1125 3122 Viillrerwanderungg.
1141 3055 1177 3108 ll.
1191 3071 1218 3123 p.
1233 3055 1294 3110 347.
1333 3054 1412 3107 Vide

271 3141 312 3194 sis
326 3142 419 3208 modo,
437 3139 579 3209 implora,
599 3135 646 3206 lV,
661 3143 695 3194 40
710 3157 788 3211 seqq.
807 3140 854 3206 IV,
873 3142 906 3194 80
921 3139 1014 3209 ibique
1034 3145 1102 3192 nott.
1119 3138 1165 3206 lV,
1181 3141 1225 3210 81,
1246 3145 1275 3190 et
1289 3140 1367 3196 cous,
1388 3141 1412 3208 l,

274 3227 331 3278 105.
353 3224 672 3294 11,103.111,5.7.8,
693 3225 740 3277 ubi
759 3225 793 3278 ad
808 3225 925 3292 Scythas
947 3231 1074 3277 auctores
1096 3231 1235 3293 provocat.
1274 3222 1413 3294 Reliqua,

272 3327 342 3380 quaa
358 3312 410 3364 huc
425 3308 544 3375 faoiuut,
564 3309 641 3362 tantia
663 3309 798 3364 industrii
818 3303 951 3362 indicavit
967 3309 1061 3376 Heyse
1075 3308 1093 3362 l.
1110 3309 1127 3361 l.
1144 3327 1171 3378 p.
1190 3309 1354 3374 lar-133,
1381 3317 1415 3362 ut

273 3394 338 3448 nihil
353 3414 420 3448 saue
437 3393 538 3446 addere
554 3411 605 3462 ego
623 3395 742 3448 habeam.
777 3397 858 3448 Hunc
876 3394 899 3448 si
915 3410 1074 3464 sequamur,
1099 3409 1187 3462 usque
1202 3393 1236 3446 ad
1250 3393 1413 3460 Borysthe-

272 3498 331 3533 nem
345 3481 373 3534 in
388 3479 519 3548 Hylaeum
537 3479 675 3548 regionem
690 3480 848 3534 Herodotus
864 3479 1032 3550 penetravit,
1049 3477 1156 3531 Gerrho
1172 3477 1257 3530 fluvia
1273 3477 1414 3532 itinerum

271 3566 387 3618 termino
403 3563 563 3618 constituto.
598 3565 666 3618 Mihi
677 3565 721 3618 vir
733 3565 843 3618 multam
855 3565 992 3616 introrsus
1008 3563 1042 3616 ad
1057 3562 1115 3616 loca
1125 3562 1324 3616 mediterranea
1339 3580 1413 3632 pro-

271 3667 388 3718 gressus
402 3667 464 3703 esse
479 3648 588 3702 videtur
602 3651 777 3718 Herodotus,
794 3667 874 3720 quem
889 3650 973 3716 magis
990 3649 1094 3702 credam
1109 3647 1137 3700 in
1152 3647 1268 3702 Graecis
1285 3646 1416 3701 coloniis

272 3735 306 3788 ad
322 3734 561 3803 septentrionalem
575 3734 656 3788 Ponti
672 3753 745 3788 oram
760 3735 878 3788 conditis
894 3741 1047 3786 versantem
1064 3731 1200 3801 ascytbis
1216 3749 1248 3785 ex
1263 3731 1414 3786 interiori-

272 3821 324 3872 bus
338 3819 499 3888 regionibus
515 3819 567 3872 huc
582 3821 732 3874 commercii
749 3837 832 3873 causa
846 3818 977 3890 proiectis
991 3818 1146 3888 accepisse,
1169 3833 1355 3888 quaecunque
1378 3820 1417 3872 de

273 3904 315 3956 hir
335 3904 404 3973 ipsis
419 3903 578 3972 regionibus
592 3923 739 3976 earumque
753 3905 851 3958 incolis
865 3903 1008 3958 memoriae
1022 3898 1187 3975 prodidit*).
1224 3903 1286 3954 Huc
1302 3903 1418 3971 resero,

273 4005 343 4058 quae
357 3988 413 4056 IV,
431 3992 534 4044 22-30
550 3989 587 4044 da¹
599 3991 703 4058 Iyrcis,
725 3989 919 4055 Issedonibus‚
936 3987 1014 4056 aliis,
1029 4005 1099 4059 quae
1114 3987 1167 4055 111,
1185 3989 1309 4042 100101
1327 4005 1419 4060 seqq.

273 4074 307 4126 de
326 4074 505 4142 Agathyrsis,
521 4075 640 4144 Neuris,
660 4075 793 4143 Budinis,
817 4073 948 4139 Gelonis,
971 4073 1032 4126 aliis
1047 4075 1161 4142 profert.
1198 4073 1241 4124 Ex
1257 4087 1306 4124 ora
1323 4071 1420 4126 Ponti

273 4159 481 4228 septentrionali
498 4160 628 4213 maritimo
650 4160 836 4230 potiusquam
857 4159 978 4230 pedestri
997 4159 1096 4212 itinere
1116 4157 1142 4210 in
1165 4157 1277 4227 patriam
1294 4173 1419 4226 regres-

341 4354 365 4420 *)
385 4356 460 4407 Idem
479 4357 537 4406 lere
550 4357 648 4407 statuit
660 4359 786 4408 Hauaen:
805 4355 959 4420 Osteuropa
976 4371 1039 4420 pag.
1052 4355 1082 4414 0,
1101 4357 1220 4420 itemque
1233 4352 1350 4406 Kolster
1372 4357 1419 4406 in:

274 4423 391 4476 Jahrbb.
410 4425 429 4475 f.
448 4423 584 4488 Philolog.
603 4423 695 4490 Suppl.
714 4425 774 4477 Vol.
792 4425 854 4476 1111.
872 4439 936 4489 pag.
954 4423 1012 4474 504.
