3074 4960
525 451 729 512 URANIA.
753 454 842 512 VIII.
866 461 909 516 76.
932 461 976 517 77.

1256 461 1315 520 117

326 611 407 682 Ἀλλ’
422 610 495 680 όταν
507 607 675 698 Ἀρτίμιόος
692 612 856 700 χρυσαόρου
870 613 952 700 ίερόν
967 608 1062 699 ἄντην

330 721 418 801 νηυσί
431 716 642 802 γεφυρώσωσι,
660 719 711 782 sel
725 721 857 799 εἰναλίην
872 718 1078 806 Κυνόσουραν,

329 821 423 884 lietb
441 822 605 906 μαινομένῃ
621 812 747 904 λιπαρός
765 821 922 902 πέρσαντες
934 815 1077 902 Ἀθήνας,

329 925 378 988 tta
396 925 474 1004 Δίκη
494 923 609 1004 σβέσσει
627 916 768 1006 κρατερόν
790 919 905 1004 Κόρου,
917 919 1041 1006 Ὕβριος
1055 917 1131 1002 υίόν,

176 1097 274 1146 merito
292 1096 406 1146 retinuit
422 1085 594 1158 καταβάλλει
613 1110 659 1160 pro
673 1111 720 1146 αα-

177 1181 212 1214 τα
232 1163 305 1214 αλεῑ.

206 1161 363 1297 'loripedes
385 1225 554 1296 χρυσαόρου)
574 1231 592 1280 i.
612 1247 635 1281 e.
657 1232 718 1282 Ilia-

176 1317 224 1351 nae
237 1315 337 1350 aureum
350 1315 433 1348 ensem
446 1300 580 1364 aestuatis.
616 1299 720 1349 Eodem

176 1383 209 1418 eo
248 1367 337 1418 omine
350 1371 463 1416 ornatur
474 1365 572 1432 Apollo
588 1367 616 1416 in
629 1365 672 1416 lli.
686 1368 718 1428 V,

176 1383 246 1486 billi]
246 1435 308 1496 XV,
322 1433 380 1484 256.
398 1435 497 1498 Hymn.
516 1435 545 1484 ln
557 1433 647 1500 Apoll.
662 1433 718 1495 123,

175 1503 193 1553 i.
208 1519 232 1554 e.
245 1518 323 1554 mereo
334 1503 420 1568 plodio
433 1504 569 1552 instructus
585 1499 719 1566 (χρυσοῦν

175 1560 229 1634 ἆορ
244 1563 327 1636 ἔχων,
346 1558 432 1619 όέστι
446 1563 607 1634 φάσγανον,
630 1575 660 1619 ut
673 1585 718 1620 ex-

175 1639 281 1704 plicant
308 1637 481 1704 grammatici
509 1637 636 1700 Graeci),
664 1637 719 1688 nisi

175 1705 257 1756 malis
281 1705 316 1756 ad
340 1720 432 1754 areum
457 1703 537 1754 huius
561 1705 605 1755 dei
631 1705 718 1767 aegit·

174 1780 254 1826 tasve
272 1773 382 1838 aliaque
401 1773 518 1837 dentque
537 1773 718 1822 instrumenta

174 1843 293 1902 referre,
319 1841 416 1905 quibua
439 1843 554 1889 ornatus
579 1840 718 1901 cogitatur

174 1910 254 1960 deus:
284 1924 336 1958 nee
360 1908 455 1957 mirum
478 1907 550 1956 idem
568 1923 719 1972 cognomen

174 1977 210 2028 ad
222 1979 330 2028 Blesum
346 1991 465 2026 sororem
483 1975 547 2024 inde
565 1975 718 2038 transferri,

174 2045 298 2110 adeoque
312 2043 348 2094 ed
359 2044 447 2108 ipsam
462 2043 590 2099 Cererem,
609 2043 654 2092 oui
666 2043 718 2093 hoo

174 2113 247 2164 idem
256 2127 354 2163 nomen
365 2109 460 2160 tribuit
470 2114 568 2160 anotor
577 2109 718 2160 Homerici

173 2181 267 2244 hymni
279 2177 444 2240 lucerent,
457 2178 517 2228 sive
531 2177 564 2226 de
575 2179 661 2240 plodio
674 2195 717 2227 ou·

172 2265 219 2299 reo
233 2247 373 2312 cogitans,
392 2260 444 2310 quo
463 2246 599 2294 instructa
611 2245 716 2310 cogita·

173 2323 218 2367 tur
227 2315 299 2366 haee
308 2314 369 2372 dea,
382 2329 452 2378 quae
464 2313 536 2378 apud
545 2313 717 2392 Lpoophron.

174 2383 224 2435 153
236 2397 342 2448 quoque
355 2381 456 2432 dieitur
468 2377 642 2446 ξιφηφόρος,
659 2383 718 2432 sive

173 2452 207 2502 de
217 2452 287 2515 [elce
299 2465 388 2512 aureo,
403 2463 472 2513 quaa
484 2448 554 2498 deae
567 2447 718 2514 agricultu-

173 2535 222 2570 rae
243 2517 353 2584 parenti
375 2532 407 2566 ao
431 2516 553 2581 praesidi
575 2516 717 2565 tribuitur:

173 2601 267 2705 reru
280 2582 718 2716 nentautentum

174 2713 388 2788 χρυσοθρόνου,
405 2723 436 2768 ut
452 2718 591 2770 nonnullis
603 2717 717 2784 placuit,

173 2789 275 2840 motari
286 2787 383 2850 velim,
402 2791 462 2848 aut,
486 2802 555 2851 quae
569 2786 719 2836 Godolredi

173 2857 326 2908 Hermanui
339 2861 381 2906 eet
393 2855 544 2916 sententia,
559 2849 719 2919 χρυσαόρου

175 2926 210 2976 ab
228 2922 425 2989 interpolatore
443 2921 560 2986 quodam
577 2937 666 2988 neque
682 2921 717 2972 ab

174 2993 287 3058 antiquo
310 2992 393 3056 polita
414 2991 474 3055 ipso
496 2989 648 3055 proiectum
669 3005 717 3056 pn·

173 3067 238 3111 tem.
275 3059 317 3109 De
336 3073 389 3123 qua
402 3071 433 3108 re
445 3061 557 3123 praeter
569 3072 616 3120 ea,
636 3073 716 3122 quae,

173 3131 300 3178 monente
325 3127 385 3188 On,
410 3124 562 3176 attulerunt
581 3124 717 3176 Matthiae

174 3192 717 3259 (Animadversa.inHymn.Homer.pag.

173 3259 716 3326 350)etllgenthnimadverss.inHymn.

174 3333 299 3381 Homerr.
311 3345 374 3395 pag.
385 3327 455 3392 564),
468 3327 548 3394 plura
558 3343 663 3393 quoque
676 3333 717 3380 at-

174 3398 239 3449 tulit
254 3395 450 3448 hlitseherlieh.
477 3395 524 3459 (ad
545 3397 661 3446 eundem
677 3395 716 3447 lo-

173 3465 244 3529 cam)
270 3465 303 3516 de
325 3465 378 3514 diis
400 3478 466 3516 enee
488 3467 536 3514 aut
557 3463 612 3514 alio
638 3463 717 3515 modo

173 3534 302 3594 armatis,
322 3537 415 3584 nostro
432 3531 493 3582 loco
509 3531 583 3582 haud
595 3536 717 3596 praeter-

173 3602 266 3662 mIeso,
279 3601 327 3650 uhi
339 3600 367 3650 in
379 3615 447 3650 vooe
461 3593 621 3664 χρυσαόρου
634 3597 717 3650 altius

174 3669 239 3735 quid
261 3669 354 3718 inesse
381 3667 523 3732 magisque
546 3665 716 3716 reconditum

172 3738 219 3788 vix
236 3735 358 3786 dubitari
375 3737 489 3801 poterii:
513 3749 675 3800 quemqnam
690 3734 719 3785 id

172 3807 262 3870 ipsum
275 3803 357 3869 quale
371 3803 466 3864 t'nerit,
484 3801 558 3852 haud
576 3801 660 3852 iaoile
678 3801 718 3852 di-

172 3872 260 3932 xerim
285 3871 358 3922 coni.
375 3869 508 3922 Crenser:
532 3869 651 3934 Symbol.
670 3870 717 3920 IV.

172 3957 199 4006 p.
216 3940 275 3990 era.
293 3937 354 3988 250.
371 3937 421 3988 324
438 3937 501 3988 ooll.
518 3938 569 3988 ΙΙΙ.
588 3955 615 4003 p.
633 3936 674 3987 66.
694 3939 715 3999 Ι,

172 4007 223 4058 285
241 4007 283 4058 ed.
301 4011 379 4067 tert,
398 4005 517 4056 Preller:
542 4006 673 4056 Demeter
690 4021 715 4055 u.

172 4074 350 4140 Persephone
368 4091 394 4139 p.
410 4073 451 4122 77.
465 4071 522 4122 284.
559 4073 634 4124 Idem
647 4073 717 4124 haee

173 4142 324 4208 adscripsit
348 4142 502 4192 Oreuzents:
531 4141 646 4202 „Fallor
670 4147 718 4191 aut

172 4210 225 4262 hoe
238 4211 348 4260 Dianae
362 4208 503 4274 epitheton
517 4209 622 4274 pariter
633 4209 716 4274 perti-

172 4277 274 4328 netad
290 4277 464 4343 splendorem
482 4276 564 4327 lunae
582 4281 664 4342 atque
682 4275 717 4328 sd

172 4345 229 4394 vim
238 4345 387 4402 letileram‚
401 4359 481 4408 quam
491 4344 643 4409 antiquitas
652 4346 718 4396 Dia·

173 4414 338 4464 nae-Lunae
356 4427 412 4464 non
428 4411 517 4462 minue
538 4413 717 4476 attribuebat,

773 1111 854 1160 quern
867 1094 1003 1162 Apollini,
1017 1101 1152 1161 qnatenus
1165 1095 1232 1147 solis
1245 1098 1316 1148 radii

771 1163 1062 1298 lillliiiil‘lissi.
1075 1165 1317 1298 tinniit?

802 1283 804 1288 .
1065 1269 1072 1294 ς
1305 1261 1315 1272 ’

771 1300 886 1348 moriam
915 1305 1047 1349 revocant
1071 1299 1187 1351 Hesiodi
1215 1300 1313 1352 verba:

771 1361 937 1432 Δημήτερος
950 1360 1049 1431 ἱερὸν
1060 1357 1171 1434 αἀτην
1188 1365 1272 1448 (Opp.
1287 1375 1316 1420 et

770 1433 991 1484 bitettinum.
1014 1433 1075 1498 806)
1100 1441 1128 1486 et
1149 1436 1315 1502 Δημητερος

770 1491 881 1568 α’τιτὴν
900 1502 976 1564 (ibid.
995 1501 1036 1554 32.
1056 1503 1131 1553 Seut.
1145 1503 1227 1554 Hero.
1243 1501 1313 1568 290),

789 1569 868 1619 uibus
885 1569 1074 1633 admonemur,
1093 1585 1127 1621 ne
1145 1571 1314 1636 corrigamus

770 1585 860 1703 ἰερήν.
881 1638 922 1686 De
936 1637 1138 1704 significatione
1153 1640 1230 1690 voeie
1242 1629 1313 1704 α’ττή

769 1705 824 1754 vid.
839 1709 908 1755 nott.
922 1705 957 1754 ad
969 1705 1032 1768 VII,
1047 1703 1089 1757 33.
1105 1704 1161 1756 183.
1196 1705 1236 1756 Ao
1253 1722 1315 1772 per-

769 1773 840 1823 tinet
864 1773 899 1822 ad
923 1774 1075 1837 quaesitum
1106 1779 1134 1824 et
1160 1779 1314 1825 contortum

769 1840 875 1890 oraculi
897 1856 1062 1902 sermonem,
1088 1841 1123 1892 ad
1146 1857 1225 1906 quem
1249 1857 1313 1892 enn-

771 1907 831 1984 dem
844 1908 935 1958 resero
953 1923 1059 1985 quoque
1075 1898 1232 1974 Ἀρτέμιδος
1249 1925 1314 1974 χρυ-

771 1987 877 2040 σαορον
900 1969 979 2038 ίερὸν
1000 1967 1106 2042 αυτὴν,
1131 1978 1202 2042 quod
1223 1967 1315 2043 οἰατήν

771 2041 800 2104 (i.
816 2059 839 2092 o.
857 2050 952 2094 terram
970 2047 995 2094 ιἰι
1012 2061 1081 2094 more
1096 2045 1253 2110 porrectam)
1271 2059 1313 2109 ys·

770 2109 883 2175 φυροόν
904 2111 992 2176 (ponte
1013 2112 1127 2177 irrupere)
1148 2113 1251 2162 Persae
1274 2112 1314 2162 di·

770 2183 880 2240 cuntur,
899 2195 960 2229 eum
973 2179 1037 2230 aliis
1050 2179 1123 2244 apud
1134 2181 1262 2230 Nostrum
1274 2179 1313 2229 lo-

769 2245 810 2295 eis
832 2245 896 2296 huie
918 2247 1002 2298 verbo
1021 2247 1210 2298 accusativum
1227 2263 1314 2298 ποτα-

770 2305 826 2378 μόν
836 2313 876 2376 (ut
885 2315 931 2376 IV,
946 2313 1002 2363 118.
1013 2315 1074 2376 VII,
1084 2314 1116 2362 24
1128 2314 1190 2364 ooll.
1201 2313 1254 2377 36),
1268 2313 1313 2364 vel

769 2371 917 2444 Βόσπορον
932 2381 989 2444 (IV,
1002 2379 1045 2442 88)
1060 2381 1181 2430 ndditnm
1194 2381 1314 2446 reperia-

769 2463 837 2498 mus.
866 2442 1031 2514 εἰναλίην
1043 2443 1244 2512 Κυνόσουραν,
1263 2465 1314 2498 mo-

769 2517 877 2566 ritimnm
894 2531 915 2566 a.
928 2517 965 2565 ud
979 2532 1048 2566 mure
1065 2517 1139 2566 situm
1152 2516 1222 2566 dixit
1234 2521 1313 2566 vatos

770 2581 951 2646 Cynosuram,
983 2583 1207 2648 quemadmodum
1230 2583 1312 2634 Eleu-

770 2651 808 2700 sis
828 2651 929 2700 dieitur
947 2645 1059 2702 εἰναλία
1078 2651 1149 2716 apud
1162 2651 1312 2701 Pindarum

770 2717 849 2782 Olym
871 2755 877 2768 .
892 2719 939 2774 IX.
952 2717 986 2768 99
999 2717 1069 2784 (150)
1084 2717 1145 2770 οοΙΙ.
1158 2718 1238 2782 Pyth.
1250 2719 1311 2780 xri,

771 2786 816 2848 12,
835 2736 893 2838 alla
909 2786 987 2852 plura
1009 2787 1042 2837 de
1064 2787 1117 2836 hae
1138 2803 1206 2836 voee
1224 2785 1313 2836 allata

769 2855 893 2919 reperies
915 2855 943 2904 in
960 2855 1094 2906 Thesaur.
1112 2854 1192 2920 Ling.
1212 2855 1311 2904 Graee.

769 2921 830 2972 Vol.
843 2923 893 2974 ΙΙΙ.
908 2939 933 2988 p.
946 2921 997 2974 979
1010 2923 1053 2973 ed.
1066 2921 1192 2972 Diodori.

803 2982 974 3055 λιπαρός-
994 2980 1124 3058 Ἀθήνας)
1149 2990 1224 3041 Setia
1249 3006 1311 3040 oon·

770 3062 839 3120 stat,
857 3059 965 3108 Atticos
977 3061 1074 3124 politae
1092 3065 1120 3109 et
1137 3063 1259 3109 oratores
1272 3058 1313 3108 ite

769 3141 885 3176 vocasse
896 3125 1019 3176 Athenas
1031 3131 1144 3192 ρληηαεε,
1158 3127 1175 3177 i.
1190 3143 1214 3176 e.
1226 3129 1312 3190 splen-

769 3196 855 3252 didaa‚
877 3195 1001 3251 iltrotres,
1024 3195 1123 3259 populo
1141 3193 1312 3258 gratificetu-

769 3277 820 3310 ros.
857 3261 917 3311 Vid.
936 3261 1029 3326 Eurip.
1053 3261 1152 3310 Troad.
1170 3259 1227 3310 776.
1252 3260 1310 3309 dle.

768 3327 827 3378 435.
840 3327 978 3394 Aristoph.
992 3327 1111 3378 hohern.
1125 3325 1176 3376 606
1187 3327 1253 3390 ibiq.
1272 3327 1312 3374 in-

770 3401 893 3460 terprett.
930 3395 1083 3462 Praecipue
1099 3395 1151 3444 hue
1165 3394 1236 3443 iacit
1247 3394 1312 3442 Pin-

769 3463 826 3512 dar.
841 3463 917 3513 Nem.
926 3463 973 3520 IV,
986 3462 1020 3512 30
1029 3463 1082 3526 (18)
1094 3461 1186 3525 ibique
1201 3460 1312 3510 Dissen.

768 3547 833 3596 pag.
852 3529 899 3580 381
919 3529 960 3580 ed.
977 3529 1113 3592 Boeckh„
1137 3527 1311 3590 Dithyramb.

769 3599 868 3664 fragm.
886 3598 959 3662 apud
976 3596 1066 3648 Sobel.
1084 3595 1222 3660 Arlatoph.
1245 3594 1263 3643 l.
1282 3593 1311 3656 1.,

768 3665 816 3714 nbi
834 3665 912 3730 plura
930 3665 1009 3715 dabit
1024 3662 1150 3714 Boeokh.
1167 3679 1193 3728 p.
1211 3659 1261 3712 579
1284 3668 1312 3712 et

769 3731 966 3797 Wyttenbneh.
977 3730 1049 3782 Bibl.
1060 3730 1127 3780 Crit.
1140 3730 1190 3792 111,
1201 3729 1225 3782 l.
1235 3727 1310 3807 9³¹9·

770 3801 915 3851 Caeterum
938 3799 1025 3850 verba
1047 3797 1165 3848 oraculi:
1189 3796 1311 3860 λιπαρας

769 3863 961 3934 πέρσαντες
972 3857 1092 3934 Ἀθήνας
1104 3869 1201 3932 sponte
1214 3865 1243 3914 in
1255 3881 1309 3914 me-

769 3938 882 3987 moriam
900 3941 1033 3986 revooant
1051 3933 1227 3985 Homericum
1243 3932 1311 3982 illud

769 4005 798 4054 in
815 4004 896 4055 Iliad.
919 4003 960 4066 11,
978 3999 1040 4053 66οε
1072 3995 1200 4067 πέρσας
1222 3993 1310 4052 ἄστεα

768 4065 872 4134 πολλοὶ,
891 4073 1010 4136 Itemque
1023 4069 1164 4134 Odysseae
1181 4067 1270 4118 locum
1287 4069 1308 4128 I,

769 4139 798 4189 2:
823 4129 885 4190 ίτιεί
908 4136 1013 4204 Τροίης
1036 4130 1114 4202 ἰερόν
1136 4134 1311 4200 πτολίεθρον

770 4201 979 4272 ἔπερσεν,οο
1011 4205 1080 4258 lura.

803 4273 853 4325 όῖα
863 4273 937 4340 Δίιιη
949 4269 1070 4340 σβεσσει]
1085 4273 1102 4321 i.
1113 4289 1137 4322 e.
1150 4273 1235 4322 ιίἰοόασ
1248 4273 1309 4320 Vin·

768 4345 838 4394 όίολα
849 4347 994 4406 eaesttapuet
1006 4339 1248 4454 (delebitl)Jealidrem
1261 4339 1310 4388 Κο-

767 4417 838 4471 steni,
849 4409 991 4475 Superbiae
1000 4410 1086 4471 filhan.
1137 4407 1204 4454 titur
1212 4407 1312 4456 Noster
