2980 4978
231 439 291 502 478
638 435 952 498 COMMENTATIO

230 613 347 676 pereunt
366 613 468 658 tantum
486 607 596 674 glossae
611 609 757 678 quaedam,
779 609 952 679 aptioribus
974 607 1127 662 editoribus
1141 607 1289 678 separatim
1306 609 1367 660 edi-

231 699 288 758 tae,
313 707 382 760 quas
404 709 454 744 nos
469 709 519 745 suo
535 709 659 763 quasque
679 694 738 746 loco
758 694 786 746 in
807 694 984 746 annotatione
1005 694 1277 746 commemoravimus.
1323 693 1368 744 De

230 775 272 828 his
293 793 357 828 vero
378 775 415 830 ita
435 777 534 829 statuit
545 777 765 846 Wesselingius:
794 779 882 846 „Cum
898 779 1033 832 Herodoti
1049 779 1149 832 Musae
1168 778 1221 830 alio
1237 795 1366 832 sermone

228 877 260 913 ac
281 859 380 931 reliqui
395 862 562 914 Graecorum
587 863 759 930 fabulentur,
782 881 836 915 non
857 863 895 916 illi
913 863 1013 916 sollers
1035 863 1276 916 Grammaticorum
1298 879 1367 914 cura

228 945 263 998 ad
276 944 472 1014 explanandum
489 947 586 999 defuit.
623 947 723 1001 suidas
735 948 855 1000 meminit
862 943 1082 1017 Ὑπομνημάτων
1096 946 1135 1009 εἰς
1147 941 1299 1015 Ἡρόδοτον
1312 950 1365 1000 Sn-

228 1031 300 1084 lastii
313 1029 458 1098 Sophistae
474 1038 501 1084 et
516 1035 627 1086 licronis
642 1032 725 1084 Attici
741 1033 876 1101 rhetoris,
898 1034 1065 1101 argumenti,
1090 1033 1131 1084 uti
1145 1034 1287 1102 suspicor,
1310 1032 1364 1084 cri-

229 1115 275 1166 tici
292 1123 320 1168 ct
334 1113 467 1168 historici.
505 1115 572 1185 [Res
593 1124 621 1170 et
638 1125 825 1186 argumentum
849 1118 1036 1188 potiusquam
1058 1118 1158 1170 formas
1178 1125 1206 1169 et
1221 1134 1304 1170 voces
1320 1135 1364 1169 re-

228 1200 354 1269 spexisse
373 1199 523 1254 Salustium
545 1201 572 1253 in
595 1203 636 1255 his
657 1203 856 1255 commentariis
876 1203 1034 1271 suspicatur
1054 1219 1164 1272 quoque
1185 1201 1363 1254 Graelenhan

228 1285 272 1336 ins
290 1285 403 1337 Jahrbb.
424 1287 445 1338 f.
461 1285 594 1354 Philolog.
613 1287 709 1357 Suppl.
726 1287 772 1340 xl.
792 1304 854 1357 pag.
867 1289 923 1356 aa]
964 1289 1139 1341 Philemonem
1154 1287 1363 1338 Grammaticum

227 1363 256 1422 ἐν
266 1371 425 1438 συμμίκτοις
437 1387 490 1422 non
503 1371 658 1424 dissimilem
674 1371 830 1425 instituisse
845 1387 969 1441 operam,
985 1372 1138 1441 Porphyrio
1152 1372 1269 1432 Quaest.
1281 1371 1364 1422 Hom.

228 1453 294 1506 Vlll
313 1455 383 1506 haud
404 1462 504 1508 temere
518 1456 663 1509 credimus.
701 1456 852 1526 Apollonii,
877 1457 966 1509 itidem
982 1455 1155 1508 Grammatici
1175 1457 1265 1525 [quem
1283 1459 1365 1525 Apol·

227 1541 326 1593 lonium
340 1540 479 1608 ὓριοοέιιοι
496 1541 586 1593 luisse
606 1541 678 1593 haud
698 1541 829 1594 immerito
850 1542 1008 1611 suspicatur
1024 1541 1113 1594 Meier
1129 1540 1146 1591 l.
1162 1539 1180 1590 l.
1196 1557 1259 1608 pag.
1276 1539 1363 1609 xxu,

224 1616 380 1692 Ἐξηγήσεις
395 1627 523 1693 γλωσσῶν
532 1618 684 1694 Ἡροδότου
701 1626 846 1694 exscripsit
860 1625 1041 1694 Etymologua
1065 1627 1091 1677 in
1109 1618 1214 1692 Κωφός
1229 1633 1257 1676 et
1271 1627 1367 1692 quee·
1382 1673 1385 1676 ,

227 1702 292 1776 στῆς
308 1713 351 1779 (p.
367 1713 419 1762 7²2
434 1727 457 1764 s.
475 1729 501 1780 p.
518 1713 569 1764 655
584 1711 687 1780 Βίου).
728 1711 808 1774 Quae
823 1711 931 1780 quidem
953 1711 985 1762 ad
1003 1717 1122 1762 nostram
1138 1709 1162 1761 si
1182 1709 1367 1761 devenissent

227 1799 358 1858 aetatem,
389 1794 468 1846 flocci
497 1813 550 1846 ιιοιι
574 1797 689 1847 lacerem
709 1789 861 1864 Ἡροδότου
882 1793 966 1862 λέξεις
998 1796 1033 1848 ob
1057 1795 1150 1847 oculos
1173 1795 1215 1846 hic
1242 1793 1364 1862 positas,

178 1865 182 1874 ¹
228 1877 329 1948 quippe
341 1878 464 1946 ieiunas,
480 1880 641 1947 saepissime
655 1880 759 1932 alienas
773 1887 800 1931 et
815 1897 868 1932 non
883 1897 1020 1950 nunquam
1035 1879 1157 1932 insulsas
1172 1885 1200 1930 et
1215 1878 1365 1931 absurdas.

228 1963 359 2030 [Auctore
374 1963 479 2015 Meiere
496 1963 512 2015 Ι.
528 1964 545 2018 l.
562 1964 731 2030 „doctrinam
745 1971 799 2016 tam
812 1965 939 2018 modicam
954 1965 998 2018 vel
1014 1963 1107 2034 potius
1122 1963 1222 2016 nullam
1237 1964 1364 2032 sapiunt,

227 2053 259 2098 ut
278 2046 370 2099 inlima
393 2055 483 2100 aetate
504 2048 604 2117 dignae
630 2049 728 2118 sint.“]
772 2049 960 2102 Memorantur
981 2050 1008 2101 in
1030 2049 1120 2102 indice
1144 2048 1226 2116 legati
1246 2048 1367 2098 Antonii

225 2130 354 2200 Eparchii
376 2131 411 2183 T.
427 2133 449 2185 l.
467 2133 530 2185 Var.
547 2133 622 2186 Sace.
639 2151 666 2203 p.
683 2137 734 2186 528
749 2134 843 2202 Steph.
863 2134 999 2186 Monachii
1017 2131 1100 2199 λέξεις
1116 2125 1268 2202 Ἡροδότου
1289 2127 1367 2184 ἴστο-

225 2213 316 2287 praet,
337 2233 407 2286 quas
429 2234 444 2268 a
465 2219 570 2270 nostris
586 2219 711 2270 diversas
727 2219 818 2271 dicere
833 2237 886 2272 non
905 2219 1003 2272 audeo.
1046 2219 1152 2271 Primus
1164 2217 1194 2283 *)
1211 2217 1261 2268 hoc
1279 2217 1366 2268 Lexi-

226 2319 275 2354 con
296 2319 329 2354 ex
344 2302 437 2354 codice
452 2303 578 2355 Goldasti
595 2302 720 2370 vulgarit
735 2305 770 2355 G.
789 2303 1022 2371 longemanum,
1048 2303 1182 2371 digestum
1200 2295 1273 2354 κατὰ
1287 2317 1368 2354 στοι-

224 2392 299 2454 χεῖον
314 2387 373 2439 sive
389 2387 527 2440 literarum
542 2388 678 2456 ordinem,
695 2387 845 2441 cuiusmodi
861 2387 982 2457 exempla
996 2405 1029 2440 ex
1045 2387 1257 2456 locupletissima
1272 2387 1368 2438 Fran-

225 2489 317 2524 corum
332 2472 406 2540 regis
425 2472 587 2525 bibliotheca
609 2482 636 2526 et
655 2473 812 2526 monasterii
827 2473 856 2525 S.
872 2473 989 2541 Remigii
1009 2473 1191 2525 intermunus
1213 2477 1289 2524 sunt.
1329 2472 1371 2523 Aa

225 2555 299 2608 aliud
323 2557 366 2610 vir
387 2557 516 2625 egregius
536 2557 768 2611 Montelalconius
789 2559 942 2610 ostentavit
963 2557 1092 2610 Biblioth.
1116 2556 1230 2608 Coislin.
1252 2574 1279 2625 p.
1298 2559 1368 2619 484,

225 2639 391 2710 descriptum
407 2641 481 2694 nulla
495 2641 646 2695 litterarum
665 2643 810 2712 primarum
824 2643 913 2708 serie,
937 2642 986 2694 sed
1001 2641 1150 2695 secundum
1165 2641 1316 2706 librorum,
1335 2642 1368 2693 in

225 2741 340 2794 quorum
356 2725 417 2778 olim
432 2726 601 2793 marginibus
614 2728 684 2780 istae
695 2727 820 2795 glossae,
841 2743 989 2780 numerum.
1022 2728 1065 2780 Ex
1080 2726 1136 2778 oris
1152 2726 1221 2778 enirn
1236 2725 1371 2780 codicum

225 2827 271 2860 res
298 2809 393 2862 elamat
415 2818 558 2880 excerptas
579 2829 640 2864 esse
665 2819 692 2864 et
712 2812 828 2865 schedae
850 2811 1002 2864 ostendunt
1022 2811 1159 2864 Eminent.
1202 2809 1371 2863 Cardinalis

225 2893 377 2946 Passionei.
417 2895 523 2947 Nactus
539 2895 606 2948 illud
622 2897 710 2966 ipsum
725 2913 784 2949 sum
800 2896 841 2950 Cl.
855 2896 1054 2966 Capperonerii
1069 2893 1261 2948 humanissimi
1276 2897 1373 2965 operti

226 2995 258 3030 ex
275 2977 403 3032 Biblioth.
426 2979 455 3030 S.
477 2980 622 3044 Germani,
653 2981 682 3034 in
707 2997 787 3051 quam
808 2979 1003 3034 coislinianan
1025 2981 1158 3050 migrasse
1182 2987 1274 3032 notum
1303 2991 1373 3046 θοις

225 3062 391 3132 dignumque
414 3063 510 3116 censui
535 3065 584 3117 hoc
607 3065 682 3132 loco,
704 3073 760 3117 tum
781 3066 855 3136 quod
877 3066 905 3118 in
928 3067 1035 3135 priore,
1059 3083 1092 3119 ex
1113 3065 1205 3118 codice
1220 3065 1373 3134 Goldasti,

225 3165 307 3200 voces
323 3149 357 3200 ah
376 3147 438 3200 eliis
451 3148 575 3218 imperite
590 3150 703 3202 avulsae
721 3157 885 3218 cernantur,
907 3159 963 3203 tum
983 3151 1111 3222 quoniam
1126 3149 1292 3219 locupletius
1310 3169 1368 3220 ap-

225 3232 349 3303 paruerit
364 3241 392 3286 et
404 3233 505 3286 Suidae
521 3233 715 3305 Hesychioque
730 3233 890 3306 plerumque
906 3237 1064 3288 conveniat:
1087 3251 1146 3287 nam
1163 3241 1298 3303 uterque,
1318 3236 1374 3288 ille¹

224 3317 387 3387 praecipue,
409 3319 494 3372 simile
512 3313 631 3385 Λιξικὸυ
655 3328 841 3390 usurparunt3
862 3338 951 3392 neque
973 3319 1032 3373 eius
1053 3337 1130 3374 usum
1151 3319 1294 3372 recusarit
1313 3319 1372 3372 Ti-

223 3420 316 3456 maeus
333 3404 361 3455 iu
383 3421 434 3456 suo
449 3404 604 3472 Platonico,
626 3405 724 3458 nedum
744 3413 855 3475 praeter
877 3413 1001 3458 caeteros
1024 3423 1117 3458 omnes
1133 3405 1168 3455 G.
1185 3403 1374 3468 Corinthius,

225 3488 369 3559 sedsaepe
386 3489 475 3559 turpis
491 3489 633 3542 socordiae
648 3493 745 3543 reus.“

309 3575 407 3645 Neque
424 3593 488 3628 vero
503 3575 582 3628 etiam
600 3575 740 3628 Herodoto
760 3575 811 3628 iam
826 3575 980 3645 antiquitus
1002 3591 1069 3627 suos
1084 3573 1207 3627 defuisse
1222 3573 1373 3627 detrecta-

290 3821 353 3890 *),,
358 3825 399 3887 ut,
413 3839 506 3876 verum
518 3825 542 3875 si
555 3826 672 3890 quaeris,
686 3829 749 3876 aunt
762 3825 894 3876 eaedem*
887 3841 973 3890 ipsae,
988 3839 1055 3890 quaa
1068 3824 1121 3873 inm
1132 3839 1203 3874 anno
1212 3823 1374 3876 MDLXIV

223 3891 308 3942 Hour.
323 3893 496 3958 stephanus'
490 3909 517 3942 ιιι
529 3893 701 3944 Dictionario
714 3893 820 3943 medico
834 3899 896 3958 post
908 3893 1033 3944 Erotiani
1048 3897 1076 3941 et
1088 3891 1188 3941 Galeni
1201 3893 1373 3971 Expositio-

224 3975 273 4009 nes
285 3961 435 4010 dictionum
448 3961 665 4040 Hippocratisp.
682 3961 766 4012 105-
778 3960 837 4024 109,
857 3961 952 4011 eodem
965 3960 1045 4010 titulo
1058 3960 1218 4024 inscriptas
1236 3953 1374 4020 Αεξιιιόυ·

224 4025 279 4076 τόν
292 4018 480 4090 Ηροδοτείωυ
492 4024 607 4090 legemr
625 4029 763 4089 ediderat,
781 4043 848 4092 quas
865 4045 945 4093 porro
959 4029 1069 4078 easdem
1082 4027 1178 4076 Barth
1190 4027 1373 4078 Eustachius

223 4095 349 4144 Erotiaui
362 4101 389 4145 et
402 4095 502 4145 Galeni
514 4097 669 4158 Glossariie,
684 4111 755 4146 auno
768 4095 911 4146 MDLllVl
924 4113 941 4145 a
953 4111 983 4146 aa
997 4097 1087 4156 editis,
1102 4095 1245 4144 adiecerat
1255 4094 1374 4146 Latina

223 4165 350 4212 versione
368 4161 548 4212 illustratas.u
576 4163 806 4229 Schneiphoeuaer.
841 4165 907 4214 Post
924 4133 1135 4228 Wasselingium
1153 4162 1204 4212 hoc
1223 4162 1371 4214 Lexicnm

223 4229 407 4279 Herodotoum
429 4245 533 4295 quoque
556 4232 641 4281 edidit
660 4233 786 4297 notisque
808 4231 956 4282 illustravit
977 4234 1015 4282 lo.
1038 4231 1086 4283 Ge.
1110 4229 1185 4279 l'rid.
1206 4230 1373 4281 Franztns:

223 4297 357 4360 Erotiani,
372 4298 471 4348 Geloni
485 4303 512 4347 at
523 4299 656 4348 Herodoti
668 4299 804 4365 glossaria
816 4299 844 4348 in
856 4299 1050 4364 Hippocratem
1064 4314 1096 4348 ex
1109 4297 1268 4348 recensione
1281 4299 1374 4348 Hen-

223 4365 275 4414 rici
292 4365 424 4430 Stephani
441 4366 546 4416 Graeca
565 4371 593 4416 et
609 4368 709 4432 Igatiua
727 4373 782 4418 etc.
811 4367 924 4431 Lipsiae
944 4366 1015 4416 1780.
1034 4366 1074 4430 8.,
1093 4366 1140 4415 uhi
1158 4365 1211 4416 vid.
1229 4367 1371 4418 Praelat-

224 4448 286 4497 pag.
300 4433 390 4482 lllllll
404 4437 432 4482 et
444 4449 506 4498 pag.
520 4431 569 4482 602
582 4449 656 4497 seqq.
