2980 4978
339 452 396 512 DE
418 452 522 512 VITA
544 452 601 510 ΕΤ
624 448 815 510 sculptus
838 445 1072 508 HERODO'PI.
1205 452 1267 512 477

137 637 190 690 que
205 621 319 690 obtulit,
335 621 446 689 Kerryn
459 621 493 674 de
504 621 675 674 bettenbove
685 619 713 672 in
725 619 795 672 libro
806 624 903 688 postes
915 617 988 672 edito
997 618 1163 688 (Hroissart.
1176 617 1267 670 Etude

137 706 269 759 litteraire
290 723 340 760 sur
360 707 385 760 le
399 706 504 760 Xlee
525 705 619 762 siecle.
640 705 720 757 Paris
743 708 820 759 1851.
841 705 868 756 11
886 703 955 760 Voll.
977 705 1017 770 8.)
1041 701 1101 756 Vol.
1116 702 1152 754 ll.
1174 721 1202 772 p.
1220 705 1268 758 143

136 809 214 862 seqq.
235 791 378 860 exposuit,
410 799 513 861 quanta
533 791 679 860 utriusque
698 789 843 859 scriptoris
863 788 1011 841 similitudo
1033 787 1061 840 ia
1080 788 1152 840 baud
1173 787 1268 856 paucis

136 877 220 939 rebus
236 877 398 930 enarrandis
412 876 594 928 inveniretur.
622 875 703 928 Coni.
716 876 794 930 etism
807 873 965 926 Villemains
986 871 1130 942 utelanges
1143 871 1202 924 Vol.
1214 872 1267 924 lll.

136 978 164 1030 p.
179 963 229 1016 343
245 979 305 1031 seq.
319 961 378 1033 (ed.
393 960 542 1028 Bruxell.).

664 1148 687 1210 S.
707 1149 747 1200 16.

220 1297 277 1350 Tot
290 1296 376 1365 igitar
393 1298 504 1352 dotibus
521 1314 580 1350 cum
596 1293 707 1350 ornatae
724 1303 819 1350 essent
835 1297 933 1350 Musae
947 1297 1135 1364 Herodotese,
1153 1313 1207 1348 non
1222 1295 1270 1350 mi-

138 1399 196 1434 ram
213 1391 270 1450 cst,
287 1381 348 1434 illas
364 1382 538 1436 vehementer
553 1382 689 1452 placuisse
705 1382 821 1436 Graecis
831 1381 860 1450 *)
874 1381 1040 1453 multumque
1054 1383 1117 1436 inde
1132 1381 1269 1434 lectitatur

138 1473 166 1520 ot
181 1466 309 1519 iuvenum
331 1473 406 1520 artes
427 1467 553 1522 liberales
569 1466 759 1523 aemulantium
774 1468 899 1522 manibus
918 1468 998 1520 tritas
1016 1468 1118 1534 luisse3
1141 1465 1213 1518 unde
1229 1467 1269 1518 sa-

76 1616 78 1622 ,
138 1559 222 1619 ctam,
247 1558 278 1604 ut
294 1552 488 1623 Theopompus
505 1553 613 1606 iuvenis
635 1553 701 1605 mire
725 1553 817 1623 operis
839 1553 984 1606 dulcedine
1000 1561 1098 1623 captus
1116 1568 1173 1604 eam
1190 1568 1269 1621 quam

138 1637 253 1690 diximus
269 1637 404 1706 epitomen
420 1639 567 1692 conticeret
588 1639 697 1692 duobus
710 1638 789 1692 libris
806 1637 1091 1708 comprehensum**);
1114 1636 1180 1707 quid
1196 1637 1269 1706 quod

138 1722 273 1790 Hegesias
291 1722 387 1776 histrio
405 1723 539 1776 Herodoti
555 1724 667 1790 Musas,
694 1729 725 1774 ut
739 1724 935 1793 Heropbsntus
951 1723 1062 1776 Homeri
1083 1722 1215 1788 cumina,
1239 1720 1268 1772 in

136 1823 234 1874 magno
256 1807 362 1860 theatro
384 1809 516 1862 recitasse
538 1805 704 1875 tanturm).
747 1808 869 1862 Probent
896 1825 1007 1879 quoque
1029 1806 1269 1860 Grammaticorum

137 1892 277 1944 doctorum
293 1910 390 1963 opera,
407 1893 441 1946 de
456 1893 597 1946 Herodoto
612 1894 687 1946 etde
703 1894 794 1946 indole
812 1911 843 1948 ac
857 1903 956 1946 natare
970 1892 1134 1946 elocutionis
1145 1891 1270 1944 Herodo-

137 1983 196 2030 teae
221 1978 473 2044 commentantium
500 1995 571 2048 quac
593 1987 680 2032 111111
702 1979 736 2032 ad
758 1987 878 2032 nostram
897 1984 1011 2031 11111111
1032 1995 1086 2030 uon
1107 1977 1269 2047 pervenisse

137 2060 268 2114 dolemus.
306 2062 405 2132 Neque
425 2063 494 2116 enim
515 2063 548 2114 sd
573 2081 623 2116 nos
640 2071 828 2132 pervenerunt
843 2065 953 2118 Salustii
972 2071 1000 2116 st
1017 2065 1128 2118 Heroais
1145 2054 1268 2130 ὑπομνή-

135 2165 222 2218 ματα,
242 2147 276 2200 de
293 2147 394 2217 quibus
411 2147 512 2200 Suidas
528 2165 552 2202 s.
572 2165 598 2202 r.
613 2143 783 2210 Σαλούστιος
802 2149 837 2200 Τ.
852 2149 904 2201 lll.
920 2167 948 2218 p.
969 2153 1020 2203 aaa
1043 2154 1071 2200 ct
1090 2166 1113 2200 s.
1135 2138 1270 2214 1.Ἦρων

137 2232 171 2283 Τ.
188 2233 225 2284 ll.
241 2250 269 2301 p.
280 2235 314 2286 79
329 2232 373 2285 ed.
385 2232 515 2284 Kuester.
551 2233 611 2284 Nec
625 2233 710 2301 magis
725 2241 844 2286 nostram
860 2239 973 2287 aetatem
988 2233 1056 2286 vidit
1068 2235 1206 2300 irenaeus,
1222 2229 1270 2300 qui

136 2309 166 2370 ἐν
180 2317 218 2388 τῷ
230 2310 407 2385 ὑπομνήματι
421 2317 459 2388 τῷ
475 2313 514 2378 εἰς
522 2309 672 2386 Ἡρόδοτον
693 2317 732 2388 (11
753 2334 819 2370 sera
836 2324 880 2370 est
896 2317 991 2383 lectio)
1007 2317 1107 2368 citetur
1125 2316 1152 2368 iu
1169 2315 1269 2368 Lexico

137 2401 275 2453 rbetorico
295 2417 357 2470 pag.
378 2403 445 2472 615,
466 2405 481 2453 4
504 2401 553 2471 (ed
572 2401 663 2454 Photii
682 2401 775 2454 Lexici
795 2400 921 2468 calcem):
947 2401 1067 2471 pertinet
1085 2408 1175 2452 satem
1196 2399 1271 2450 hicce

139 2488 264 2539 lreaaeus
277 2503 300 2538 s.
313 2485 453 2540 Munatius
466 2487 594 2553 umen,
612 2487 660 2557 qui
674 2485 753 2555 plura
768 2485 821 2538 alia
833 2485 867 2538 ad
879 2487 1047 2538 Graecorum
1062 2483 1193 2537 dialectos
1207 2501 1270 2553 spe-

138 2570 241 2622 ctantia
260 2569 408 2640 scripsisse
425 2570 584 2639 perhibetur
599 2588 614 2624 a
628 2571 727 2638 Suids,
751 2571 786 2622 ad
802 2570 921 2639 Augusti
942 2572 1001 2624 lere
1015 2575 1128 2624 aetatem
1138 2569 1180 2636 †).
1217 2568 1270 2620 Su-

137 2821 318 2887 composition
336 2826 364 2872 et
381 2820 417 2872 du
432 2820 503 2886 style
524 2825 552 2872 et
568 2837 618 2888 par
635 2820 766 2888 quelques
783 2821 1040 2888 rspprochemeuts,
1064 2821 1119 2871 soit
1139 2835 1207 2870 avec
1229 2818 1270 2868 les

135 2890 301 2954 chroniques
317 2889 466 2948 italienses
484 2895 511 2940 et
529 2890 694 2956 espagnoles
715 2891 751 2941 du
768 2889 855 2940 meme
873 2887 974 2953 siecle,
995 2890 1271 2939 11111111111111·-

134 2959 220 3008 taiaes
228 2958 325 3020 formes
337 2957 383 3008 des
395 2959 510 3024 antiques
521 2960 599 3008 re'cits
611 2959 781 3009 dllerodute.

203 3022 231 3090 ¹¹¹)
251 3025 365 3076 Graecis
378 3025 550 3091 displicuisse
563 3027 747 3076 Herodoteam
764 3041 845 3092 opus,
862 3025 932 3092 qnod
950 3024 1041 3092 plures
1054 3023 1116 3074 inde
1129 3025 1268 3088 vitupera-

133 3099 212 3144 tores
224 3093 362 3143 invenerit
373 3109 453 3157 quam
466 3093 637 3158 laudatores,
650 3100 828 3154 statatum,
842 3109 859 3143 1
871 3111 913 3143 me
927 3095 1072 3159 impetrare
1085 3107 1139 3142 nou
1151 3105 1269 3158 possum.

133 3163 175 3212 Et
186 3161 249 3210 vide
263 3175 332 3224 quse
345 3161 437 3224 Heyse
451 3160 468 3209 l.
482 3160 500 3210 l.
514 3177 539 3227 p.
553 3162 586 3210 44
598 3163 721 3226 disputat
731 3168 829 3213 contra
842 3161 1008 3212 Dahlmauu.
1022 3177 1048 3226 p.
1061 3159 1093 3212 31
1106 3176 1163 3224 seq.

205 3225 247 3292 ”J
265 3227 397 3278 Herodoti
419 3227 489 3292 quod
510 3228 585 3278 nulls
606 3231 677 3294 apud
699 3231 830 3280 Platonem
850 3229 881 3278 lit
900 3230 1016 3292 mentio,
1041 3227 1069 3278 id
1090 3227 1146 3278 noli
1167 3227 1270 3276 mirari.

132 3297 275 3359 Namque,
294 3293 351 3344 slis
367 3299 398 3343 ut
414 3301 537 3356 taceam,
557 3305 632 3346 recte
649 3297 716 3346 illud
730 3297 796 3346 mihi
808 3297 970 3348 observasse
984 3297 1091 3346 videtur
1104 3295 1202 3345 Grocu.
1216 3310 1271 3344 vau

132 3364 295 3416 Prinsterer
310 3361 339 3411 in
350 3362 566 3428 Prosopogrsph.
578 3364 712 3414 Platonis.
722 3381 749 3431 p.
762 3363 802 3426 33,
817 3364 890 3429 apud
902 3365 1045 3414 Platonem
1057 3365 1153 3428 potitus
1165 3363 1271 3426 saepis-

131 3434 220 3492 sime,
239 3444 335 3495 prosae
348 3429 495 3495 scriptores
512 3447 575 3481 rsro
588 3431 733 3482 admodum
743 3432 888 3495 nominari,
907 3447 959 3482 nee
977 3431 1060 3482 aliam
1079 3445 1205 3491 causam,
1223 3443 1271 3479 cur

130 3502 171 3554 de
185 3497 324 3548 Herodoto
337 3497 418 3548 Plato
430 3497 550 3560 siluerit,
565 3499 659 3562 fuisse,
673 3499 718 3549 vel
730 3501 793 3550 inde
807 3500 849 3550 illi
861 3500 971 3564 probari
983 3499 1098 3560 videtur,
1112 3497 1182 3562 quod
1194 3496 1270 3546 obvii

129 3573 163 3622 in
177 3565 317 3616 Herodoto
330 3581 425 3616 versus
438 3565 509 3630 apud
519 3566 662 3617 Platonem
675 3569 858 3634 reperiantur,
877 3568 918 3616 sic
929 3567 1042 3618 Hesiodi
1054 3580 1148 3616 versus
1158 3564 1227 3630 Opp.
1242 3570 1271 3613 et

128 3642 167 3690 D,
183 3633 242 3693 ¹282,
274 3635 303 3683 ui
314 3634 449 3698 reperitur
461 3634 534 3699 apud
547 3635 675 3684 Herodot.
689 3635 734 3698 VI,
745 3633 787 3684 86.
798 3636 821 3696 ἓ.
832 3633 856 3698 3,
871 3635 1018 3700 respicitur
1031 3649 1047 3683 s
1059 3634 1174 3682 Plutone
1187 3631 1270 3683 Polit.

127 3707 170 3760 ΙΙ.
186 3719 213 3769 p.
228 3650 277 3752 tob
288 3703 321 3751 D.
356 3702 394 3750 Et
407 3701 478 3752 conl.
493 3701 594 3752 Herod.
608 3704 628 3762 Ι,
643 3703 675 3752 55
688 3717 748 3752 cum
762 3702 870 3752 Piston.
884 3702 965 3753 Polit.
979 3701 1052 3750 Vlll.
1065 3718 1091 3766 p.
1104 3698 1154 3750 uod
1164 3700 1197 3750 D.

204 3766 262 3836 ἥ)
279 3769 342 3818 Vid.
359 3769 459 3820 Athen.
477 3769 547 3820 XIV.
570 3787 596 3835 p.
614 3769 672 3820 6'20.
707 3771 762 3820 Ubi
783 3775 888 3828 tamen,
913 3775 1040 3820 monente
1061 3769 1197 3826 (11111111,
1221 3783 1270 3833 pro

121 3829 292 3906 Ἡροδότου
304 3837 421 3888 11111111
434 3829 762 3919 seribendum'Hetddou:
780 3839 862 3903 idque
875 3853 948 3888 nunc
960 3837 1066 3902 recepit
1078 3835 1213 3886 Meinelre.

129 3905 299 4040 ...altu
312 3909 396 4024 us
411 3905 1173 4040 1111111111111111.111111·
1183 3902 1271 4021 tur:

125 4058 206 4100 nens
219 4041 414 4106 Fragmentum
430 4041 527 4092 Lexici
545 4041 674 4092 rhetorici
691 4043 828 4092 emendat.
847 4042 889 4095 ed.
909 4047 937 4092 et
954 4041 1076 4090 adnotat.
1095 4039 1268 4100 illustratum,

124 4127 199 4184 pag.
213 4109 331 4160 xxvnl
344 4109 483 4190 ctXXlX.
518 4110 559 4160 Ad
577 4111 691 4176 primum
708 4109 848 4160 saeculam
865 4115 927 4175 post
939 4108 1002 4158 Chr.
1016 4124 1040 4158 u.
1054 4108 1188 4158 Irenaeum
1205 4122 1270 4172 que·

124 4177 782 4311 1111111131·1111111111·
796 4173 1270 4308 1.1111111111111131ῑ

124 4317 229 4386 (Lips.
244 4310 320 4376 luto)
338 4328 397 4362 cum
410 4313 600 4374 Heliodorum,
623 4329 701 4378 quem
719 4315 827 4364 lrensei
842 4317 1050 4379 praeceptorem
1068 4313 1154 4362 luisse
1172 4311 1271 4360 Suidss

125 4385 259 4440 testatur
270 4395 291 4430 s.
305 4395 331 4430 v.
345 4373 515 4445 Hippourios,
534 4382 569 4430 ad
582 4381 717 4432 Hedrisui
730 4385 851 4432 aetatem
868 4385 1040 4454 revocasset,
1060 4379 1094 4430 sd
1111 4379 1269 4429 interiorem

124 4455 208 4510 adeo
224 4451 344 4498 setstem
357 4448 500 4498 irenaeum
512 4449 617 4499 referre
630 4455 743 4500 coaetus
756 4455 805 4500 est.
