3026 4970
478 477 743 540 CALLIOPE.
767 481 825 540 IX.
848 489 891 543 96.
915 488 958 543 tl.
1224 485 1287 546 259

148 653 348 737 συλλεγῆναι
367 647 448 740 πρὸς
465 647 526 720 τὸν
543 647 732 740 βάρβαρον,
756 647 825 720 ἀλλ’
844 647 885 721 ού
903 649 1021 738 λόγων.
1043 654 1114 720 ἐπεὶ
1134 647 1207 721 did
1231 661 1286 722 Τε-

147 749 266 838 γεήτης
288 754 456 842 προέθηκε
479 747 602 820 παλαιοὶ
625 753 681 821 καί
703 749 801 822 καιυύ
825 755 951 841 λέγειν,
980 749 1020 823 τδι
1046 755 1228 842 ἑκατέροισι
1252 757 1288 823 ἐν

147 855 195 921 scd
212 853 311 922 παντὶ
329 850 437 946 χρόνῳ
456 855 671 942 κατέργασται
689 851 825 943 χρηστοὶ,
844 850 1031 941 ἀναγκαίως
1049 849 1129 943 ἡμῖν
1146 861 1213 943 ἔχει
1232 859 1288 943 δη-

147 957 251 1022 luam
263 950 344 1044 πρὸς
356 949 470 1043 ύμίας,
482 950 566 1024 ὅθεν
579 949 659 1042 ἡμῖν
672 952 840 1045 πατρώϊόν
847 957 925 1042 ἐστι,
935 958 1027 1024 ἐοῦσι
1034 971 1203 1045 χρηστοῖσι
1210 958 1288 1045 αίεὶ,

147 1051 306 1144 ιιρσὶτοισι
320 1054 405 1125 εἶναι
418 1058 544 1144 μᾶλλον
561 1049 582 1142 ἢ
598 1051 738 1144 Ἀρκάσι.
766 1050 994 1146 Ἡρακλείδας,
1012 1060 1080 1126 ταῖν
1097 1046 1194 1126 ούτοί
1207 1078 1289 1145 φασι

147 1152 339 1226 ἀποκτεῖναι
357 1154 415 1226 τὸν
432 1150 578 1246 ἡγεμόνα
597 1159 633 1226 ἐν
648 1152 786 1250 Ἰσθμῷ,
809 1161 907 1230 τούτο
930 1159 992 1247 μὲν
1013 1155 1151 1239 τούτους
1175 1157 1288 1248 πρότε-

149 1286 225 1348 ρον,
251 1261 527 1346 ἐξελαυνομένους
544 1253 611 1327 ύτιδ
628 1255 764 1328 πάντων
780 1261 848 1328 τοῖν
861 1254 1045 1348 Ἑλλήνων,
1071 1262 1103 1340 ἐς
1120 1256 1198 1340 τούς
1216 1255 1289 1328 ἄπι-

148 1368 260 1428 κοίατο
278 1357 459 1448 φεύγοντες
479 1357 688 1448 δουλοσύνην
711 1357 792 1452 πρὸς
811 1369 1038 1450 Μυκηναίων,
1065 1363 1183 1450 μούνοι
1209 1355 1289 1430 dmo-

149 1458 340 1550 δεξάμενοι,
368 1457 431 1548 τὴν
458 1456 654 1550 Εὐρυσθέος
680 1456 781 1552 ὕβριν
804 1470 1013 1551 κατείλομεν,
1044 1459 1109 1532 σύν
1136 1465 1290 1532 ἐκείνοισι

147 1560 235 1652 μάχῃ
261 1559 455 1650 νικήσαντες
482 1559 559 1644 τούς
577 1560 650 1632 τότε
668 1569 803 1652 ἔχοντας
821 1562 1090 1652 Πελοπόννησον.
1126 1567 1224 1634 τούτο
1253 1564 1290 1633 δὲ

149 1725 212 1776 bene
225 1731 346 1788 moutuuu,
365 1728 510 1777 conuenisse
527 1741 573 1777 σοι
589 1727 636 1777 lum
648 1743 696 1792 pu·

147 1795 257 1857 prandi,
282 1809 332 1844 nom
350 1795 495 1844 altercandi
509 1809 600 1856 οσιιεα,
625 1797 694 1857 sive,

150 1865 181 1910 ut
199 1861 312 1926 exponit
328 1860 483 1926 Schweiglr.
508 1862 537 1911 in
553 1863 621 1911 Lex.
641 1863 695 1912 He·

150 1929 207 1978 rod.
222 1929 267 1990 (ll.
280 1945 343 1994 pag,
356 1929 413 1992 75)ι
427 1931 555 1990 „nouimus
565 1931 697 1995 pupnumli

149 2011 228 2046 σαιιιο
248 2013 301 2046 αισι
321 1997 393 2046 toste
413 1997 453 2047 llic
473 2013 519 2048 nos
539 1999 693 2060 conuertere,

149 2081 199 2114 nun
210 2079 349 2114 sermonum
354 2065 530 2128 faciendorum
539 2081 624 2128 ασιιεα,
638 2066 658 2114 i.
670 2081 695 2115 e.

149 2147 200 2182 non
212 2138 238 2180 ut
250 2133 332 2197 turpis
343 2131 500 2182 orationibus
516 2138 611 2197 tempus
623 2139 692 2182 turu-

149 2200 235 2251 mue.“
271 2199 363 2261 Quare
386 2199 459 2250 haud
478 2215 546 2264 opus
563 2215 624 2250 oum
640 2201 695 2250 Ne·

150 2267 217 2316 bero
229 2267 258 2315 in
269 2267 438 2332 Mnemosyn.
450 2267 497 2316 IV.
511 2283 575 2332 pag.
584 2266 617 2317 '29
629 2269 694 2318 seri·

151 2335 216 2384 bere
249 2327 421 2399 σύλλογον
449 2329 568 2398 τόνδε,
603 2351 695 2400 quam-

151 2417 233 2466 quem
249 2394 387 2468 σύλλογον
403 2401 553 2453 ποιεῖσθαι
568 2417 589 2452 s.
603 2401 695 2468 γίγνε-

150 2469 222 2520 σθαι
234 2469 334 2520 Nostro
346 2470 419 2520 huud
431 2471 606 2534 infrequens:
619 2471 693 2521 conl.

149 2537 218 2599 VII,
231 2536 257 2586 8.
272 2536 311 2587 10.
324 2539 405 2599 VIII,
418 2538 459 2588 24.
473 2537 513 2586 74.
526 2535 568 2587 83.
587 2537 695 2587 Plutar-

151 2605 219 2655 chus
237 2606 266 2654 in
283 2605 339 2658 Vit.
357 2605 470 2658 Aristid.
489 2604 521 2654 12
537 2605 608 2655 haee
624 2605 696 2656 hune

150 2673 180 2722 iu
197 2673 303 2722 modum
319 2674 437 2738 profert:
464 2663 586 2738 ἥκομεν,
607 2671 697 2738 induit

149 2740 299 2802 Aristides,
325 2732 360 2790 ου’
376 2741 435 2799 τοῖς
453 2733 612 2806 συμμάχοις
632 2755 695 2792 στα-

150 2801 312 2869 σιάσοντες,
340 2798 413 2858 ἀλλὰ
436 2799 612 2874 μαχούμενοι
636 2810 697 2866 τοῖς

149 2875 307 2940 πολεμίοις.
342 2875 449 2926 Similia
468 2875 601 2941 quaedam
619 2875 696 2926 diets

151 2942 235 2994 effert
246 2941 414 2994 Vulckonur.
429 2959 443 2992 e
457 2945 517 2995 Liv.
531 2944 644 3005 XXXII,
656 2943 697 2994 34.

150 3011 265 3060 Diodor.
284 3011 320 3062 11.
342 3027 369 3076 p.
388 3009 447 3062 638.
471 3011 594 3077 Euripid.
611 3011 698 3062 Phoe·

150 3079 219 3128 niss.
231 3077 291 3128 591.

192 3137 340 3212 προέθηκε
356 3173 388 3182 -
408 3138 511 3212 λέγειν]
536 3145 697 3210 Schweigh.,

151 3213 199 3280 qui
224 3213 298 3278 prius
319 3213 509 3264 intellexerat:
533 3216 638 3264 iustuuit
661 3215 702 3284 dl·¹

149 3297 212 3332 cere
222 3295 243 3332 s.
252 3283 395 3346 proposuit,
407 3288 433 3330 ut
443 3283 590 3344 diceremur,
601 3285 699 3347 postes

150 3350 232 3412 (Lex.
246 3349 312 3398 Her.
323 3349 358 3398 11.
368 3365 394 3414 p.
402 3345 462 3412 ²57)
475 3347 547 3398 hune
557 3349 623 3399 huie
634 3348 696 3399 loeo

150 3416 301 3466 eonvenite
315 3432 424 3466 sensum
440 3417 551 3466 statuit:
574 3420 697 3481 praetulit

150 3499 345 3535 commemorare
358 3483 402 3534 vel
413 3489 440 3533 ut
451 3499 697 3534 commemoraremus

151 3553 258 3618 antiqua
275 3558 299 3602 et
318 3568 389 3602 noua.
426 3552 469 3602 De
492 3567 545 3616 quu
563 3552 697 3617 interpre-

150 3619 258 3669 tntione
287 3621 383 3670 merito
413 3619 542 3669 dubitans
566 3619 697 3684 Stegerus

151 3686 238 3738 scribi
253 3687 340 3737 voluit
352 3679 453 3752 λέγων,
472 3702 524 3752 quo
542 3702 611 3738 sune
624 3687 698 3736 haud

152 3769 222 3820 opus
234 3755 357 3818 videtur,
374 3755 453 3805 modo
466 3755 556 3806 locum
569 3755 609 3806 sie
622 3755 697 3805 neei-

151 3823 228 3889 pins:
249 3823 357 3887 quando
367 3823 495 3888 Tegeutu
505 3827 639 3888 proposuit
651 3839 696 3873 an·

151 3892 225 3956 tiqua
242 3897 266 3939 et
284 3906 348 3940 nora
365 3892 487 3952 dicenda,
503 3896 641 3955 praeclare
655 3891 698 3954 sa·

150 3965 197 4008 eta
213 3957 245 4008 ud
261 3965 367 4024 utroque
384 3962 478 4024 populo
495 3961 561 4010 ormi
575 3965 697 4024 tempore.

199 4015 365 4144 ρῖναμιιριίως
387 4017 459 4092 ἡμῖν
488 4019 545 4107 ἔχει
560 4025 699 4107 Ιδηλιιῖοαι

148 4109 248 4213 ιτιῖδξὶτ
272 4091 699 4236 ffigesknaffldzbtrlllreadieggease

147 4231 286 4281 mulorum
296 4243 405 4280 suorum
419 4230 546 4280 lueinoru
555 4231 619 4280 hino
633 4243 700 4295 puu-

146 4299 194 4349 cis
219 4303 412 4349 commemorat
431 4297 634 4348 Pseudo-Plut.
656 4297 698 4346 De

144 4365 255 4418 Herod.
269 4366 382 4432 malign.
394 4381 458 4432 pag.
472 4365 521 4414 872
530 4367 562 4415 A.
595 4365 699 4416 Eodem

143 4433 204 4487 illu
223 4449 326 4500 magna
343 4449 404 4486 eum
421 4433 503 4485 leude
526 4432 700 4484 celebrentur

748 1727 782 1777 eb
796 1727 963 1790 oratoribus:
983 1729 1017 1778 ub
1027 1729 1150 1778 lsoerute
1164 1729 1192 1778 in
1202 1729 1290 1778 Pene-

747 1792 1079 1941 :llnllldlffrd
1096 1797 1291 1914 titillet:

746 1929 864 1996 ταφίοις
887 1933 970 1981 etism
992 1931 1100 1997 λογοις,
1126 1932 1224 1996 quibus
1244 1947 1291 1982 no·

747 1999 822 2048 mina
842 1999 1029 2064 praefiguntur
1048 1999 1243 2049 Demosthenis
1263 2005 1292 2049 et

746 2067 879 2132 Lysiae.“
906 2067 931 2118 V
936 2067 1056 2117 σίαλον.
1091 2067 1123 2116 In
1139 2067 1232 2118 verbis
1248 2081 1290 2116 se-

747 2134 893 2198 quentibus
907 2137 1040 2199 αρσιτσίσι
1058 2126 1134 2184 εἶναι
1151 2121 1292 2200 μᾶλλσνῆ

743 2191 853 2264 Ἀρκοίσι
879 2201 978 2252 voculu
1005 2200 1126 2268 μᾶλλον,
1157 2215 1228 2266 quoe
1255 2201 1290 2249 ab

746 2283 800 2319 uno
813 2267 952 2318 Senerolti
964 2269 1034 2320 libro
1045 2269 1131 2326 obest,
1145 2267 1238 2317 deletu
1249 2271 1291 2317 est

747 2353 764 2384 n
786 2335 950 2399 Schnelero,
976 2335 1238 2401 Schweighaeusuro
1263 2339 1292 2383 et

747 2403 917 2464 Gaislordi03
945 2401 1070 2468 equidem
1091 2417 1151 2452 eum
1176 2405 1291 2452 reeentt.

747 2471 806 2521 edd.
820 2470 1005 2521 revocandam
1017 2469 1081 2519 duxi
1092 2468 1217 2520 voculam
1230 2485 1291 2534 pro·

748 2539 832 2588 buute
853 2539 970 2588 Bredor.
992 2552 1056 2604 pag.
1075 2535 1121 2598 66,
1147 2538 1193 2602 qui
1215 2542 1292 2586 reete

748 2607 814 2656 milri
831 2621 940 2656 monere
957 2605 1084 2667 videtur,
1106 2619 1153 2654 eos
1170 2603 1246 2666 fulli,
1269 2605 1292 2654 si

749 2675 795 2739 qui
808 2674 909 2724 omissd
920 2672 1020 2724 vocum
1031 2671 1139 2738 μᾶλλον
1151 2671 1215 2720 inde
1229 2687 1291 2722 eon·

748 2740 871 2803 eludent,
897 2739 1095 2806 superlativum
1113 2754 1174 2790 eum
1191 2727 1212 2805 ἢ
1229 2739 1257 2788 h.
1273 2739 1292 2790 Ι.
1321 2791 1322 2794 ,

746 2825 796 2874 pro
820 2809 1009 2873 comparativo
1040 2822 1101 2858 esse
1131 2806 1292 2883 adhibitum.

746 2877 800 2925 Pro
817 2866 838 2941 ἢ
853 2875 946 2926 Neber
963 2875 981 2924 l.
999 2875 1016 2925 l.
1035 2875 1119 2925 scribi
1135 2873 1194 2924 vult
1209 2889 1292 2940 ηιτερ.

748 2944 841 3010 Ipsum
864 2943 1031 2994 sententiam
1052 2941 1295 3008 Schweighaeuse-

749 3025 795 3061 rus
813 3015 888 3061 recte
908 3027 967 3061 eum
991 3012 1019 3060 in
1036 3009 1143 3060 modum
1160 3009 1293 3060 reddidit:

749 3095 852 3129 neeesse
876 3085 914 3129 ert
936 3079 1006 3130 υσδίσ
1029 3093 1197 3142 exponerem,
1227 3079 1293 3127 unde

749 3146 832 3206 nodis,
852 3149 895 3212 qui
908 3161 1009 3211 semper
1022 3147 1107 3210 sortes
1120 3145 1224 3208 sumnus,
1242 3161 1293 3194 mn-

749 3217 789 3279 pis
808 3216 919 3278 putrium
940 3217 974 3264 sit
995 3230 1067 3280 quum
1083 3211 1242 3273 Arcadibus,
1268 3217 1295 3260 ut

749 3284 825 3346 pm'mi
846 3283 929 3332 rimus.
951 3307 986 3318 -
1008 3281 1072 3330 Mox
1096 3295 1111 3329 e
1134 3279 1294 3328 Florentino

748 3349 865 3414 ullisque
879 3348 941 3398 dedi
952 3335 1033 3399 σύτοί
1041 3360 1121 3412 φασι,
1134 3346 1182 3424 ulti
1192 3345 1293 3395 Schue-

748 3417 823 3467 Ierus
841 3432 902 3466 eum
919 3415 1017 3466 Mutth.
1037 3412 1108 3479 φασί
1130 3427 1217 3463 ουτοι.
1252 3413 1292 3462 Ao

747 3483 831 3550 paulo
854 3489 917 3550 post
939 3497 1022 3535 voees
1046 3479 1129 3531 torino
1152 3472 1206 3546 μὲν
1228 3483 1292 3528 aute

747 3549 866 3610 τούτους
883 3551 1019 3600 immerito
1037 3565 1069 3599 ex
1087 3563 1140 3597 uno
1153 3545 1292 3597 Sanerol'

749 3620 845 3670 codice
878 3619 971 3670 omisit
998 3616 1177 3677 Schuelerus,
1214 3629 1293 3679 quem

748 3687 855 3750 Matth,
866 3685 986 3744 Belrlrer,
996 3683 1122 3734 Dindorl.
1130 3689 1157 3732 et
1166 3681 1293 3732 Dietseh.

750 3759 907 3821 sequuntur.
936 3752 1005 3804 Mihi
1022 3756 1192 3802 coeterorum
1211 3749 1294 3800 libro·

749 3838 807 3872 rum
832 3823 983 3872 auotoritas
1013 3825 1155 3886 praestare
1179 3817 1293 3868 videba-

750 3896 806 3952 tur,
825 3891 918 3955 itaque
932 3889 1040 3939 retinui.
1068 3887 1216 3953 Repetitur
1229 3901 1293 3951 quo·

750 3974 803 4023 que
821 3973 882 4007 eum
900 3957 928 4007 vi
946 3955 1064 4020 quodum
1076 3947 1208 4016 τούτους,
1226 3953 1296 4002 lieet

751 4025 900 4076 antecedat
912 4018 1115 4087 Ἡρακλείδας,
1134 4021 1205 4087 quod
1222 4021 1295 4070 idem

750 4091 810 4143 fieri
820 4092 944 4142 videmus
955 4091 1025 4156 apud
1032 4093 1160 4142 Nostrum
1166 4089 1227 4151 VIl,
1234 4087 1294 4138 22l.

750 4161 800 4220 ΙΙΙ,
813 4158 859 4224 85,
873 4159 922 4208 ubi
933 4159 988 4210 vid.
1002 4163 1070 4208 nott.

784 4223 837 4292 τὴν
861 4217 1029 4291 Εὐρυσθέος
1056 4215 1141 4291 ύβριν
1169 4221 1294 4274 κατείλο-

750 4294 813 4360 μεν]
837 4293 1001 4359 „Eurysllaei
1019 4295 1124 4344 ίσίαιίιαι
1144 4296 1294 4354 sustulimus,

746 4365 822 4426 finem
845 4365 943 4412 illarum
962 4361 1102 4426 seolmue¹⁸
1138 4359 1295 4424 Solusap-

750 4432 894 4482 llaeueer.
924 4431 953 4480 in
980 4429 1077 4480 Lexie.
1101 4426 1234 4478 Herodot.
1258 4425 1294 4476 11.

1026 4511 1091 4578 17*
