3040 4962
267 495 307 554 50
705 484 971 546 HERODOTI

266 653 352 749 ἦσαν
375 665 409 730 ol
424 657 585 750 βάρβαροι
611 655 757 738 ἐπιόντες
781 659 837 726 καὶ
854 653 1007 747 circipene
1024 653 1061 726 τὸ
1079 653 1169 746 ίρόν,
1198 655 1367 752 ἐντούτῳ
1393 653 1411 728 ὁ

266 759 454 852 προφήτης,
479 764 528 853 τῷ
549 757 677 849 οὕνομα
694 749 737 848 ἦν
758 755 949 848 Ἀκήρατος,
973 752 1036 850 ὁρᾷ
1059 756 1123 850 ιτρό
1140 761 1202 828 τοῦ
1217 763 1304 848 νηοῦ
1320 756 1411 830 ὅπλα

266 869 466 953 προκείμενα
493 869 624 932 ἔσωθεν
648 863 684 931 ἐκ
705 863 767 930 τοῦ
788 858 935 950 μεγάρου
959 862 1210 950 ἐξενηνειγμένα
1237 858 1310 948 ἱρὰ,
1339 865 1411 930 τοῖν

265 961 328 1036 οῦκ
345 961 439 1036 ὅσιον
456 953 499 1052 ἦν
516 959 681 1034 ἅπτεσθαι
699 957 893 1052 ἀνθρώπων
909 957 1036 1032 οῦδενί.
1072 955 1090 1031 ὁ
1108 963 1170 1051 μὲν
1189 959 1231 1049 δὴ
1248 959 1301 1050 ἤϊε
1321 973 1410 1032 Δελ-

265 1071 343 1156 poio
368 1083 454 1138 τοῖσι
481 1067 643 1156 παρεοῦσι
670 1064 847 1154 σημανέων
879 1060 915 1132 τὸ
941 1065 1045 1152 τέρας.
1101 1069 1147 1133 01
1177 1064 1215 1133 δὲ
1241 1062 1410 1154 βάρβαροι

266 1165 380 1257 ἐπειδὴ
400 1171 548 1256 ἐγίνοντο
567 1164 772 1256 ἐπειγόμενοι
791 1161 872 1235 κατὰ
895 1161 931 1234 τό
950 1161 1023 1254 ι’ρόν
1041 1168 1098 1252 τῆς
1116 1173 1285 1254 Προνηΐης
1307 1161 1411 1254 Ἀθη-

264 1278 377 1360 ναίης,
410 1273 596 1358 ἐπιγίνεταί
616 1289 676 1357 σφι
699 1269 795 1358 τέρεα
819 1274 866 1336 ἔτι
890 1267 1008 1356 μέζονα
1031 1270 1092 1336 τοῦ
1115 1268 1197 1358 πρὶν
1220 1269 1409 1356 γενομένου

860 1463 1406 1528 <>

298 1601 347 1656 καὶ
360 1595 492 1668 οἷπσῦρεον
505 1594 537 1652 τὸ
550 1595 624 1667 ι’ρὸν]
643 1601 730 1668 Vulgo
749 1601 808 1651 red·
860 1615 909 1648 sco
922 1615 948 1648 u.
961 1600 1074 1650 Forsoh.
1091 1601 1119 1650 in
1133 1601 1289 1651 Griechenl.
1303 1603 1325 1650 I.
1340 1617 1407 1667 pag.

265 1673 344 1722 dunt:
364 1671 405 1730 (ut
422 1686 487 1721 vero
501 1670 754 1735 adpropinquarunt
768 1670 809 1718 in·
860 1667 893 1716 35
911 1683 986 1732 seqq.

265 1741 400 1792 rodentes
415 1738 537 1800 borboni)
555 1740 654 1803 iamque
665 1741 691 1787 in
704 1753 809 1801 conspe·
894 1726 948 1801 ὁρᾷ
960 1727 1015 1799 πρὸ
1028 1733 1079 1784 τοῦ
1092 1733 1165 1800 νηοῦ
1176 1727 1250 1786 ὅπλα
1261 1761 1296 1772 —-
1308 1727 1407 1801 ἐξενη-

264 1807 595 1869 ctuhobnernntlemplom,
609 1805 681 1860 sive,
695 1806 808 1853 utLen·
861 1797 996 1867 νειγμὲνα
1020 1795 1081 1868 ipat]
1114 1805 1130 1853 i.
1150 1819 1174 1852 e.
1192 1805 1316 1868 conspicit
1334 1821 1408 1854 σινισ

265 1875 327 1940 gius
345 1874 441 1923 vertit=
466 1873 517 1922 und
536 1873 614 1922 echon
636 1873 685 1920 den
707 1871 809 1936 Tempe!
858 1887 936 1921 samo
948 1873 1105 1920 meccedem
1123 1874 1241 1934 proiecta
1252 1873 1407 1922 intrinsecus

264 1942 388 2005 nnsicblip
404 1941 522 1996 τοιαῦται
546 1941 592 1988 vix
615 1944 759 1999 accurate,
784 1941 808 1988 si
860 1939 905 2001 (ex
923 1939 1047 1988 interiori
1065 1939 1144 2000 sede)
1161 1941 1317 1998 bucellato,
1341 1955 1407 2005 pune

264 2009 372 2074 quidem
390 1999 507 2072 α’φορᾱν
520 2007 540 2056 11
553 2007 692 2068 dicuntur,
713 2008 759 2071 qui
774 2022 808 2056 ex
859 2013 965 2071 inopere
982 2009 1096 2071 cuiqnam
1108 2007 1228 2056 bourdonn
1241 2009 1314 2070 nesus
1326 2009 1405 2057 ‹lnce-

265 2077 361 2126 nltiore
379 2076 453 2136 leco,
473 2075 501 2124 in
520 2090 573 2139 qno
592 2073 720 2124 collocuti
735 2079 807 2136 sunt,
859 2074 928 2122 boot.
959 2073 1013 2124 Ubi
1026 2089 1121 2123 vocem
1136 2069 1257 2134 ἔσωθεν,
1278 2089 1360 2138 qnam
1377 2076 1406 2122 in

264 2145 292 2193 in
304 2144 461 2192 inferiorem
476 2157 590 2206 cumque
606 2147 737 2191 remotum
748 2157 808 2206 pro·
860 2135 971 2203 ἔξωθεν
982 2143 1082 2190 mutari
1100 2141 1225 2192 voluerut
1237 2141 1404 2207 Stephanus,

264 2212 397 2277 spiciunt,
427 2215 458 2260 ut
485 2211 557 2274 spnd
581 2210 697 2259 Lucinn.
721 2209 806 2258 Dinll.
859 2209 1226 2275 benetueturWesseling.‚
1247 2210 1404 2274 quemreli-

263 2281 347 2330 Morr.
361 2279 377 2328 ll
390 2279 418 2328 in
432 2277 476 2328 fin.
497 2267 655 2338 (duodevice
674 2269 702 2335 ἐς
715 2269 809 2342 βάθος
860 2277 906 2341 qui
925 2276 1044 2326 editores
1063 2277 1159 2326 merito
1178 2279 1266 2327 secuti
1284 2282 1360 2338 sunt,
1380 2277 1404 2326 si

263 2337 394 2413 οἷγανὲς),
413 2346 526 2396 Diodor.
546 2345 630 2396 Sicnl.
645 2346 676 2406 V,
695 2345 741 2405 511,
761 2345 808 2394 ο1ιί
860 2343 968 2408 quidem
993 2359 1070 2394 armo
1087 2351 1183 2410 sponte
1206 2361 1256 2395 sun
1276 2361 1290 2394 o
1308 2344 1405 2410 templi

263 2414 472 2478 IovisAtebyrii
490 2413 620 2480 templum
635 2413 736 2463 dicitnr
751 2411 807 2462 κεί-
859 2410 996 2476 ponetreli
1014 2405 1136 2476 (ἔσωθεν
1154 2403 1184 2462 is
1202 2411 1253 2463 τοῦ
1265 2408 1404 2478 μεγάρου)

262 2499 351 2549 μενον
364 2474 412 2534 iul
423 2497 501 2540 τινος
512 2473 626 2548 ῦψηλής
638 2472 742 2544 ἄκρας,
757 2469 809 2544 εἶφ’
861 2480 960 2530 exiisse
979 2479 1113 2530 dicuntur
1143 2481 1201 2530 Vox
1215 2473 1263 2545 ἶρῦ
1276 2496 1330 2530 non
1343 2481 1403 2530 sine

263 2540 733 2616 ἦςέοτινοῖφορῦντήνΚρήτην,
753 2549 808 2597 Its·
860 2547 887 2597 si
911 2547 1028 2612 quedem
1051 2549 1092 2597 its
1114 2547 1223 2598 videtur
1245 2563 1306 2598 esse
1329 2553 1403 2613 post·

264 2633 315 2682 que
329 2619 430 2666 Persae
450 2632 467 2665 s
485 2617 671 2680 septentrione
685 2615 807 2680 Delpho
859 2615 958 2680 posits.
983 2612 1403 2682 Α(1νοοειομεγα’ρον,ηιιειὶη-

262 2685 382 2750 proiecti
400 2685 434 2732 eli
451 2683 509 2744 viri,
530 2699 599 2748 quse
616 2699 664 2746 per
676 2684 807 2732 montium
859 2685 966 2732 interior
978 2685 1064 2748 templi
1071 2699 1138 2748 pars
1152 2699 1173 2733 s.
1184 2689 1319 2748 penetrale
1332 2685 1402 2732 indi·

263 2753 329 2815 iuge
342 2751 474 2811 docebat,
494 2751 605 2815 propius
618 2765 678 2798 cum
692 2750 807 2799 accede·
859 2751 917 2799 cori
936 2749 1018 2812 solet,
1039 2751 1110 2800 eonl.
1129 2757 1198 2801 nott.
1218 2752 1253 2801 sd
1270 2753 1292 2814 1,
1305 2752 1348 2800 47.
1361 2751 1402 2800 65.

263 2821 336 2879 rent,
362 2818 524 2866 ementium
543 2816 702 2878 altitudine,
726 2831 807 2881 qnam
858 2818 909 2878 Vl,
931 2817 978 2867 134
1001 2823 1029 2866 et
1046 2819 1111 2881 VII,
1135 2817 1191 2872 140.
1230 2821 1328 2885 ltsqne
1351 2819 1402 2868 hoe

263 2885 428 2949 attigerunt,
449 2883 511 2932 inde
524 2884 729 2948 prospiciebant
742 2883 806 2933 Del·
858 2884 919 2934 loeo
949 2885 1121 2951 significetur
1149 2886 1246 2951 templi
1275 2885 1402 2952 Delphici

262 2951 331 3017 phos
355 2951 384 3000 in
402 2950 475 2999 velle
500 2951 634 3014 prolunds
658 2957 740 3016 utque
759 2967 806 3000 an·
858 2953 1037 3018 adytonsive
1056 2969 1233 3017 enomere,
1253 2970 1323 3019 quse
1341 2970 1401 3020 pro·

263 3023 353 3083 gusto,
365 3017 483 3082 undique
497 3019 634 3067 montibus
647 3033 680 3067 ee
693 3019 806 3084 rupibus
857 3021 929 3070 xime
949 3021 1107 3086 attingebat
1125 3023 1212 3088 ipsum
1232 3028 1338 3072 sntrnm
1353 3021 1401 3071 ho·

262 3085 385 3148 incluse,
414 3087 442 3134 in
467 3100 546 3150 quum
570 3085 729 3136 descensuri
752 3087 807 3136 ium
859 3087 910 3137 litu
928 3089 1036 3154 insigne
1055 3103 1069 3138 ε
1088 3095 1163 3139 terro
1175 3091 1329 3148 exoriente,
1349 3104 1402 3153 quo

263 3158 355 3213 erent,
379 3152 460 3214 sitos,
481 3152 574 3216 ibique
587 3169 679 3203 eorum
692 3153 765 3204 oculi
778 3169 807 3204 se
859 3155 959 3218 Pythie
977 3157 1108 3206 divinitus
1128 3157 1225 3207 niflets
1246 3157 1401 3216 ferebatun

261 3220 429 3286 potissimum
454 3221 652 3271 convertebant
679 3222 713 3270 sd
740 3226 806 3271 tcm·
858 3222 913 3271 vid.
938 3222 1048 3273 Ulriehs
1071 3224 1090 3273 l.
1114 3224 1131 3275 1.
1154 3241 1219 3290 pag.
1241 3223 1284 3275 96.
1325 3225 1400 3274 Voce

261 3287 335 3354 plum
349 3288 421 3337 inter
433 3287 540 3352 relique
553 3288 719 3354 Delphorum
733 3289 808 3340 aedi·
859 3287 931 3354 νηοῦ
949 3291 1036 3354 ipsam
1056 3291 1151 3342 aedem
1169 3294 1228 3342 sive
1247 3291 1347 3342 cellam
1366 3293 1400 3341 si-

261 3355 325 3406 licio
346 3355 428 3422 longe
452 3357 574 3406 eminens
597 3356 723 3422 idemque
745 3357 807 3407 loeo
858 3356 998 3420 pollicari,
1023 3360 1091 3409 sotis
1108 3365 1186 3425 putet
1204 3376 1237 3410 ex
1255 3360 1305 3421 iis,
1330 3375 1400 3424 qnae

193 3429 199 3442 '
264 3423 346 3490 poulo
375 3423 491 3475 editiore
518 3428 696 3486 exstructum,
727 3441 807 3490 quem
859 3423 1399 3489 nd1,50monuimus;edd.Ulriehsl.l.

265 3493 342 3556 vieo,
366 3493 411 3543 cui
433 3507 532 3542 nomen
551 3491 656 3556 doctri,
680 3507 753 3542 nune
775 3509 808 3542 ex
859 3507 922 3557 μορ.
935 3491 969 3541 98
981 3509 1053 3558 serp:
1072 3487 1104 3544 τὸ
1117 3488 1196 3558 ἱερὸν
1208 3499 1299 3545 sutem
1315 3499 1399 3544 totum

266 3565 344 3626 parte
363 3561 493 3626 oeoupsri
512 3565 628 3610 constet.
658 3561 737 3610 Haec
755 3561 807 3626 igi·
858 3559 954 3625 templi
972 3561 1102 3612 ambitum
1125 3563 1262 3622 declaret,
1286 3567 1317 3611 nt
1337 3577 1399 3612 mox

264 3633 309 3676 tur
336 3633 484 3678 tonsnntnr
512 3628 547 3677 nd
577 3629 632 3678 vim
663 3627 806 3677 verborum
858 3643 919 3693 sep.
933 3627 975 3678 39.
1011 3630 1048 3679 Ut
1061 3629 1095 3679 sd
1107 3630 1195 3696 ipsum
1207 3630 1324 3695 denique
1339 3645 1399 3694 por-

261 3683 393 3756 α’τταίρεον
411 3689 442 3744 τὸ
461 3689 526 3758 lodo
549 3698 618 3746 sutis
636 3695 804 3760 perspicien·
856 3699 963 3746 tentum
974 3698 1098 3760 veniam,
1117 3697 1208 3748 simile
1221 3697 1286 3764 qnid
1298 3697 1400 3746 Thebis

262 3760 333 3808 dem.
365 3761 407 3809 De
425 3763 485 3826 ipso
497 3762 664 3828 Delphorum
680 3765 734 3812 situ
747 3763 805 3827 plu·
858 3769 921 3814 onte
935 3765 1109 3815 Leuctricam
1127 3781 1246 3831 pugnem
1263 3766 1398 3815 occidisse

262 3826 338 3876 ribus
357 3841 493 3891 exponere
511 3829 591 3879 huius
608 3830 662 3879 loci
680 3846 735 3879 non
753 3835 803 3892 est,
856 3837 953 3881 norrnt
975 3833 1073 3882 Cicero
1102 3834 1144 3882 De
1168 3833 1253 3883 divin.
1272 3835 1300 3894 1,
1327 3831 1359 3882 34
1383 3847 1400 3880 s

261 3892 309 3941 obi
328 3908 362 3942 ea
381 3899 500 3956 tuntum,
523 3911 594 3960 quse
618 3897 653 3946 sd
671 3897 806 3946 Herodoti
856 3898 1042 3950 Valckenario
1071 3900 1212 3960 laudatum
1242 3902 1270 3950 in
1298 3900 1399 3965 templo

261 3959 349 4015 verbs
368 3961 534 4024 explicando
556 3966 804 4026 neeessarin'snnt‚
857 3966 985 4018 Herculio
1003 3968 1063 4018 scil.
1076 3967 1173 4018 valvus
1192 3968 1302 4018 elsusss
1320 3983 1397 4032 repn-

264 4027 428 4076 offeruntur:
456 4027 535 4092 pluro
558 4032 604 4094 qui
627 4037 755 4096 quaeret,
781 4033 805 4081 is
857 4033 1036 4096 gulissnbito
1055 4037 1177 4100 seipsos
1197 4036 1337 4101 opemisse
1357 4049 1398 4084 nr·

264 4094 348 4143 adest
365 4095 466 4144 Krnse:
486 4095 583 4146 Helles
602 4099 637 4154 Π,
653 4099 678 4149 2.
697 4115 760 4166 pag.
773 4101 804 4150 41
857 4117 969 4166 meque,
984 4118 1053 4167 quoe
1066 4103 1121 4153 iixs
1134 4104 1161 4153 in
1174 4103 1328 4170 perietibus
1340 4103 1397 4151 ino·

264 4161 805 4232 seqq„clarke:Travels11,3.eap.vl.
857 4169 926 4230 rint,
956 4185 1073 4220 coesse
1097 4170 1316 4221 humiinvents.
1357 4169 1398 4218 'Pu

260 4243 325 4294 pag.
345 4227 392 4278 177
404 4245 495 4293 seqq.‚
515 4229 624 4280 Leuke:
643 4233 758 4284 Trnvels
777 4235 805 4283 in
855 4237 910 4285 vid.
921 4251 1026 4302 quoqne
1038 4237 1395 4303 Xenoph.11ellen.vl.4.7.

259 4296 354 4376 North.
369 4295 472 4346 Greeoe
493 4297 528 4346 11.
546 4313 609 4362 pag.
623 4297 670 4348 551
684 4303 759 4366 s'eqq.
776 4307 805 4351 et
854 4303 968 4354 Diodor.
986 4305 1043 4354 XV.
1064 4321 1124 4370 esp.
1144 4305 1191 4368 53,
1213 4321 1279 4370 quos
1299 4306 1334 4354 sd
1353 4304 1395 4354 ci·

258 4365 427 4480 potissimum
440 4363 581 4415 Thiersch.
595 4366 636 4416 in:
655 4367 802 4418 Ahhondll.
855 4372 962 4422 eeronis
980 4371 1068 4422 locum
1087 4373 1217 4422 Davisius
1234 4373 1367 4424 loodnvit.

278 4467 284 4480 .
311 4431 528 4497 philos-philol.
552 4431 647 4484 Classe
675 4434 701 4486 d.
731 4435 801 4486 beir.
887 4436 937 4504 τῆς
961 4435 1109 4506 Προνηΐης
1132 4433 1296 4507 Ἀθηναίης]
1324 4439 1395 4506 Προ-
