2984 4962
254 463 314 525 ιιι)
633 411 638 420 ”
663 459 977 520 nosrunuranm

253 633 318 685 haec
334 631 398 684 nihil
415 632 542 704 obstant,
564 648 618 702 qno
640 632 729 686 minas
749 649 820 702 qnae
843 632 894 685 iam
916 638 997 685 antea
1015 631 1043 684 in
1063 631 1211 686 itineribus
1226 633 1382 706 longinquis

252 719 286 770 de
301 715 374 782 Asia,
392 716 425 770 de
441 716 596 783 Persarum,
613 718 790 785 Graecorum,
808 718 921 771 eliorum
936 719 1020 770 rebus
1040 717 1094 770 sibi
1116 717 1229 772 collecte
1248 725 1277 772 et
1290 725 1382 790 parata

252 797 417 870 hahuerit*)
446 805 525 871 peter
559 802 704 870 historiae,
741 802 882 873 Olympiae
913 802 1078 873 praelegerit
1107 803 1264 872 speciminis
1291 821 1380 874 causa

251 893 395 957 antequam
409 885 531 940 'l'hnrios
546 887 731 955 discessisset,
753 888 921 942 Graecorum
935 888 963 940 in
976 887 1097 940 notitiem
1114 905 1168 958 qno
1187 888 1303 943 veniret.
1316 890 1381 943 Nam

251 971 362 1026 multam
382 971 476 1039 abest,
501 977 532 1025 ut
553 987 637 1043 opus,
657 972 738 1044 quale
758 989 832 1026 nnnc
854 977 957 1041 exstet,
972 971 1019 1024 illa
1033 972 1157 1026 sollemni
1172 973 1329 1041 occasione,
1349 975 1382 1028 ab

250 1056 391 1112 Herodoto
416 1061 502 1109 totum
522 1057 665 1112 recitatum
692 1058 780 1111 luisse
801 1063 943 1128 putemus;
962 1063 1066 1126 partem
1087 1058 1180 1128 operis
1199 1057 1244 1111 ille
1267 1059 1382 1129 qualem·

251 1158 369 1211 cunque,
384 1141 443 1194 sive'
456 1135 598 1214 20⁹7th
614 1143 706 1197 dicere
721 1142 792 1196 solet
800 1142 853 1212 tt),
876 1141 1024 1213 preelegit,
1041 1143 1157 1196 Graecis
1172 1147 1383 1210 monstraturos,

251 1226 365 1299 quidde
380 1227 590 1297 seipsodeqna
613 1245 696 1297 opere
718 1245 770 1281 sno
792 1227 1003 1297 exspectandum
1025 1235 1114 1297 esset,
1136 1235 1239 1298 partem
1260 1227 1320 1281 dico
1340 1228 1384 1282 vel

251 1329 343 1366 rerum
358 1311 550 1380 Asiaticorum,
573 1317 604 1365 nt
619 1312 723 1382 Heysio
739 1313 829 1383 placet
842 1313 858 1366 l.
876 1312 894 1365 l.
911 1330 938 1383 p.
953 1315 1001 1384 41,
1022 1313 1066 1365 cni
1088 1313 1160 1366 hand
1176 1313 1233 1366 scio
1254 1329 1288 1366 an
1309 1319 1383 1368 recte

251 1398 278 1450 in
301 1415 334 1450 eo
352 1397 517 1466 obloquatur
532 1397 664 1466 laegerns
680 1398 698 1452 l.
714 1397 732 1451 l.
745 1416 772 1468 p.
787 1401 814 1465 9,
835 1397 879 1452 vel
895 1415 984 1452 rerum
1000 1397 1177 1454 Graecarum.
1210 1398 1294 1468 Nam,
1309 1399 1383 1468 qnod

251 1487 326 1536 recte
348 1481 489 1534 contendit
503 1481 614 1550 Kriiger
634 1483 652 1536 1.
669 1483 686 1536 1.
706 1499 733 1551 p.
746 1486 795 1549 ³1,
819 1482 898 1536 valde
918 1483 951 1535 fit
969 1483 1125 1552 probabile,
1147 1483 1316 1536 Herodotum
1330 1482 1385 1536 iam

251 1567 360 1636 Olymp.
375 1565 525 1633 LXXXIII,
541 1569 557 1621 3
573 1573 601 1620 et
617 1567 764 1635 LXXXIV,
782 1571 794 1620 1
818 1573 923 1620 tantam
946 1567 1076 1620 habuisse
1094 1566 1275 1635 elaboratam,
1295 1583 1384 1637 qnan-

233 1659 307 1704 'tum
322 1651 357 1703 ad
373 1651 580 1719 praelectionem
597 1653 745 1705 habendam
759 1651 915 1718 sufficeret3
931 1669 981 1704 nec
995 1668 1111 1722 prorsus
1125 1651 1190 1704 inde
1207 1651 1386 1705 reiiciendnm

251 1736 353 1789 Saldae
369 1735 560 1803 testimoninm,
576 1739 652 1791 Sami
664 1738 794 1790 historias
809 1753 875 1790 suas
889 1735 1058 1790 Herodotum
1072 1736 1287 1806 conscripsisse:
1304 1738 1385 1790 modo

183 1809 187 1818 ⁴
251 1838 287 1873 ne
301 1826 387 1873 totum
404 1819 484 1891 quale
499 1839 573 1874 nunc
586 1822 710 1876 manibus
727 1823 841 1875 terimus
856 1838 926 1891 opus
942 1821 980 1874 ibi
995 1821 1161 1875 elaboratum
1181 1821 1269 1875 luisse
1289 1823 1386 1875 existi-

250 1899 397 1972 mes***);
421 1921 580 1976 quamquam
595 1906 705 1976 longius
723 1907 856 1960 Nostrum
873 1907 922 1960 hac
936 1907 963 1959 in
980 1906 1071 1960 insula
1086 1912 1274 1962 commoratum
1293 1907 1387 1960 fuisse

251 1989 331 2043 valde
346 1989 494 2058 probabile.
525 1991 587 2046 Vid.
603 1997 672 2044 nott.
687 1992 721 2044 ad
733 1991 784 2058 Ill,
799 1994 834 2046 69
848 1997 876 2045 et
893 1995 949 2048 139.
975 1991 1048 2044 Hinc
1062 1992 1157 2064 igitur,
1172 1991 1318 2045 itineribus
1335 2009 1388 2061 per

251 2075 351 2142 Asiam,
367 2074 493 2140 Africam,
504 2074 572 2130 alies
589 2077 664 2130 orbis
678 2083 812 2130 terrerum
827 2083 920 2146 partes
935 2077 1025 2142 lacus,
1039 2077 1067 2129 in
1079 2076 1221 2130 Graeciam
1242 2078 1388 2146 prolectas
1477 2111 1478 2120 ι

252 2161 369 2212 recitare
388 2159 548 2214 Herodotus
576 2162 667 2232 potuit
690 2161 847 2231 Olympiae:
867 2179 921 2233 qno
940 2163 998 2214 loco
1028 2161 1182 2214 istiusmodi
1207 2161 1388 2214 recitationes

251 2245 340 2298 fnisse
354 2243 460 2298 habitas
476 2244 520 2299 vel
534 2263 575 2314 ea,
591 2264 662 2318 qnae
683 2246 789 2300 Dahlm.
810 2247 828 2299 l.
844 2247 862 2302 l.
879 2265 905 2316 p.
924 2249 955 2302 19
973 2246 1080 2316 attulit,
1106 2247 1321 2316 satis'prohant3
1342 2247 1388 2298 at*-

252 2333 360 2383 lirmant
375 2329 559 2400 recitationes,
577 2349 647 2402 quas
658 2333 829 2385 Herodotum
843 2331 968 2398 Athenis,
986 2331 1114 2384 Corinthi
1129 2339 1157 2384 et
1171 2333 1289 2385 tortasse
1305 2330 1389 2385 etiam
1477 2403 1478 2406 Ἴ

251 2415 354 2469 Thebis
374 2415 503 2470 habuisse
525 2417 687 2484 traduntls).
718 2417 774 2470 Sed
791 2417 820 2469 id
839 2416 930 2469 bacin
955 2421 1013 2468 tcta
1033 2416 1195 2488 quaestione
1214 2415 1390 2486 potissimum

250 2501 339 2554 teneri
356 2499 444 2568 velim,
458 2519 513 2554 non
526 2505 621 2568 totum,
636 2501 716 2572 quale
731 2519 805 2555 nnnc
816 2507 914 2566 exstet,
931 2517 1001 2571 opus
1017 2503 1051 2554 ab
1066 2500 1207 2555 Herodoto
1219 2500 1389 2570 praelectum

251 2586 352 2652 luisse,
367 2585 416 2638 sed
434 2591 525 2655 partes
537 2592 641 2640 matum
656 2587 747 2656 operis
762 2587 892 2658 quasdam
906 2591 968 2638 ante
984 2585 1152 2653 elaboretas;
1169 2591 1200 2638 nt
1216 2585 1283 2639 adeo
1296 2589 1390 2640 totum

253 2687 321 2738 opus
342 2671 484 2723 recitatum
510 2671 535 2723 si
557 2671 719 2740 pronuntiat
737 2672 877 2724 Lucienus
894 2671 912 2722 l.
933 2687 1018 2740 supra
1032 2671 1060 2738 l.,
1082 2687 1137 2722 mm
1151 2689 1202 2740 pro
1217 2687 1291 2724 more
1305 2687 1391 2724 esor-

253 2771 334 2806 nesse
346 2759 374 2806 et
385 2754 565 2824 amplificasse
578 2755 718 2825 putandus
734 2756 785 2822 sit3
801 2774 834 2809 ex
846 2771 900 2826 quo
911 2763 1000 2808 tamen
1016 2755 1123 2808 minime
1134 2755 1161 2808 id
1177 2756 1313 2826 sequitur,
1329 2773 1393 2808 om-

252 2855 311 2890 nem
332 2839 499 2892 recitationis
521 2841 704 2893 narrationem
724 2842 855 2893 continno
881 2858 930 2909 pro
956 2839 1026 2892 falsa
1044 2845 1072 2893 et
1088 2841 1187 2893 licticie
1205 2857 1267 2894 esse
1283 2841 1392 2894 haben-

252 2923 384 2989 dam††)=
405 2923 438 2975 ad
454 2940 532 2994 qnam
548 2925 713 2994 probandam
728 2925 771 2978 vel
786 2925 860 2977 aliud
876 2925 976 2977 afferre
996 2925 1060 2978 licet
1076 2925 1248 2995 antiquitatis
1263 2925 1394 2978 testimo-

253 3007 340 3074 nium,
368 3025 400 3060 ex
420 3025 474 3078 quo
498 3015 573 3062 certe
600 3009 780 3080 intelligitur,
806 3009 875 3062 hanc
897 3011 991 3062 lamam
1013 3011 1047 3063 de
1070 3009 1204 3063 Herodoti
1225 3009 1395 3065 recitatione

253 3091 394 3162 Olympiae
410 3092 500 3146 habita
515 3094 554 3146 ita
569 3093 722 3166 antiquitus
737 3099 914 3166 propagatam
930 3095 1034 3163 luisse,
1057 3101 1088 3148 nt
1105 3093 1149 3156 nel
1164 3095 1311 3165 proverbio
1332 3096 1396 3148 ori-

253 3323 311 3358 rum
328 3313 433 3374 partem
451 3308 486 3359 ab
504 3309 642 3360 Herodoto
660 3309 689 3360 in
707 3310 901 3362 Graecinium
920 3310 1074 3361 absolutam
1092 3311 1193 3372 luisse,
1211 3311 1278 3360 licet
1296 3310 1400 3364 altera

253 3381 330 3441 parte
349 3381 445 3443 postea
461 3377 590 3442 temporis
609 3379 643 3428 ed
661 3377 742 3429 finem
760 3378 906 3444 perducta3
929 3379 977 3429 sed
996 3381 1106 3444 quinam
1124 3379 1187 3428 libri
1209 3378 1319 3428 Thuriis
1341 3396 1400 3432 seu

254 3444 348 3510 scripti
374 3445 475 3496 luerint
496 3461 545 3496 aen
571 3447 690 3498 correcti
711 3451 739 3497 et
763 3447 913 3507 emendati,
944 3447 1082 3497 neminem
1105 3446 1190 3497 incile
1214 3445 1400 3498 definiturum

254 3513 346 3578 puto.“
381 3513 413 3564 L.
432 3513 566 3564 Lehnert:
590 3515 632 3564 De
651 3513 763 3565 foedere
780 3515 875 3566 ionico
899 3515 1013 3580 disquis.
1036 3513 1171 3580 (Beroliu.
1195 3511 1274 3580 1830)
1298 3530 1327 3580 p.
1348 3515 1400 3566 55.

319 3577 350 3682 ι
366 3581 443 3700 es·
461 3583 576 3712 ιιιι·
667 3599 693 3647 ..

364 3715 376 3781 )
389 3717 540 3768 Schoellius
553 3715 702 3782 (Philolog.
711 3717 758 3766 IX.
766 3734 791 3783 p.
805 3716 838 3768 29
851 3733 926 3784 seqq.
941 3715 996 3784 69),
1011 3717 1057 3782 qui
1071 3717 1166 3783 etipse
1180 3717 1322 3768 existimat
1333 3717 1402 3770 He-

255 3783 377 3834 rodotum
393 3802 443 3850 par
459 3801 564 3836 omnem
582 3785 657 3834 vitae
676 3799 782 3835 cursum
805 3786 834 3836 in
857 3803 938 3852 opere
957 3785 1154 3838 conscribendo
1174 3789 1202 3836 et
1219 3785 1404 3851 perficiendo

255 3857 393 3902 versatum
412 3867 481 3914 esse,
500 3853 615 3918 primum
633 3857 727 3902 tamen
744 3852 818 3902 Sami
837 3855 993 3920 conscripta
1010 3853 1138 3919 perhibet
1155 3869 1200 3908 ca.
1225 3868 1295 3918 qnae
1314 3869 1404 3906 nunc

256 3917 551 3970 lerclibris.V11-1X
570 3920 755 3978 continentur,
773 3936 830 3971 nna
848 3935 908 3971 cum
925 3922 1076 3987 prooemio,
1100 3921 1171 3986 qnod
1194 3921 1222 3970 hi
1245 3919 1309 3970 libri
1329 3923 1405 3974 sive

256 3985 308 4036 hae
331 3987 435 4050 operis,
462 3987 543 4052 quale
565 4003 621 4038 nun
644 3991 747 4050 exstat,
771 3992 863 4053 partes
882 3990 1010 4040 continno
1029 3989 1199 4054 exceperint,
1220 3988 1260 4039 ita
1277 3991 1308 4037 ut
1328 4005 1406 4040 cum

258 4069 290 4102 eo
308 4052 367 4117 ipso
390 4068 472 4103 annm
496 4055 628 4120 quoddam
650 4059 735 4106 totum
754 4057 959 4106 constituerint:
983 4058 1011 4107 in
1028 4057 1063 4106 iis
1080 4072 1154 4114 vero,
1173 4071 1242 4121 quae
1260 4060 1328 4121 post
1348 4073 1407 4108 ac-

257 4121 397 4180 cesserint,
417 4122 586 4185 potissimum
605 4123 680 4174 cerni
697 4121 756 4174 vult
773 4139 834 4174 cam
851 4125 915 4186 vim,
936 4139 1016 4189 qnam
1034 4123 1199 4188 Panyasidis
1218 4126 1407 4176 consuetudo

257 4187 285 4236 in
303 4187 435 4239 Herodoti
452 4189 558 4240 invenis
577 4191 696 4240 animum
714 4193 877 4254 exercuerit,
897 4191 931 4242 sd
950 4193 1055 4258 poetas,
1074 4197 1162 4254 vates,
1182 4190 1310 4255 oracula,
1333 4192 1408 4246 alia

257 4255 285 4305 id
303 4271 389 4320 genus
407 4256 579 4321 respicientis
597 4261 626 4308 et
643 4259 683 4308 ita
700 4259 860 4322 scribentis,
884 4265 915 4310 ut
932 4259 1104 4310 oraculorum
1122 4259 1285 4326 dignitatem
1305 4264 1407 4326 atque

246 4319 312 4372 'vim
325 4323 353 4372 in
371 4339 463 4374 ornnes
481 4337 525 4372 res
543 4323 675 4376 humanas
693 4325 882 4378 illustrandam
900 4327 953 4377 sibi
971 4331 1089 4393 putaret.

326 4387 358 4448 †l
377 4391 438 4440 Vid.
456 4389 572 4454 Kriiger.
590 4390 609 4440 l.
628 4391 647 4440 1.
666 4409 691 4458 p.
709 4392 752 4444 23.
769 4395 811 4445 21.

325 4455 378 4522 ††)
396 4457 457 4508 vid.
470 4456 563 4520 Heyse
580 4455 599 4507 l.
618 4455 636 4506 l.
655 4475 682 4523 p.
699 4460 740 4508 27.
753 4461 860 4526 Kriiger
876 4459 895 4514 l.
912 4459 931 4512 l.
948 4477 974 4526 p.
992 4459 1034 4512 30.
