3026 4970
270 428 333 488 256
707 419 972 482 HERODOTI

270 593 414 664 τοιόνδε·
435 589 523 664 Ἐπεὶ
541 589 622 680 μετὰ
637 588 776 680 Ἀχοιιοῐν
793 593 848 660 καὶ
862 586 1062 662 Ἰτίνωντοῐν
1074 590 1147 661 τότε
1160 589 1282 663 ἐόντων
1294 596 1330 663 ἐν
1341 603 1406 663 Πε-

270 692 477 788 λοποννήσῳ,
496 691 761 782 ἐκβοηθήσαντες
780 696 812 774 ἐς
829 689 887 762 τὸν
896 689 1040 782 Ἰσθμὸν,
1059 691 1196 782 ἱζόμεθα
1205 689 1311 764 ἀντίοι
1324 711 1408 764 τοῖσι
1494 751 1495 784 r

270 800 437 884 κατιοῦσι,
473 793 546 865 τότε
570 785 618 865 σίν
642 792 738 882 λόγος
746 791 866 865 Ὕλλον
883 790 1146 884 ἀγορεύσασθαι,
1170 790 1214 876 ὥς
1232 793 1339 885 χρεων
1357 806 1408 883 είη
1494 793 1495 798 ’

270 895 327 968 τὸν
349 898 412 987 μὲν
434 893 575 986 στρατὸν
593 899 640 989 τῷ
657 900 786 989 στρατῷ
802 893 847 984 μὴ
865 891 1146 966 ἀνακινδυνεύειν
1164 895 1406 986 συμβάλλοντα·
1494 915 1495 928 ’

271 1004 306 1069 ἐκ
325 1000 361 1068 δὲ
379 1002 440 1068 τοῦ
457 1005 730 1085 Πελοποννησίου
748 1000 989 1086 στρατοπέδου,
1013 993 1071 1068 τόυ
1095 991 1138 1067 ἂν
1160 1000 1274 1087 σφέων
1298 994 1409 1068 αὐτῶν

269 1108 407 1190 κρίνωσι
427 1099 512 1170 εἶναι
529 1097 680 1189 ἄριστον,
703 1096 822 1168 τοῦτόν
844 1103 878 1167 οί
898 1102 1147 1188 μουνομαχῆσαι
1171 1102 1224 1169 ἐπὶ
1248 1103 1409 1188 διακειμέ-

269 1222 364 1273 νοισι.
385 1205 479 1284 ἔδοξέ
493 1228 529 1270 τε
546 1217 630 1270 τοῖσι
648 1207 946 1288 Πελοποννησίοισι
963 1203 1066 1270 ταῦτα
1084 1199 1169 1270 εἶναι
1188 1204 1335 1290 ποιητέα,
1354 1204 1409 1270 καὶ

265 1393 396 1466 Ἰσθμὸν,
420 1401 460 1450 its
477 1399 569 1465 pergit
585 1398 734 1454 Diodorus.
758 1396 813 1447 rudo
864 1399 944 1454 nidus,
958 1399 991 1448 de
1005 1398 1103 1463 quibus
1117 1399 1331 1464 interutrosque
1345 1415 1411 1449 con·

269 1463 468 1532 στρατοπέδων
486 1457 707 1532 ἁθροισθέντων
717 1456 814 1523 ’Τλλος
864 1471 988 1516 venerat.
1018 1467 1094 1516 Citet
1105 1467 1265 1516 Herodoteu
1282 1466 1410 1517 Eustath.

269 1529 323 1602 μὲν
345 1527 360 1585 ὁ
380 1527 552 1598 Ἡρακλέους
574 1528 616 1593 είς
632 1533 813 1600 μονομαχίαν
866 1534 899 1583 erl
917 1534 960 1583 lli.
977 1551 1003 1598 p.
1021 1533 1086 1596 233,
1104 1533 1138 1584 33
1154 1550 1177 1584 s.
1193 1535 1252 1598 177,
1268 1535 1292 1586 b.
1327 1533 1411 1584 Haud

269 1595 479 1666 προεκαλέσατο
506 1601 562 1652 τῶν
590 1601 733 1681 πολεμίων
764 1593 814 1650 τὸν
866 1599 947 1650 aliter
969 1601 1110 1651 Plutarch.
1131 1602 1186 1652 vit
1204 1601 1287 1652 Thes.
1308 1601 1338 1650 17
1362 1591 1411 1652 ἐπὶ

270 1663 452 1736 βουλόμενον,
464 1661 616 1734 ὁμολογίας
625 1669 750 1735 θεμενος
759 1683 814 1718 τοι-

270 1731 374 1796 ατίτας·
401 1731 428 1788 εί
447 1730 501 1803 μὲν
517 1727 614 1796 *ratos
635 1729 745 1802 νικήσει
763 1729 814 1786 τὸν

270 1797 496 1870 α’κτιταγθέντα,
526 1803 706 1869 παραλαβεῖν
730 1795 814 1866 Ἡρα·

270 1872 387 1931 κλείσας
398 1865 452 1938 τὴν
464 1862 639 1935 Εὐρυσθέως
651 1871 814 1938 βασιλείαν·

271 1937 299 1992 εί
311 1931 450 1998 Bibulae
463 1939 583 2004 λειφθεί
606 1976 613 2001 ,
632 1933 671 2005 μή
685 1931 814 1991 κατιέναι

270 1956 815 2133 κικλιιιίκίιλιμένι

271 2137 374 2210 βάντας
392 2133 423 2192 d'
441 2137 482 2201 είς
499 2135 553 2218 τῂν
569 2092 724 2207 τίβόκλησιν
742 2132 816 2206 Ἐγέ-

269 2229 327 2278 μου
349 2209 401 2262 τοῦ
424 2209 561 2275 βασιλεως
584 2209 640 2259 τῶν
666 2207 815 2274 Τεγεατῶν

269 2278 318 2331 καὶ
340 2277 390 2342 τῆς
417 2277 596 2356 μονομαχίας
617 2292 682 2343 γενο
706 2271 773 2341 ε’νης
799 2268 814 2326 ὁ

269 2341 322 2414 μὲν
337 2339 435 2404 Ὕλλος
457 2335 605 2424 α’νηρεθη,
629 2337 659 2396 cs
679 2293 711 2395 dl
731 2336 814 2421 ’λλμα-

269 2411 382 2466 κλεῖδαι
406 2407 478 2464 κατὰ
500 2407 550 2472 τας
571 2411 724 2478 ομολογίας
744 2427 814 2464 αττε-

270 2497 376 2550 στησαν
400 2480 450 2548 τῆς
473 2475 607 2532 καθόδου
628 2497 653 2530 κ.
672 2496 695 2531 τ.
718 2480 741 2530 λ.
772 2481 813 2528 De

269 2551 440 2601 Achaeorum
470 2553 552 2612 etque
577 2550 673 2598 Ionum
702 2547 814 2597 sedibus

270 2617 369 2734 pritscils
392 2615 630 2732 ipgeloponpeso
653 2615 814 2731 vidttHcppd

289 2701 377 2740 ο..
471 2697 738 2732 se.rruen0.

270 2751 383 2802 verbum
394 2698 687 2816 ἐκβοηθίβσαντὲςνίιλ.
699 2753 767 2824 nott.
780 2749 814 2797 ad

270 2819 321 2877 VI,
341 2815 373 2866 16
395 2823 423 2867 et
446 2817 480 2866 ad
501 2817 665 2866 locutionem
689 2809 814 2880 ίζομενοι

270 2877 364 2936 α’ντίοι
378 2884 479 2934 Herod.
493 2885 524 2944 V,
539 2883 569 2933 l8
581 2885 673 2949 ibique
686 2889 753 2934 nott.
765 2884 812 2946 lx,

273 2951 313 3002 18.
355 2953 433 3013 Quae
461 2958 611 3016 sequuntur
639 2953 723 3002 verba
750 2943 813 3002 τότε

270 3007 311 3070 οἶν
321 3008 509 3084 λόγος”Τλλον
517 3009 741 3083 ἀγορεύσασθαι,
756 3019 814 3068 red·

271 3088 361 3138 dende
371 3086 510 3138 videntur:
520 3089 592 3150 [αντα
604 3094 642 3135 est
652 3087 753 3148 Hyllum
763 3089 815 3137 edi·

270 3159 355 3214 ruisse,
373 3154 418 3204 vel
436 3155 534 3216 etiam,
554 3155 624 3219 quod
642 3155 737 3205 eodem
757 3155 814 3204 sere

271 3224 355 3287 redit,
379 3223 524 3273 edicendum
544 3238 656 3272 curasse.
688 3221 748 3283 Quo
770 3237 814 3272 co·

271 3292 332 3341 dem
346 3305 428 3340 sensu
445 3290 564 3340 activum
578 3282 752 3355 προηγόρευε
765 3289 813 3350 IX,

270 3359 311 3410 os.
326 3359 386 3420 vn,
404 3357 442 3407 10.
456 3359 479 3418 ς.
493 3358 509 3406 4
524 3357 585 3408 τοο.
596 3359 642 3418 rx,
653 3359 686 3406 on
699 3363 728 3406 er
740 3357 813 3418 vnr,

270 3429 300 3488 b,
325 3427 372 3478 ubi
389 3419 510 3490 η’γόρευε
535 3431 562 3474 et
579 3425 748 3490 potissimum
766 3425 812 3484 Vl,

269 3495 311 3546 97.
329 3495 355 3555 1,
374 3493 489 3555 (10.111,
509 3493 541 3542 75
560 3498 588 3542 et
603 3491 658 3542 156.
695 3492 818 3543 Greshof

270 3562 445 3626 (zeitschrift
457 3562 476 3610 f.
486 3559 814 3610 Alterthumswissensch.

272 3629 346 3680 1834.
360 3645 399 3679 nr.
412 3628 436 3679 3.
449 3645 475 3694 p.
489 3627 548 3691 248)
563 3628 675 3678 coniicit
688 3645 736 3694 pro
748 3617 814 3691 οἷγα·

271 3689 431 3760 perluendas
455 3695 641 3762 retingendum
667 3711 726 3746 esse
750 3686 815 3760 α’γο-

272 3757 429 3828 ρὴσασθαι,
449 3779 484 3814 ea
496 3765 608 3814 notione
627 3761 813 3830 [concionandi,

271 3830 368 3896 prrblice
387 3846 407 3880 s.
419 3847 469 3894 pro
481 3834 602 3882 concione
614 3828 741 3896 dicendil,
760 3847 814 3896 qua

271 3897 322 3957 Vl,
349 3896 378 3945 ll
405 3898 516 3948 verbum
540 3890 709 3966 η’γορόωντο.
744 3899 814 3948 Mihi

273 3965 308 4014 sd
325 3963 459 4014 Herodoti
481 3965 556 4018 locos
580 3967 706 4017 laudatos
729 3967 814 4031 respi-

273 4033 360 4081 cienti
372 4032 443 4082 houd
462 4049 528 4098 opus
541 4036 649 4086 videtur
664 4034 715 4084 tsli
728 4040 814 4084 muts-

272 4099 361 4162 tione,
380 4099 458 4150 libris
471 4102 581 4166 seriptis
598 4103 760 4167 praesertim
772 4102 813 4152 in·

272 4167 345 4216 vitis.
375 4168 417 4218 De
434 4167 534 4218 vocula
546 4156 586 4218 cdv
599 4171 703 4220 monuit
715 4169 814 4220 Metth.

274 4235 319 4285 Gr.
334 4234 380 4286 Gr.
394 4237 418 4297 ξ.
431 4233 490 4286 625.

307 4293 353 4352 ἐπὶ
366 4297 584 4367 διακειμένοισι]
602 4305 621 4353 1.
635 4321 658 4356 e.
671 4309 748 4356 cerus
761 4306 813 4370 ηαί-

272 4369 374 4422 busdam
388 4374 531 4434 propositis
545 4371 639 4436 lepidus
657 4387 678 4424 s.
691 4375 815 4424 condun-

865 1671 926 1727 τοῐς
945 1659 1114 1731 ὁρισθεῖσιν.
1137 1670 1203 1720 Mor.
1223 1670 1260 1719 ll.
1285 1685 1311 1734 p.
1330 1667 1412 1718 80811

866 1727 913 1787 lut
930 1733 999 1786 πᾶσι
1018 1733 1152 1794 δικαίοις.
1182 1739 1271 1802 Atque
1283 1738 1343 1801 ipse
1354 1735 1411 1786 Hs·

866 1803 977 1854 rodotus
987 1820 1047 1853 mor
1058 1805 1169 1871 scripsit
1175 1795 1300 1868 ἐπλλόγῳ
1309 1801 1412 1868 τοιῷδε

867 1873 896 1933 (i.
910 1888 934 1921 e.
949 1874 973 1921 in
986 1873 1049 1921 haec
1065 1871 1143 1922 υενοα
1154 1887 1176 1922 s.
1189 1873 1215 1921 in
1226 1873 1272 1922 λστ
1284 1874 1410 1922 conditio-

867 1955 911 1989 nes
928 1940 1114 1989 iusiurandum
1133 1939 1299 2002 ediderunt),
1321 1946 1349 1989 et
1367 1955 1411 1988 su·

867 2023 917 2084 pra
933 2007 986 2070 IX,
1006 2007 1030 2055 7.
1049 2009 1073 2068 ξ.
1093 2006 1104 2055 l
1125 1998 1182 2057 lul
1198 2009 1258 2064 τοῖς
1276 2003 1349 2065 λ’σοις
1361 2003 1412 2058 καὶ

867 2073 978 2140 ομοίοις
995 2072 1053 2132 (ubi
1068 2074 1124 2124 rid.
1138 2073 1233 2136 nctt.);
1252 2089 1342 2139 neque
1361 2075 1411 2124 ali-

866 2149 910 2191 ter
923 2135 936 2192 ί
943 2137 980 2191 rrl
994 2134 1103 2206 ῥητοῖσι
1112 2142 1133 2201 Ι,
1144 2140 1185 2191 59.
1196 2142 1228 2202 V,
1239 2142 1282 2203 57,
1294 2142 1343 2191 ubi
1354 2142 1411 2192 vid.

866 2213 933 2258 nott.
955 2201 1012 2259 lul
1034 2207 1078 2273 τῷ
1101 2201 1187 2274 λόγῳ
1209 2209 1288 2270 vm,
1307 2210 1337 2271 5,
1363 2210 1413 2260 ubi

865 2277 921 2326 vid.
935 2281 1002 2326 nott.
1039 2277 1117 2326 lnfra
1129 2277 1180 2338 IX,
1195 2275 1240 2326 33:
1261 2267 1318 2326 lul
1337 2279 1411 2327 τοῖσι

866 2333 978 2394 αὐτοῖσι
996 2335 1134 2408 λόγοισι
1151 2360 1176 2394 κ.
1195 2359 1219 2394 τ.
1237 2345 1261 2394 λ.
1292 2345 1345 2404 ΙΧ,
1364 2343 1412 2394 88:

865 2402 1049 2477 ὡμολόγησαν
1062 2403 1118 2464 dori
1131 2407 1298 2462 τούτοισι.
1317 2411 1360 2461 Ad
1371 2428 1413 2462 ur-

865 2479 1413 2610 simitilllltitlltitlailt‘

865 2614 901 2664 tis
923 2614 973 2664 sub
995 2615 1196 2664 conditionibus
1218 2615 1252 2664 ad
1269 2613 1414 2680 singulare

866 2687 1008 2731 certarnen
1037 2681 1301 2748 Peloponnesiorum
1330 2699 1414 2748 prse-

864 2749 1063 2799 stuntissimum
1091 2754 1270 2814 provocante,
1300 2765 1415 2816 comps·

864 2818 922 2934 {gri
939 2823 1068 2934 pptcrunp
1084 2833 1144 2866 cum
1161 2817 1280 2934 Diodlpr.t
1292 2817 1349 2952 ἳίο.
1358 2819 1415 2935 SWd

901 2920 907 2933 .
982 2900 1394 2935 uvr.sureacu.c

865 2927 1114 3014 iuxtatlliodorum
1129 2902 1211 3016 lldyllo
1225 2953 1358 3012 cudente,
1374 2954 1417 3002 in·

865 3025 909 3069 tra
927 3035 1012 3069 annos
1029 3020 1227 3085 quinquaginta
1248 3036 1303 3070 uon
1321 3037 1418 3070 rever-

866 3091 989 3136 terentur
1007 3088 1035 3136 in
1053 3088 1269 3152 Peloponnesum
1283 3088 1416 3138 llcrscli-

866 3154 931 3204 dae:
951 3155 1042 3204 verius
1055 3154 1102 3205 ille
1115 3155 1271 3220 scripsisset
1284 3171 1348 3205 cum
1359 3157 1418 3206 lle-

866 3222 961 3272 rodoto
984 3213 1062 3280 ίντός
1087 3215 1156 3272 ἐτοῖν
1179 3212 1295 3288 ἑκατὸν,
1320 3223 1417 3273 iudice

866 3291 925 3338 viro
935 3306 1038 3340 summo
1049 3290 1084 3340 ad
1094 3291 1206 3340 Diodor.
1221 3289 1416 3341 Coni.Meurs.

866 3357 909 3406 De
928 3373 1003 3422 regn.
1020 3359 1124 3408 Laced.
1143 3373 1204 3423 cap.
1218 3359 1269 3408 7.“
1305 3358 1419 3420 Quibus

867 3424 977 3483 addam,
992 3441 1063 3490 quae
1081 3427 1316 3490 Wesselr'npins
1330 3427 1367 3476 nd
1382 3427 1419 3475 il·

867 3491 920 3542 lum
926 3494 1041 3543 Diodori
1049 3493 1140 3544 locum
1150 3493 1311 3558 adscripsit:
1325 3495 1418 3556 „Fre-

866 3562 975 3624 quentis
992 3561 1057 3610 olim
1074 3576 1139 3611 usus
1157 3563 1228 3610 inter
1245 3561 1420 3612 dissidentes

866 3643 946 3693 reges
969 3629 1123 3694 singularis
1147 3635 1226 3678 erent
1247 3631 1419 3688 certamine,

866 3695 948 3762 longe
965 3697 1089 3762 prolecto
1102 3697 1262 3748 honestiore
1280 3702 1309 3746 et
1320 3699 1420 3762 magis

867 3779 923 3814 are
937 3765 1050 3824 civium,
1070 3780 1150 3830 quam
1167 3779 1237 3830 quse
1256 3764 1340 3829 vulgo
1358 3765 1421 3816 levi

865 3847 948 3896 saepe
970 3848 1003 3882 ex
1025 3847 1110 3882 causa
1131 3833 1202 3882 inter
1222 3833 1347 3897 privatos
1370 3849 1420 3882 su·

865 3905 981 3949 muntur.
1001 3899 1135 3965 Exempla
1147 3900 1309 3965 principum,
1323 3907 1355 3949 ut
1368 3917 1421 3966 po-

864 3965 998 4032 pularium
1011 3969 1140 4033 sanguini
1151 3973 1328 4032 parceretur,
1342 3969 1422 4017 inter

865 4051 894 4085 se
913 4035 1147 4102 congredientium
1168 4050 1222 4085 non
1240 4035 1324 4085 addo:
1349 4043 1423 4086 sunt

867 4103 940 4153 enim
969 4103 998 4152 in
1026 4103 1069 4154 his
1092 4103 1172 4154 libris
1195 4103 1269 4152 haud
1293 4119 1360 4153 τοττι
1391 4111 1422 4154 et

866 4171 901 4220 ab
919 4171 1129 4236 incomparabili
1145 4171 1181 4220 Is.
1201 4169 1359 4222 Csssubon.
1383 4173 1422 4222 ad

864 4239 964 4288 Athen.
978 4239 1030 4300 IV,
1047 4237 1077 4288 13
1093 4239 1243 4304 diligenter
1260 4237 1421 4290 collecta.“

866 4305 984 4371 Scripsit
996 4307 1125 4356 nimirum
1136 4305 1296 4356 Athenaeus
1308 4307 1358 4362 lv,
1374 4307 1423 4358 41.

865 4389 929 4440 pag.
946 4372 1031 4424 less.
1045 4373 1128 4425 irasc:
1149 4361 1192 4424 ὅτι
1211 4365 1243 4424 δὲ
1260 4369 1312 4424 καλ
1325 4367 1357 4425 οἷ
1372 4368 1422 4427 ἔν-
