<?xml version="1.0" encoding="UTF-8"?>
<!DOCTYPE html PUBLIC "-//W3C//DTD XHTML 1.0 Transitional//EN"
    "http://www.w3.org/TR/xhtml1/DTD/xhtml1-transitional.dtd">
<html xmlns="http://www.w3.org/1999/xhtml" xml:lang="en" lang="en">
 <head>
  <title>
</title>
<meta http-equiv="Content-Type" content="text/html;charset=utf-8" />
  <meta name='ocr-system' content='tesseract 3.04.00' />
  <meta name='ocr-capabilities' content='ocr_page ocr_carea ocr_par ocr_line ocrx_word'/>
</head>
<body>
  <div class='ocr_page' id='page_1' title='image "./herodotihalicar02bhgoog_0351.png"; bbox 0 0 3066 4964; ppageno 0'>
   <div class='ocr_carea' id='block_1_1' title="bbox 246 445 306 507">
    <p class='ocr_par' dir='ltr' id='par_1_1' title="bbox 246 445 306 507">
     <span class='ocr_line' id='line_1_1' title="bbox 246 445 306 507; baseline -0.017 0"><span class='ocrx_word' id='word_1_1' title='bbox 246 445 306 507; x_wconf 86' lang='grc'>332</span> 
     </span>
    </p>
   </div>
   <div class='ocr_carea' id='block_1_2' title="bbox 679 439 946 546">
    <p class='ocr_par' dir='ltr' id='par_1_2' title="bbox 679 439 946 546">
     <span class='ocr_line' id='line_1_2' title="bbox 679 439 946 546; baseline 0.007 -46"><span class='ocrx_word' id='word_1_2' title='bbox 679 439 946 546; x_wconf 37' lang='grc' dir='ltr'>ΗιΕΒΟΒΟΤΙ</span> 
     </span>
    </p>
   </div>
   <div class='ocr_carea' id='block_1_3' title="bbox 197 601 1386 1428">
    <p class='ocr_par' dir='ltr' id='par_1_3' title="bbox 245 601 1385 802">
     <span class='ocr_line' id='line_1_3' title="bbox 245 601 1385 702; baseline -0.001 -19"><span class='ocrx_word' id='word_1_3' title='bbox 245 641 338 702; x_wconf 88' lang='grc' dir='ltr'><strong><em>μενοι</em></strong></span> <span class='ocrx_word' id='word_1_4' title='bbox 361 609 625 684; x_wconf 76' lang='grc' dir='ltr'><strong><em>ἀπαλλάσσοντο·</em></strong></span> <span class='ocrx_word' id='word_1_5' title='bbox 661 608 865 692; x_wconf 78' lang='grc' dir='ltr'><strong><em>ἀπελθόντες</em></strong></span> <span class='ocrx_word' id='word_1_6' title='bbox 889 612 926 680; x_wconf 79' lang='lat' dir='ltr'>dl</span> <span class='ocrx_word' id='word_1_7' title='bbox 944 614 999 682; x_wconf 80' lang='grc' dir='ltr'>καὶ</span> <span class='ocrx_word' id='word_1_8' title='bbox 1017 601 1108 682; x_wconf 76' lang='grc' dir='ltr'><strong><em>οὗτοι</em></strong></span> <span class='ocrx_word' id='word_1_9' title='bbox 1125 609 1203 692; x_wconf 83' lang='grc' dir='ltr'>τούς</span> <span class='ocrx_word' id='word_1_10' title='bbox 1220 606 1385 702; x_wconf 82' lang='grc' dir='ltr'><em>ἡγεμόνας</em></span> 
     </span>
     <span class='ocr_line' id='line_1_4' title="bbox 247 709 1264 802; baseline -0.002 -18"><span class='ocrx_word' id='word_1_11' title='bbox 247 718 394 798; x_wconf 81' lang='grc' dir='ltr'><strong><em>έθίωξαν.</em></strong></span> <span class='ocrx_word' id='word_1_12' title='bbox 430 711 470 784; x_wconf 88' lang='grc' dir='ltr'>τά</span> <span class='ocrx_word' id='word_1_13' title='bbox 488 711 570 802; x_wconf 82' lang='grc' dir='ltr'><strong><em>κατά</em></strong></span> <span class='ocrx_word' id='word_1_14' title='bbox 588 717 779 794; x_wconf 80' lang='grc' dir='ltr'><strong><em>Μαντινέας</em></strong></span> <span class='ocrx_word' id='word_1_15' title='bbox 796 713 858 802; x_wconf 76' lang='grc' dir='ltr'><strong><em>μὲν</em></strong></span> <span class='ocrx_word' id='word_1_16' title='bbox 876 715 931 782; x_wconf 81' lang='grc' dir='ltr'>καὶ</span> <span class='ocrx_word' id='word_1_17' title='bbox 946 709 1094 794; x_wconf 77' lang='grc' dir='ltr'><strong><em>Ἠλείους</em></strong></span> <span class='ocrx_word' id='word_1_18' title='bbox 1111 716 1264 784; x_wconf 75' lang='grc' dir='ltr'><strong><em>τοσαῦτα.</em></strong></span> 
     </span>
    </p>

    <p class='ocr_par' dir='ltr' id='par_1_4' title="bbox 197 804 1386 1428">
     <span class='ocr_line' id='line_1_5' title="bbox 197 804 1385 908; baseline -0.001 -21"><span class='ocrx_word' id='word_1_19' title='bbox 197 826 236 889; x_wconf 83' lang='grc'>78</span> <span class='ocrx_word' id='word_1_20' title='bbox 317 812 370 886; x_wconf 83' lang='grc' dir='ltr'><strong><em>Ἐν</em></strong></span> <span class='ocrx_word' id='word_1_21' title='bbox 395 815 431 885; x_wconf 77' lang='grc' dir='ltr'>δὲ</span> <span class='ocrx_word' id='word_1_22' title='bbox 449 818 634 905; x_wconf 78' lang='grc' dir='ltr'><strong><em>Πλαταιῇσι</em></strong></span> <span class='ocrx_word' id='word_1_23' title='bbox 660 817 696 886; x_wconf 86' lang='grc' dir='ltr'><strong><em>έν</em></strong></span> <span class='ocrx_word' id='word_1_24' title='bbox 717 818 766 908; x_wconf 74' lang='grc' dir='ltr'>τῷ</span> <span class='ocrx_word' id='word_1_25' title='bbox 788 817 998 907; x_wconf 74' lang='grc' dir='ltr'><strong><em>στρατοπέδῳ</em></strong></span> <span class='ocrx_word' id='word_1_26' title='bbox 1022 817 1089 884; x_wconf 75' lang='grc' dir='ltr'><strong><em>τοῖν</em></strong></span> <span class='ocrx_word' id='word_1_27' title='bbox 1113 817 1319 903; x_wconf 79' lang='grc' dir='ltr'><strong><em>Αἰγινητέων</em></strong></span> <span class='ocrx_word' id='word_1_28' title='bbox 1341 804 1385 902; x_wconf 80' lang='grc' dir='ltr'><strong><em>ἦν</em></strong></span> 
     </span>
     <span class='ocr_line' id='line_1_6' title="bbox 244 910 1386 1006; baseline -0.001 -19"><span class='ocrx_word' id='word_1_29' title='bbox 244 915 394 1006; x_wconf 79' lang='grc' dir='ltr'><strong><em>Λάμπων</em></strong></span> <span class='ocrx_word' id='word_1_30' title='bbox 419 911 437 986; x_wconf 85' lang='grc' dir='ltr'>ὁ</span> <span class='ocrx_word' id='word_1_31' title='bbox 464 919 608 1004; x_wconf 84' lang='grc' dir='ltr'><strong><em>Πυθέω,</em></strong></span> <span class='ocrx_word' id='word_1_32' title='bbox 637 919 843 1004; x_wconf 77' lang='grc' dir='ltr'><strong><em>Αἰγινητέων</em></strong></span> <span class='ocrx_word' id='word_1_33' title='bbox 869 911 909 984; x_wconf 87' lang='grc' dir='ltr'>τά</span> <span class='ocrx_word' id='word_1_34' title='bbox 935 919 1065 1004; x_wconf 72' lang='grc' dir='ltr'><strong><em>πρώτα,</em></strong></span> <span class='ocrx_word' id='word_1_35' title='bbox 1100 910 1136 996; x_wconf 77' lang='grc' dir='ltr'>ὃς</span> <span class='ocrx_word' id='word_1_36' title='bbox 1161 911 1386 986; x_wconf 72' lang='grc' dir='ltr'><strong><em>ἀνοσιώτατον</em></strong></span> 
     </span>
     <span class='ocr_line' id='line_1_7' title="bbox 245 1012 1385 1108; baseline -0.002 -20"><span class='ocrx_word' id='word_1_37' title='bbox 245 1025 330 1108; x_wconf 80' lang='grc' dir='ltr'><strong><em>ἔχων</em></strong></span> <span class='ocrx_word' id='word_1_38' title='bbox 347 1015 447 1106; x_wconf 88' lang='grc' dir='ltr'><strong><em>λόγον</em></strong></span> <span class='ocrx_word' id='word_1_39' title='bbox 464 1023 533 1088; x_wconf 78' lang='grc' dir='ltr'><strong><em>ἵετο</em></strong></span> <span class='ocrx_word' id='word_1_40' title='bbox 551 1015 632 1108; x_wconf 81' lang='grc' dir='ltr'><strong><em>πρὸς</em></strong></span> <span class='ocrx_word' id='word_1_41' title='bbox 643 1026 851 1105; x_wconf 85' lang='grc' dir='ltr'><strong><em>Παυσανίην.</em></strong></span> <span class='ocrx_word' id='word_1_42' title='bbox 870 1012 1068 1105; x_wconf 76' lang='grc' dir='ltr'><strong><em>ἀπικόμενος</em></strong></span> <span class='ocrx_word' id='word_1_43' title='bbox 1087 1016 1124 1086; x_wconf 77' lang='lat' dir='ltr'>dl</span> <span class='ocrx_word' id='word_1_44' title='bbox 1142 1021 1275 1107; x_wconf 78' lang='grc' dir='ltr'><strong><em>σπουδῇ</em></strong></span> <span class='ocrx_word' id='word_1_45' title='bbox 1292 1024 1385 1104; x_wconf 83' lang='grc' dir='ltr'><strong><em>ἔλεγε</em></strong></span> 
     </span>
     <span class='ocr_line' id='line_1_8' title="bbox 243 1109 1384 1209; baseline -0.003 -19"><span class='ocrx_word' id='word_1_46' title='bbox 243 1119 338 1190; x_wconf 76' lang='grc' dir='ltr'><strong><em>τάδε·</em></strong></span> <span class='ocrx_word' id='word_1_47' title='bbox 363 1109 401 1190; x_wconf 77' lang='grc' dir='ltr'><em>Ὠ</em></span> <span class='ocrx_word' id='word_1_48' title='bbox 419 1135 481 1190; x_wconf 74' lang='grc' dir='ltr'><strong><em>τιατ</em></strong></span> <span class='ocrx_word' id='word_1_49' title='bbox 496 1116 747 1209; x_wconf 80' lang='grc' dir='ltr'><strong><em>Κλεομβρότου,</em></strong></span> <span class='ocrx_word' id='word_1_50' title='bbox 767 1125 865 1208; x_wconf 81' lang='grc' dir='ltr'><strong><em>ἔργον</em></strong></span> <span class='ocrx_word' id='word_1_51' title='bbox 883 1125 1041 1208; x_wconf 81' lang='grc' dir='ltr'><strong><em>ἔργασταί</em></strong></span> <span class='ocrx_word' id='word_1_52' title='bbox 1055 1146 1104 1188; x_wconf 87' lang='grc' dir='ltr'>τοι</span> <span class='ocrx_word' id='word_1_53' title='bbox 1122 1113 1310 1207; x_wconf 69' lang='grc' dir='ltr'><strong><em>ὑπερφυές,</em></strong></span> <span class='ocrx_word' id='word_1_54' title='bbox 1328 1121 1384 1207; x_wconf 87' lang='grc' dir='ltr'>μέ-</span> 
     </span>
     <span class='ocr_line' id='line_1_9' title="bbox 243 1216 1385 1310; baseline -0.004 -17"><span class='ocrx_word' id='word_1_55' title='bbox 243 1219 350 1310; x_wconf 86' lang='grc' dir='ltr'><strong><em>γαθός</em></strong></span> <span class='ocrx_word' id='word_1_56' title='bbox 373 1248 408 1291; x_wconf 86' lang='grc' dir='ltr'><strong><em>τε</em></strong></span> <span class='ocrx_word' id='word_1_57' title='bbox 434 1223 488 1292; x_wconf 84' lang='grc' dir='ltr'>καὶ</span> <span class='ocrx_word' id='word_1_58' title='bbox 507 1219 639 1301; x_wconf 82' lang='grc' dir='ltr'><strong><em>κάλλος·</em></strong></span> <span class='ocrx_word' id='word_1_59' title='bbox 667 1227 725 1290; x_wconf 85' lang='grc' dir='ltr'>καί</span> <span class='ocrx_word' id='word_1_60' title='bbox 745 1249 794 1290; x_wconf 91' lang='grc' dir='ltr'>τοι</span> <span class='ocrx_word' id='word_1_61' title='bbox 818 1216 897 1300; x_wconf 80' lang='grc' dir='ltr'><strong><em>θεὸς</em></strong></span> <span class='ocrx_word' id='word_1_62' title='bbox 915 1222 1087 1310; x_wconf 79' lang='grc' dir='ltr'><strong><em>παρέδωκε</em></strong></span> <span class='ocrx_word' id='word_1_63' title='bbox 1110 1217 1299 1308; x_wconf 73' lang='grc' dir='ltr'><strong><em>ῥυσάμενον</em></strong></span> <span class='ocrx_word' id='word_1_64' title='bbox 1321 1216 1385 1308; x_wconf 77' lang='grc' dir='ltr'><strong><em>τὴν</em></strong></span> 
     </span>
     <span class='ocr_line' id='line_1_10' title="bbox 239 1315 1384 1428; baseline -0.003 -35"><span class='ocrx_word' id='word_1_65' title='bbox 239 1319 379 1394; x_wconf 76' lang='grc' dir='ltr'><strong><em>Ἑλλάδα</em></strong></span> <span class='ocrx_word' id='word_1_66' title='bbox 397 1325 490 1404; x_wconf 84' lang='grc' dir='ltr'><strong><em>κλέος</em></strong></span> <span class='ocrx_word' id='word_1_67' title='bbox 507 1324 715 1428; x_wconf 68' lang='grc' dir='ltr'><strong><em>καταθέσθαι</em></strong></span> <span class='ocrx_word' id='word_1_68' title='bbox 732 1323 888 1410; x_wconf 90' lang='grc' dir='ltr'><strong><em>μέγιστον</em></strong></span> <span class='ocrx_word' id='word_1_69' title='bbox 903 1315 1070 1409; x_wconf 75' lang='grc' dir='ltr'><strong><em>Ἑλλήνων</em></strong></span> <span class='ocrx_word' id='word_1_70' title='bbox 1086 1323 1154 1390; x_wconf 76' lang='grc' dir='ltr'><strong><em>ταῖν</em></strong></span> <span class='ocrx_word' id='word_1_71' title='bbox 1166 1315 1260 1410; x_wconf 73' lang='grc' dir='ltr'><strong><em>ἡμεῖς</em></strong></span> <span class='ocrx_word' id='word_1_72' title='bbox 1277 1326 1384 1410; x_wconf 75' lang='lat' dir='ltr'>itinera</span> 
     </span>
    </p>
   </div>
   <div class='ocr_carea' id='block_1_4' title="bbox 244 1554 789 2091">
    <p class='ocr_par' dir='ltr' id='par_1_5' title="bbox 244 1554 789 2091">
     <span class='ocr_line' id='line_1_11' title="bbox 245 1554 788 1620; baseline -0.004 -14"><span class='ocrx_word' id='word_1_73' title='bbox 245 1557 291 1616; x_wconf 83' lang='grc'><strong>111,</strong></span> <span class='ocrx_word' id='word_1_74' title='bbox 306 1554 338 1606; x_wconf 83' lang='grc'>32</span> <span class='ocrx_word' id='word_1_75' title='bbox 352 1556 496 1617; x_wconf 83' lang='lat' dir='ltr'>intereos,</span> <span class='ocrx_word' id='word_1_76' title='bbox 511 1556 556 1620; x_wconf 90' lang='lat' dir='ltr'>qui</span> <span class='ocrx_word' id='word_1_77' title='bbox 568 1554 734 1604; x_wconf 72' lang='lat' dir='ltr'><strong>Artabazum</strong></span> <span class='ocrx_word' id='word_1_78' title='bbox 747 1555 788 1604; x_wconf 82' lang='lat' dir='ltr'>iu-</span> 
     </span>
     <span class='ocr_line' id='line_1_12' title="bbox 246 1623 789 1690; baseline 0 -18"><span class='ocrx_word' id='word_1_79' title='bbox 246 1625 366 1690; x_wconf 76' lang='lat' dir='ltr'>gientom</span> <span class='ocrx_word' id='word_1_80' title='bbox 385 1623 504 1672; x_wconf 84' lang='lat' dir='ltr'>insecuti</span> <span class='ocrx_word' id='word_1_81' title='bbox 521 1628 597 1680; x_wconf 72' lang='lat' dir='ltr'>scrut,</span> <span class='ocrx_word' id='word_1_82' title='bbox 622 1623 789 1684; x_wconf 75' lang='lat' dir='ltr'>Corinthios,</span> 
     </span>
     <span class='ocr_line' id='line_1_13' title="bbox 246 1689 789 1753; baseline -0.002 -14"><span class='ocrx_word' id='word_1_83' title='bbox 246 1691 402 1753; x_wconf 78' lang='lat' dir='ltr'>Sicyonios,</span> <span class='ocrx_word' id='word_1_84' title='bbox 423 1690 560 1739; x_wconf 83' lang='lat' dir='ltr'><strong>Phliasios</strong></span> <span class='ocrx_word' id='word_1_85' title='bbox 580 1695 723 1750; x_wconf 84' lang='lat' dir='ltr'>memorat,</span> <span class='ocrx_word' id='word_1_86' title='bbox 743 1689 789 1738; x_wconf 92' lang='lat' dir='ltr'>ad·</span> 
     </span>
     <span class='ocr_line' id='line_1_14' title="bbox 246 1751 788 1822; baseline 0 -16"><span class='ocrx_word' id='word_1_87' title='bbox 246 1757 344 1807; x_wconf 88' lang='lat' dir='ltr'>iiciens</span> <span class='ocrx_word' id='word_1_88' title='bbox 361 1755 413 1806; x_wconf 78' lang='lat' dir='ltr'>nui</span> <span class='ocrx_word' id='word_1_89' title='bbox 428 1772 504 1815; x_wconf 82' lang='grc' dir='ltr'><strong><em>τινες</em></strong></span> <span class='ocrx_word' id='word_1_90' title='bbox 522 1751 625 1817; x_wconf 72' lang='grc' dir='ltr'><strong><em>ἕτερον,</em></strong></span> <span class='ocrx_word' id='word_1_91' title='bbox 647 1773 699 1822; x_wconf 94' lang='lat' dir='ltr'>quo</span> <span class='ocrx_word' id='word_1_92' title='bbox 713 1757 788 1806; x_wconf 84' lang='lat' dir='ltr'>Man·</span> 
     </span>
     <span class='ocr_line' id='line_1_15' title="bbox 244 1824 789 1890; baseline 0 -16"><span class='ocrx_word' id='word_1_93' title='bbox 244 1828 356 1874; x_wconf 83' lang='lat' dir='ltr'>tinenses</span> <span class='ocrx_word' id='word_1_94' title='bbox 368 1824 487 1890; x_wconf 76' lang='lat' dir='ltr'>intelligi</span> <span class='ocrx_word' id='word_1_95' title='bbox 499 1824 631 1873; x_wconf 82' lang='lat' dir='ltr'>credibile</span> <span class='ocrx_word' id='word_1_96' title='bbox 646 1829 736 1874; x_wconf 84' lang='lat' dir='ltr'>est—</span> <span class='ocrx_word' id='word_1_97' title='bbox 747 1825 789 1874; x_wconf 83' lang='lat' dir='ltr'>Ad</span> 
     </span>
     <span class='ocr_line' id='line_1_16' title="bbox 246 1883 788 1956; baseline 0 -15"><span class='ocrx_word' id='word_1_98' title='bbox 246 1907 304 1955; x_wconf 87' lang='lat' dir='ltr'>seq.</span> <span class='ocrx_word' id='word_1_99' title='bbox 330 1883 452 1953; x_wconf 80' lang='grc' dir='ltr'><strong><em>έδίωξαν</em></strong></span> <span class='ocrx_word' id='word_1_100' title='bbox 475 1890 573 1956; x_wconf 78' lang='lat' dir='ltr'>(patrtri</span> <span class='ocrx_word' id='word_1_101' title='bbox 595 1895 747 1954; x_wconf 67' lang='lat' dir='ltr'>amputarunt</span> <span class='ocrx_word' id='word_1_102' title='bbox 766 1907 788 1942; x_wconf 87' lang='lat' dir='ltr'>e.</span> 
     </span>
     <span class='ocr_line' id='line_1_17' title="bbox 245 1958 789 2024; baseline 0 -16"><span class='ocrx_word' id='word_1_103' title='bbox 245 1961 324 2008; x_wconf 74' lang='lat' dir='ltr'>exitio</span> <span class='ocrx_word' id='word_1_104' title='bbox 341 1961 500 2024; x_wconf 80' lang='lat' dir='ltr'>mulctarunt)</span> <span class='ocrx_word' id='word_1_105' title='bbox 523 1959 596 2009; x_wconf 82' lang='lat' dir='ltr'>coni.</span> <span class='ocrx_word' id='word_1_106' title='bbox 615 1959 651 2020; x_wconf 84' lang='lat' dir='ltr'>V,</span> <span class='ocrx_word' id='word_1_107' title='bbox 670 1958 711 2008; x_wconf 85' lang='grc'>02.</span> <span class='ocrx_word' id='word_1_108' title='bbox 730 1960 754 2020; x_wconf 70' lang='grc'>5.</span> <span class='ocrx_word' id='word_1_109' title='bbox 773 1959 789 2008; x_wconf 83' lang='grc'><strong>5</strong></span> 
     </span>
     <span class='ocr_line' id='line_1_18' title="bbox 246 2027 420 2091; baseline 0 -15"><span class='ocrx_word' id='word_1_110' title='bbox 246 2027 339 2091; x_wconf 88' lang='lat' dir='ltr'>ibique</span> <span class='ocrx_word' id='word_1_111' title='bbox 352 2031 420 2076; x_wconf 89' lang='lat' dir='ltr'>nott.</span> 
     </span>
    </p>
   </div>
   <div class='ocr_carea' id='block_1_5' title="bbox 403 2193 638 2244">
    <p class='ocr_par' dir='ltr' id='par_1_6' title="bbox 403 2193 638 2244">
     <span class='ocr_line' id='line_1_19' title="bbox 403 2193 638 2244; baseline 0 0"><span class='ocrx_word' id='word_1_112' title='bbox 403 2193 469 2244; x_wconf 79' lang='lat' dir='ltr'>Car.</span> <span class='ocrx_word' id='word_1_113' title='bbox 488 2195 638 2244; x_wconf 80' lang='lat' dir='ltr'>LXXVIII.</span> 
     </span>
    </p>
   </div>
   <div class='ocr_carea' id='block_1_6' title="bbox 245 2287 792 4446">
    <p class='ocr_par' dir='ltr' id='par_1_7' title="bbox 245 2287 792 4446">
     <span class='ocr_line' id='line_1_20' title="bbox 279 2287 788 2361; baseline 0.002 -14"><span class='ocrx_word' id='word_1_114' title='bbox 279 2289 408 2361; x_wconf 78' lang='grc' dir='ltr'><strong><em>Λάμπων</em></strong></span> <span class='ocrx_word' id='word_1_115' title='bbox 420 2287 435 2346; x_wconf 80' lang='grc' dir='ltr'><strong>ὁ</strong></span> <span class='ocrx_word' id='word_1_116' title='bbox 446 2287 564 2359; x_wconf 76' lang='grc' dir='ltr'><strong><em>Πύθεω]</em></strong></span> <span class='ocrx_word' id='word_1_117' title='bbox 578 2295 656 2346; x_wconf 83' lang='lat' dir='ltr'>Coui.</span> <span class='ocrx_word' id='word_1_118' title='bbox 671 2297 788 2348; x_wconf 89' lang='lat' dir='ltr'>Pausan.</span> 
     </span>
     <span class='ocr_line' id='line_1_21' title="bbox 245 2364 789 2428; baseline -0.002 -13"><span class='ocrx_word' id='word_1_119' title='bbox 245 2366 294 2416; x_wconf 89' lang='lat'>111.</span> <span class='ocrx_word' id='word_1_120' title='bbox 306 2368 332 2416; x_wconf 90' lang='grc'>4.</span> <span class='ocrx_word' id='word_1_121' title='bbox 350 2366 373 2425; x_wconf 75' lang='lat'>§-</span> <span class='ocrx_word' id='word_1_122' title='bbox 387 2365 411 2413; x_wconf 81' lang='lat'>7.</span> <span class='ocrx_word' id='word_1_123' title='bbox 442 2364 524 2412; x_wconf 88' lang='lat' dir='ltr'>Hunc</span> <span class='ocrx_word' id='word_1_124' title='bbox 542 2364 711 2428; x_wconf 87' lang='lat' dir='ltr'>Lampouem</span> <span class='ocrx_word' id='word_1_125' title='bbox 729 2365 789 2414; x_wconf 86' lang='lat' dir='ltr'>eius</span> 
     </span>
     <span class='ocr_line' id='line_1_22' title="bbox 245 2429 789 2498; baseline -0.002 -15"><span class='ocrx_word' id='word_1_126' title='bbox 245 2433 369 2498; x_wconf 82' lang='lat' dir='ltr'>Pytheae</span> <span class='ocrx_word' id='word_1_127' title='bbox 382 2431 467 2482; x_wconf 86' lang='lat' dir='ltr'>filium</span> <span class='ocrx_word' id='word_1_128' title='bbox 479 2429 564 2482; x_wconf 88' lang='lat' dir='ltr'>habet</span> <span class='ocrx_word' id='word_1_129' title='bbox 576 2431 606 2482; x_wconf 85' lang='lat' dir='ltr'>C.</span> <span class='ocrx_word' id='word_1_130' title='bbox 617 2431 650 2482; x_wconf 91' lang='grc' dir='ltr'>Ο.</span> <span class='ocrx_word' id='word_1_131' title='bbox 661 2431 789 2484; x_wconf 86' lang='lat' dir='ltr'>Mueller:</span> 
     </span>
     <span class='ocr_line' id='line_1_23' title="bbox 245 2497 789 2566; baseline -0.002 -16"><span class='ocrx_word' id='word_1_132' title='bbox 245 2501 385 2566; x_wconf 72' lang='lat' dir='ltr'>Aeginett.</span> <span class='ocrx_word' id='word_1_133' title='bbox 400 2515 463 2564; x_wconf 83' lang='lat' dir='ltr'>pag.</span> <span class='ocrx_word' id='word_1_134' title='bbox 480 2497 540 2558; x_wconf 83' lang='grc'><strong>126,</strong></span> <span class='ocrx_word' id='word_1_135' title='bbox 554 2498 587 2548; x_wconf 88' lang='lat' dir='ltr'>de</span> <span class='ocrx_word' id='word_1_136' title='bbox 601 2515 653 2563; x_wconf 90' lang='lat' dir='ltr'>quo</span> <span class='ocrx_word' id='word_1_137' title='bbox 667 2499 789 2552; x_wconf 84' lang='lat' dir='ltr'>Herodo-</span> 
     </span>
     <span class='ocr_line' id='line_1_24' title="bbox 246 2565 788 2624; baseline -0.002 -7"><span class='ocrx_word' id='word_1_138' title='bbox 246 2576 289 2617; x_wconf 88' lang='lat' dir='ltr'>tus</span> <span class='ocrx_word' id='word_1_139' title='bbox 304 2568 362 2623; x_wconf 88' lang='lat' dir='ltr'>Vll,</span> <span class='ocrx_word' id='word_1_140' title='bbox 379 2567 433 2616; x_wconf 88' lang='grc'><strong>181.</strong></span> <span class='ocrx_word' id='word_1_141' title='bbox 450 2565 576 2624; x_wconf 64' lang='grc'><strong>1711192.</strong></span> <span class='ocrx_word' id='word_1_142' title='bbox 594 2567 663 2616; x_wconf 89' lang='lat' dir='ltr'>Nam</span> <span class='ocrx_word' id='word_1_143' title='bbox 678 2567 788 2617; x_wconf 89' lang='lat' dir='ltr'>coniun-</span> 
     </span>
     <span class='ocr_line' id='line_1_25' title="bbox 246 2633 788 2700; baseline 0 -18"><span class='ocrx_word' id='word_1_144' title='bbox 246 2635 288 2700; x_wconf 78' lang='lat' dir='ltr'>git</span> <span class='ocrx_word' id='word_1_145' title='bbox 306 2650 352 2683; x_wconf 88' lang='lat' dir='ltr'>eos</span> <span class='ocrx_word' id='word_1_146' title='bbox 375 2635 426 2694; x_wconf 85' lang='lat' dir='ltr'>(ita</span> <span class='ocrx_word' id='word_1_147' title='bbox 443 2634 520 2682; x_wconf 85' lang='lat' dir='ltr'>addit</span> <span class='ocrx_word' id='word_1_148' title='bbox 541 2635 583 2683; x_wconf 82' lang='lat' dir='ltr'>vir</span> <span class='ocrx_word' id='word_1_149' title='bbox 604 2633 788 2696; x_wconf 82' lang='lat' dir='ltr'>doctissimus)</span> 
     </span>
     <span class='ocr_line' id='line_1_26' title="bbox 246 2700 790 2750; baseline -0.002 0"><span class='ocrx_word' id='word_1_150' title='bbox 246 2702 337 2750; x_wconf 89' lang='lat' dir='ltr'>odium</span> <span class='ocrx_word' id='word_1_151' title='bbox 356 2701 384 2749; x_wconf 92' lang='lat' dir='ltr'>iu</span> <span class='ocrx_word' id='word_1_152' title='bbox 397 2701 497 2748; x_wconf 85' lang='lat' dir='ltr'>Persas</span> <span class='ocrx_word' id='word_1_153' title='bbox 510 2700 790 2750; x_wconf 84' lang='lat' dir='ltr'>vehementissimum.</span> 
     </span>
     <span class='ocr_line' id='line_1_27' title="bbox 246 2761 788 2832; baseline 0.002 -15"><span class='ocrx_word' id='word_1_154' title='bbox 246 2769 299 2817; x_wconf 92' lang='lat' dir='ltr'>Pro</span> <span class='ocrx_word' id='word_1_155' title='bbox 312 2767 386 2832; x_wconf 81' lang='lat' dir='ltr'>vulg.</span> <span class='ocrx_word' id='word_1_156' title='bbox 401 2761 510 2816; x_wconf 78' lang='grc' dir='ltr'><strong><em>Πύθεω</em></strong></span> <span class='ocrx_word' id='word_1_157' title='bbox 526 2767 657 2832; x_wconf 82' lang='lat' dir='ltr'>rescripsi</span> <span class='ocrx_word' id='word_1_158' title='bbox 671 2763 788 2830; x_wconf 81' lang='grc' dir='ltr'><strong><em>Πυθέω,</em></strong></span> 
     </span>
     <span class='ocr_line' id='line_1_28' title="bbox 246 2833 789 2896; baseline 0.006 -14"><span class='ocrx_word' id='word_1_159' title='bbox 246 2840 277 2882; x_wconf 88' lang='lat' dir='ltr'>ut</span> <span class='ocrx_word' id='word_1_160' title='bbox 291 2834 389 2882; x_wconf 90' lang='lat' dir='ltr'>dudum</span> <span class='ocrx_word' id='word_1_161' title='bbox 407 2833 521 2883; x_wconf 84' lang='lat' dir='ltr'>rescribi</span> <span class='ocrx_word' id='word_1_162' title='bbox 540 2833 677 2883; x_wconf 88' lang='lat' dir='ltr'>maluerat</span> <span class='ocrx_word' id='word_1_163' title='bbox 689 2835 789 2896; x_wconf 83' lang='lat' dir='ltr'>Kreba;</span> 
     </span>
     <span class='ocr_line' id='line_1_29' title="bbox 247 2899 790 2962; baseline 0.002 -12"><span class='ocrx_word' id='word_1_164' title='bbox 247 2906 276 2950; x_wconf 91' lang='lat' dir='ltr'>tu</span> <span class='ocrx_word' id='word_1_165' title='bbox 288 2900 342 2950; x_wconf 86' lang='lat' dir='ltr'>vid.</span> <span class='ocrx_word' id='word_1_166' title='bbox 356 2905 425 2950; x_wconf 90' lang='lat' dir='ltr'>nott.</span> <span class='ocrx_word' id='word_1_167' title='bbox 439 2900 473 2950; x_wconf 86' lang='lat' dir='ltr'>ad</span> <span class='ocrx_word' id='word_1_168' title='bbox 486 2901 553 2961; x_wconf 82' lang='lat' dir='ltr'>vll,</span> <span class='ocrx_word' id='word_1_169' title='bbox 569 2899 624 2950; x_wconf 83' lang='lat'>137.</span> <span class='ocrx_word' id='word_1_170' title='bbox 655 2903 732 2962; x_wconf 84' lang='lat' dir='ltr'>Quae</span> <span class='ocrx_word' id='word_1_171' title='bbox 748 2917 790 2951; x_wconf 90' lang='lat' dir='ltr'>se·</span> 
     </span>
     <span class='ocr_line' id='line_1_30' title="bbox 247 2967 789 3033; baseline 0.006 -18"><span class='ocrx_word' id='word_1_172' title='bbox 247 2967 336 3032; x_wconf 88' lang='lat' dir='ltr'>quitur</span> <span class='ocrx_word' id='word_1_173' title='bbox 358 2967 447 3016; x_wconf 87' lang='lat' dir='ltr'>oratio</span> <span class='ocrx_word' id='word_1_174' title='bbox 469 2967 619 3031; x_wconf 87' lang='lat' dir='ltr'>Lampouis</span> <span class='ocrx_word' id='word_1_175' title='bbox 640 2969 789 3033; x_wconf 79' lang='lat' dir='ltr'>Aegineta-</span> 
     </span>
     <span class='ocr_line' id='line_1_31' title="bbox 246 3034 790 3100; baseline 0.004 -16"><span class='ocrx_word' id='word_1_176' title='bbox 246 3050 304 3084; x_wconf 87' lang='lat' dir='ltr'>rum</span> <span class='ocrx_word' id='word_1_177' title='bbox 323 3034 392 3084; x_wconf 86' lang='lat' dir='ltr'>civis</span> <span class='ocrx_word' id='word_1_178' title='bbox 408 3034 553 3100; x_wconf 89' lang='lat' dir='ltr'>principis,</span> <span class='ocrx_word' id='word_1_179' title='bbox 576 3035 621 3098; x_wconf 89' lang='lat' dir='ltr'>qui</span> <span class='ocrx_word' id='word_1_180' title='bbox 634 3035 790 3086; x_wconf 73' lang='lat' dir='ltr'>Pausaniae</span> 
     </span>
     <span class='ocr_line' id='line_1_32' title="bbox 246 3101 790 3168; baseline 0 -16"><span class='ocrx_word' id='word_1_181' title='bbox 246 3101 412 3168; x_wconf 82' lang='lat' dir='ltr'>persuadere</span> <span class='ocrx_word' id='word_1_182' title='bbox 430 3101 534 3162; x_wconf 79' lang='lat' dir='ltr'>studet,</span> <span class='ocrx_word' id='word_1_183' title='bbox 554 3107 584 3149; x_wconf 89' lang='lat' dir='ltr'>ut</span> <span class='ocrx_word' id='word_1_184' title='bbox 601 3102 635 3150; x_wconf 87' lang='lat' dir='ltr'>de</span> <span class='ocrx_word' id='word_1_185' title='bbox 653 3102 790 3154; x_wconf 87' lang='lat' dir='ltr'>Mardouii</span> 
     </span>
     <span class='ocr_line' id='line_1_33' title="bbox 247 3169 789 3234; baseline 0 -14"><span class='ocrx_word' id='word_1_186' title='bbox 247 3169 384 3220; x_wconf 84' lang='lat' dir='ltr'>cadavere</span> <span class='ocrx_word' id='word_1_187' title='bbox 405 3185 521 3234; x_wconf 88' lang='lat' dir='ltr'>poenam</span> <span class='ocrx_word' id='word_1_188' title='bbox 543 3174 645 3227; x_wconf 87' lang='lat' dir='ltr'>sumat,</span> <span class='ocrx_word' id='word_1_189' title='bbox 672 3186 732 3220; x_wconf 86' lang='lat' dir='ltr'>eam</span> <span class='ocrx_word' id='word_1_190' title='bbox 755 3172 789 3220; x_wconf 85' lang='lat' dir='ltr'>ad</span> 
     </span>
     <span class='ocr_line' id='line_1_34' title="bbox 246 3235 792 3303; baseline 0.004 -17"><span class='ocrx_word' id='word_1_191' title='bbox 246 3237 334 3286; x_wconf 89' lang='lat' dir='ltr'>odium</span> <span class='ocrx_word' id='word_1_192' title='bbox 348 3237 446 3287; x_wconf 88' lang='lat' dir='ltr'>raierri</span> <span class='ocrx_word' id='word_1_193' title='bbox 458 3236 517 3286; x_wconf 88' lang='lat' dir='ltr'>vult</span> <span class='ocrx_word' id='word_1_194' title='bbox 527 3235 611 3286; x_wconf 87' lang='lat' dir='ltr'>Grote</span> <span class='ocrx_word' id='word_1_195' title='bbox 624 3237 748 3303; x_wconf 77' lang='lat' dir='ltr'>(History</span> <span class='ocrx_word' id='word_1_196' title='bbox 761 3240 792 3288; x_wconf 86' lang='lat' dir='ltr'>oi</span> 
     </span>
     <span class='ocr_line' id='line_1_35' title="bbox 247 3303 789 3370; baseline 0.002 -16"><span class='ocrx_word' id='word_1_197' title='bbox 247 3305 352 3356; x_wconf 85' lang='lat' dir='ltr'>Graece</span> <span class='ocrx_word' id='word_1_198' title='bbox 365 3305 397 3354; x_wconf 85' lang='lat' dir='ltr'>V.</span> <span class='ocrx_word' id='word_1_199' title='bbox 412 3319 475 3370; x_wconf 77' lang='lat' dir='ltr'>pag.</span> <span class='ocrx_word' id='word_1_200' title='bbox 488 3303 538 3353; x_wconf 88' lang='grc'>240</span> <span class='ocrx_word' id='word_1_201' title='bbox 555 3304 639 3368; x_wconf 79' lang='lat' dir='ltr'>seq),</span> <span class='ocrx_word' id='word_1_202' title='bbox 658 3305 728 3370; x_wconf 89' lang='lat' dir='ltr'>quod</span> <span class='ocrx_word' id='word_1_203' title='bbox 742 3305 789 3356; x_wconf 93' lang='lat' dir='ltr'>illo</span> 
     </span>
     <span class='ocr_line' id='line_1_36' title="bbox 245 3371 790 3438; baseline 0.002 -16"><span class='ocrx_word' id='word_1_204' title='bbox 245 3378 367 3438; x_wconf 85' lang='lat' dir='ltr'>tempore</span> <span class='ocrx_word' id='word_1_205' title='bbox 377 3371 559 3422; x_wconf 79' lang='lat' dir='ltr'>Athenienses</span> <span class='ocrx_word' id='word_1_206' title='bbox 571 3377 600 3421; x_wconf 90' lang='lat' dir='ltr'>et</span> <span class='ocrx_word' id='word_1_207' title='bbox 609 3371 790 3423; x_wconf 86' lang='lat' dir='ltr'>Plataeensca</span> 
     </span>
     <span class='ocr_line' id='line_1_37' title="bbox 246 3439 790 3506; baseline -0.004 -14"><span class='ocrx_word' id='word_1_208' title='bbox 246 3457 306 3492; x_wconf 87' lang='lat' dir='ltr'>cum</span> <span class='ocrx_word' id='word_1_209' title='bbox 324 3439 367 3490; x_wconf 88' lang='lat' dir='ltr'>bia</span> <span class='ocrx_word' id='word_1_210' title='bbox 385 3441 472 3490; x_wconf 87' lang='lat' dir='ltr'>iuncti</span> <span class='ocrx_word' id='word_1_211' title='bbox 491 3440 519 3488; x_wconf 87' lang='lat' dir='ltr'>in</span> <span class='ocrx_word' id='word_1_212' title='bbox 536 3441 689 3503; x_wconf 76' lang='lat' dir='ltr'>Aeginetae</span> <span class='ocrx_word' id='word_1_213' title='bbox 708 3457 790 3506; x_wconf 84' lang='lat' dir='ltr'>cepe·</span> 
     </span>
     <span class='ocr_line' id='line_1_38' title="bbox 245 3507 789 3573; baseline -0.002 -14"><span class='ocrx_word' id='word_1_214' title='bbox 245 3510 312 3571; x_wconf 87' lang='lat' dir='ltr'>rint,</span> <span class='ocrx_word' id='word_1_215' title='bbox 336 3509 484 3573; x_wconf 90' lang='lat' dir='ltr'>eodemque</span> <span class='ocrx_word' id='word_1_216' title='bbox 503 3507 586 3556; x_wconf 87' lang='lat' dir='ltr'>etiarn</span> <span class='ocrx_word' id='word_1_217' title='bbox 605 3507 702 3557; x_wconf 86' lang='lat' dir='ltr'>referri</span> <span class='ocrx_word' id='word_1_218' title='bbox 721 3509 789 3568; x_wconf 87' lang='lat' dir='ltr'>vult,</span> 
     </span>
     <span class='ocr_line' id='line_1_39' title="bbox 246 3573 789 3704; baseline 0 -10"><span class='ocrx_word' id='word_1_219' title='bbox 246 3573 790 3704; x_wconf 46' lang='lat' dir='ltr'>iillidiiniaieriiiorilnirslleefflilalriiiii</span> 
     </span>
     <span class='ocr_line' id='line_1_40' title="bbox 245 3709 791 3770; baseline 0 -10"><span class='ocrx_word' id='word_1_220' title='bbox 245 3711 413 3760; x_wconf 89' lang='lat' dir='ltr'>Herodotum</span> <span class='ocrx_word' id='word_1_221' title='bbox 424 3717 498 3761; x_wconf 89' lang='lat' dir='ltr'>certe</span> <span class='ocrx_word' id='word_1_222' title='bbox 509 3710 594 3770; x_wconf 86' lang='lat' dir='ltr'>haec,</span> <span class='ocrx_word' id='word_1_223' title='bbox 605 3709 737 3760; x_wconf 87' lang='lat' dir='ltr'>Plataeas</span> <span class='ocrx_word' id='word_1_224' title='bbox 750 3717 791 3760; x_wconf 88' lang='lat' dir='ltr'>at·</span> 
     </span>
     <span class='ocr_line' id='line_1_41' title="bbox 247 3777 791 3842; baseline 0.002 -16"><span class='ocrx_word' id='word_1_225' title='bbox 247 3793 298 3841; x_wconf 89' lang='lat' dir='ltr'>que</span> <span class='ocrx_word' id='word_1_226' title='bbox 319 3793 412 3840; x_wconf 80' lang='lat' dir='ltr'>agrum</span> <span class='ocrx_word' id='word_1_227' title='bbox 427 3777 633 3828; x_wconf 83' lang='lat' dir='ltr'>Plataeensium</span> <span class='ocrx_word' id='word_1_228' title='bbox 656 3792 716 3827; x_wconf 89' lang='lat' dir='ltr'>cum</span> <span class='ocrx_word' id='word_1_229' title='bbox 731 3794 791 3842; x_wconf 86' lang='lat' dir='ltr'>per-</span> 
     </span>
     <span class='ocr_line' id='line_1_42' title="bbox 246 3843 790 3902; baseline 0.006 -10"><span class='ocrx_word' id='word_1_230' title='bbox 246 3843 383 3902; x_wconf 79' lang='lat' dir='ltr'>lustraret,</span> <span class='ocrx_word' id='word_1_231' title='bbox 399 3843 539 3894; x_wconf 84' lang='lat' dir='ltr'>audivisso</span> <span class='ocrx_word' id='word_1_232' title='bbox 552 3845 623 3892; x_wconf 88' lang='lat' dir='ltr'>idem</span> <span class='ocrx_word' id='word_1_233' title='bbox 637 3843 721 3894; x_wconf 85' lang='lat' dir='ltr'>Grote</span> <span class='ocrx_word' id='word_1_234' title='bbox 735 3850 790 3894; x_wconf 88' lang='lat' dir='ltr'>sta·</span> 
     </span>
     <span class='ocr_line' id='line_1_43' title="bbox 247 3909 790 3969; baseline 0.007 -11"><span class='ocrx_word' id='word_1_235' title='bbox 247 3911 311 3966; x_wconf 88' lang='lat' dir='ltr'>tuit,</span> <span class='ocrx_word' id='word_1_236' title='bbox 331 3909 379 3958; x_wconf 90' lang='lat' dir='ltr'>sed</span> <span class='ocrx_word' id='word_1_237' title='bbox 393 3911 433 3958; x_wconf 91' lang='lat' dir='ltr'>ita</span> <span class='ocrx_word' id='word_1_238' title='bbox 446 3911 604 3969; x_wconf 82' lang='lat' dir='ltr'>tradidisse,</span> <span class='ocrx_word' id='word_1_239' title='bbox 628 3915 657 3960; x_wconf 93' lang='lat' dir='ltr'>ut</span> <span class='ocrx_word' id='word_1_240' title='bbox 670 3911 790 3962; x_wconf 82' lang='lat' dir='ltr'>Graeco-</span> 
     </span>
     <span class='ocr_line' id='line_1_44' title="bbox 247 3977 790 4044; baseline 0.006 -18"><span class='ocrx_word' id='word_1_241' title='bbox 247 3991 304 4026; x_wconf 88' lang='lat' dir='ltr'>rum</span> <span class='ocrx_word' id='word_1_242' title='bbox 317 3977 392 4025; x_wconf 84' lang='lat' dir='ltr'>landi</span> <span class='ocrx_word' id='word_1_243' title='bbox 405 3983 433 4024; x_wconf 88' lang='lat' dir='ltr'>et</span> <span class='ocrx_word' id='word_1_244' title='bbox 445 3977 540 4028; x_wconf 86' lang='lat' dir='ltr'>lrouori</span> <span class='ocrx_word' id='word_1_245' title='bbox 557 3979 584 4026; x_wconf 89' lang='lat' dir='ltr'>iu</span> <span class='ocrx_word' id='word_1_246' title='bbox 596 3977 639 4028; x_wconf 83' lang='lat' dir='ltr'>bis</span> <span class='ocrx_word' id='word_1_247' title='bbox 652 3994 790 4044; x_wconf 80' lang='lat' dir='ltr'>exponen·</span> 
     </span>
     <span class='ocr_line' id='line_1_45' title="bbox 247 4043 789 4109; baseline 0.007 -17"><span class='ocrx_word' id='word_1_248' title='bbox 247 4043 288 4092; x_wconf 89' lang='lat' dir='ltr'>dis</span> <span class='ocrx_word' id='word_1_249' title='bbox 305 4044 459 4092; x_wconf 80' lang='lat' dir='ltr'>inserviret.</span> <span class='ocrx_word' id='word_1_250' title='bbox 494 4045 626 4109; x_wconf 81' lang='lat' dir='ltr'>Equidem</span> <span class='ocrx_word' id='word_1_251' title='bbox 648 4045 731 4096; x_wconf 89' lang='lat' dir='ltr'>nolim</span> <span class='ocrx_word' id='word_1_252' title='bbox 750 4051 789 4096; x_wconf 84' lang='lat' dir='ltr'>ta·</span> 
     </span>
     <span class='ocr_line' id='line_1_46' title="bbox 247 4109 789 4175; baseline 0.006 -16"><span class='ocrx_word' id='word_1_253' title='bbox 247 4109 295 4172; x_wconf 84' lang='lat' dir='ltr'>lia,</span> <span class='ocrx_word' id='word_1_254' title='bbox 303 4125 372 4175; x_wconf 88' lang='lat' dir='ltr'>quae</span> <span class='ocrx_word' id='word_1_255' title='bbox 384 4110 429 4160; x_wconf 88' lang='lat' dir='ltr'>hic</span> <span class='ocrx_word' id='word_1_256' title='bbox 439 4111 642 4170; x_wconf 85' lang='lat' dir='ltr'>traduntur‚vcl</span> <span class='ocrx_word' id='word_1_257' title='bbox 654 4113 688 4162; x_wconf 89' lang='lat' dir='ltr'>ad</span> <span class='ocrx_word' id='word_1_258' title='bbox 698 4114 789 4164; x_wconf 91' lang='lat' dir='ltr'>odium</span> 
     </span>
     <span class='ocr_line' id='line_1_47' title="bbox 245 4177 789 4246; baseline 0.006 -19"><span class='ocrx_word' id='word_1_259' title='bbox 245 4177 290 4228; x_wconf 82' lang='lat' dir='ltr'>vel</span> <span class='ocrx_word' id='word_1_260' title='bbox 309 4177 343 4227; x_wconf 90' lang='lat' dir='ltr'>ad</span> <span class='ocrx_word' id='word_1_261' title='bbox 360 4177 479 4242; x_wconf 81' lang='lat' dir='ltr'>gratiam</span> <span class='ocrx_word' id='word_1_262' title='bbox 498 4177 601 4226; x_wconf 81' lang='lat' dir='ltr'>reterre</span> <span class='ocrx_word' id='word_1_263' title='bbox 616 4179 643 4227; x_wconf 91' lang='lat' dir='ltr'>in</span> <span class='ocrx_word' id='word_1_264' title='bbox 656 4182 789 4246; x_wconf 85' lang='lat' dir='ltr'>scriptore</span> 
     </span>
     <span class='ocr_line' id='line_1_48' title="bbox 246 4244 791 4312; baseline 0.007 -18"><span class='ocrx_word' id='word_1_265' title='bbox 246 4246 280 4294; x_wconf 90' lang='lat' dir='ltr'>ab</span> <span class='ocrx_word' id='word_1_266' title='bbox 294 4245 367 4294; x_wconf 89' lang='lat' dir='ltr'>omni</span> <span class='ocrx_word' id='word_1_267' title='bbox 380 4245 498 4309; x_wconf 87' lang='lat' dir='ltr'>partium</span> <span class='ocrx_word' id='word_1_268' title='bbox 516 4244 606 4293; x_wconf 85' lang='lat' dir='ltr'>studio</span> <span class='ocrx_word' id='word_1_269' title='bbox 621 4246 725 4308; x_wconf 84' lang='lat' dir='ltr'>alieno,</span> <span class='ocrx_word' id='word_1_270' title='bbox 746 4249 791 4312; x_wconf 89' lang='lat' dir='ltr'>qni</span> 
     </span>
     <span class='ocr_line' id='line_1_49' title="bbox 246 4311 791 4380; baseline 0.006 -18"><span class='ocrx_word' id='word_1_271' title='bbox 246 4317 376 4362; x_wconf 87' lang='lat' dir='ltr'>accurate</span> <span class='ocrx_word' id='word_1_272' title='bbox 390 4317 418 4362; x_wconf 86' lang='lat' dir='ltr'>et</span> <span class='ocrx_word' id='word_1_273' title='bbox 430 4325 534 4362; x_wconf 85' lang='lat' dir='ltr'>summa</span> <span class='ocrx_word' id='word_1_274' title='bbox 546 4325 606 4359; x_wconf 89' lang='lat' dir='ltr'>cum</span> <span class='ocrx_word' id='word_1_275' title='bbox 617 4311 669 4363; x_wconf 84' lang='lat' dir='ltr'>fide</span> <span class='ocrx_word' id='word_1_276' title='bbox 683 4315 791 4380; x_wconf 80' lang='lat' dir='ltr'>singula</span> 
     </span>
     <span class='ocr_line' id='line_1_50' title="bbox 246 4379 791 4446; baseline 0.004 -16"><span class='ocrx_word' id='word_1_277' title='bbox 246 4395 369 4445; x_wconf 87' lang='lat' dir='ltr'>quaeque</span> <span class='ocrx_word' id='word_1_278' title='bbox 380 4380 484 4430; x_wconf 81' lang='lat' dir='ltr'>reterre</span> <span class='ocrx_word' id='word_1_279' title='bbox 494 4395 545 4428; x_wconf 89' lang='lat' dir='ltr'>nec</span> <span class='ocrx_word' id='word_1_280' title='bbox 556 4379 709 4444; x_wconf 87' lang='lat' dir='ltr'>quidquam,</span> <span class='ocrx_word' id='word_1_281' title='bbox 721 4382 791 4446; x_wconf 91' lang='lat' dir='ltr'>quod</span> 
     </span>
    </p>
   </div>
   <div class='ocr_carea' id='block_1_7' title="bbox 840 1553 1386 1738">
    <p class='ocr_par' dir='ltr' id='par_1_8' title="bbox 840 1553 1386 1738">
     <span class='ocr_line' id='line_1_51' title="bbox 841 1553 1386 1619; baseline 0 -15"><span class='ocrx_word' id='word_1_282' title='bbox 841 1553 875 1604; x_wconf 91' lang='lat' dir='ltr'>ad</span> <span class='ocrx_word' id='word_1_283' title='bbox 889 1555 977 1619; x_wconf 86' lang='lat' dir='ltr'>ipsius</span> <span class='ocrx_word' id='word_1_284' title='bbox 994 1553 1181 1618; x_wconf 81' lang='lat' dir='ltr'>cognitionem</span> <span class='ocrx_word' id='word_1_285' title='bbox 1195 1553 1337 1618; x_wconf 83' lang='lat' dir='ltr'>pervenit,</span> <span class='ocrx_word' id='word_1_286' title='bbox 1356 1555 1386 1604; x_wconf 84' lang='lat' dir='ltr'>in</span> 
     </span>
     <span class='ocr_line' id='line_1_52' title="bbox 840 1621 1385 1738; baseline 0 -68"><span class='ocrx_word' id='word_1_287' title='bbox 840 1622 986 1738; x_wconf 55' lang='lat' dir='ltr'>bistrebns</span> <span class='ocrx_word' id='word_1_288' title='bbox 1008 1621 1168 1671; x_wconf 80' lang='lat' dir='ltr'>enarrandis</span> <span class='ocrx_word' id='word_1_289' title='bbox 1190 1622 1316 1672; x_wconf 86' lang='lat' dir='ltr'>omittere</span> <span class='ocrx_word' id='word_1_290' title='bbox 1338 1636 1385 1671; x_wconf 84' lang='lat' dir='ltr'>vo-</span> 
     </span>
     <span class='ocr_line' id='line_1_53' title="bbox 852 1705 901 1738; baseline 0 0"><span class='ocrx_word' id='word_1_291' title='bbox 852 1705 878 1738; x_wconf 83' lang='lat' dir='ltr'>ur</span> <span class='ocrx_word' id='word_1_292' title='bbox 895 1725 901 1738; x_wconf 94' lang='lat'>.</span> 
     </span>
    </p>
   </div>
   <div class='ocr_carea' id='block_1_8' title="bbox 838 1781 1390 3876">
    <p class='ocr_par' dir='ltr' id='par_1_9' title="bbox 838 1781 1390 3876">
     <span class='ocr_line' id='line_1_54' title="bbox 874 1781 1385 1856; baseline -0.004 -16"><span class='ocrx_word' id='word_1_293' title='bbox 874 1783 1048 1854; x_wconf 70' lang='grc' dir='ltr'><strong><em>Αἰγινητέων</em></strong></span> <span class='ocrx_word' id='word_1_294' title='bbox 1060 1781 1094 1839; x_wconf 85' lang='grc' dir='ltr'>τά</span> <span class='ocrx_word' id='word_1_295' title='bbox 1107 1785 1215 1856; x_wconf 72' lang='grc' dir='ltr'><strong><em>πρώτα]</em></strong></span> <span class='ocrx_word' id='word_1_296' title='bbox 1230 1789 1307 1851; x_wconf 84' lang='lat' dir='ltr'>Quod</span> <span class='ocrx_word' id='word_1_297' title='bbox 1318 1789 1385 1838; x_wconf 89' lang='lat' dir='ltr'>olim</span> 
     </span>
     <span class='ocr_line' id='line_1_55' title="bbox 840 1851 1386 1920; baseline 0.002 -13"><span class='ocrx_word' id='word_1_298' title='bbox 840 1857 883 1907; x_wconf 89' lang='lat' dir='ltr'>his</span> <span class='ocrx_word' id='word_1_299' title='bbox 897 1859 1030 1907; x_wconf 82' lang='lat' dir='ltr'>adnexum</span> <span class='ocrx_word' id='word_1_300' title='bbox 1044 1862 1104 1906; x_wconf 88' lang='lat' dir='ltr'>erat</span> <span class='ocrx_word' id='word_1_301' title='bbox 1114 1851 1209 1920; x_wconf 79' lang='grc' dir='ltr'><strong><em>φέρων</em></strong></span> <span class='ocrx_word' id='word_1_302' title='bbox 1221 1859 1310 1920; x_wconf 88' lang='lat' dir='ltr'>(cuius</span> <span class='ocrx_word' id='word_1_303' title='bbox 1323 1857 1386 1908; x_wconf 89' lang='lat' dir='ltr'>loco</span> 
     </span>
     <span class='ocr_line' id='line_1_56' title="bbox 841 1923 1386 1984; baseline 0.002 -11"><span class='ocrx_word' id='word_1_304' title='bbox 841 1925 974 1976; x_wconf 83' lang='lat' dir='ltr'>Valckcn.</span> <span class='ocrx_word' id='word_1_305' title='bbox 990 1925 1135 1975; x_wconf 81' lang='lat' dir='ltr'>conterens</span> <span class='ocrx_word' id='word_1_306' title='bbox 1145 1925 1219 1984; x_wconf 90' lang='lat' dir='ltr'>VIII,</span> <span class='ocrx_word' id='word_1_307' title='bbox 1234 1923 1279 1974; x_wconf 80' lang='grc'><strong>104</strong></span> <span class='ocrx_word' id='word_1_308' title='bbox 1294 1929 1321 1974; x_wconf 91' lang='lat' dir='ltr'>et</span> <span class='ocrx_word' id='word_1_309' title='bbox 1331 1925 1386 1974; x_wconf 85' lang='lat' dir='ltr'>Lu·</span> 
     </span>
     <span class='ocr_line' id='line_1_57' title="bbox 841 1990 1386 2058; baseline 0 -16"><span class='ocrx_word' id='word_1_310' title='bbox 841 1994 914 2043; x_wconf 85' lang='lat' dir='ltr'>olan.</span> <span class='ocrx_word' id='word_1_311' title='bbox 927 1993 958 2042; x_wconf 93' lang='lat' dir='ltr'>V.</span> <span class='ocrx_word' id='word_1_312' title='bbox 972 1993 1006 2042; x_wconf 87' lang='grc' dir='ltr'>Η.</span> <span class='ocrx_word' id='word_1_313' title='bbox 1021 1993 1061 2052; x_wconf 93' lang='grc'>11,</span> <span class='ocrx_word' id='word_1_314' title='bbox 1078 1990 1108 2041; x_wconf 86' lang='grc'><strong>18</strong></span> <span class='ocrx_word' id='word_1_315' title='bbox 1120 1993 1185 2057; x_wconf 88' lang='lat' dir='ltr'>poni</span> <span class='ocrx_word' id='word_1_316' title='bbox 1197 1991 1321 2042; x_wconf 87' lang='lat' dir='ltr'>voluerat</span> <span class='ocrx_word' id='word_1_317' title='bbox 1334 2007 1386 2058; x_wconf 84' lang='grc' dir='ltr'><strong><em>φε-</em></strong></span> 
     </span>
     <span class='ocr_line' id='line_1_58' title="bbox 841 2052 1385 2124; baseline -0.004 -14"><span class='ocrx_word' id='word_1_318' title='bbox 841 2052 986 2124; x_wconf 74' lang='grc' dir='ltr'><strong><em>ρόμενος),</em></strong></span> <span class='ocrx_word' id='word_1_319' title='bbox 1000 2061 1097 2110; x_wconf 91' lang='lat' dir='ltr'>merito</span> <span class='ocrx_word' id='word_1_320' title='bbox 1109 2075 1182 2109; x_wconf 87' lang='lat' dir='ltr'>nunc</span> <span class='ocrx_word' id='word_1_321' title='bbox 1195 2059 1324 2109; x_wconf 89' lang='lat' dir='ltr'>deletum.</span> <span class='ocrx_word' id='word_1_322' title='bbox 1342 2059 1385 2109; x_wconf 80' lang='lat' dir='ltr'>&#39;Pu</span> 
     </span>
     <span class='ocr_line' id='line_1_59' title="bbox 840 2126 1386 2188; baseline -0.002 -11"><span class='ocrx_word' id='word_1_323' title='bbox 840 2127 903 2178; x_wconf 86' lang='lat' dir='ltr'>vide</span> <span class='ocrx_word' id='word_1_324' title='bbox 926 2127 959 2176; x_wconf 89' lang='lat' dir='ltr'>de</span> <span class='ocrx_word' id='word_1_325' title='bbox 982 2127 1119 2177; x_wconf 88' lang='lat' dir='ltr'>locutione</span> <span class='ocrx_word' id='word_1_326' title='bbox 1141 2126 1244 2177; x_wconf 85' lang='lat' dir='ltr'>Herod.</span> <span class='ocrx_word' id='word_1_327' title='bbox 1265 2127 1316 2188; x_wconf 78' lang='lat' dir='ltr'>vt,</span> <span class='ocrx_word' id='word_1_328' title='bbox 1337 2126 1386 2176; x_wconf 93' lang='grc'><strong>100</strong></span> 
     </span>
     <span class='ocr_line' id='line_1_60' title="bbox 841 2194 1386 2259; baseline 0 -15"><span class='ocrx_word' id='word_1_329' title='bbox 841 2195 933 2259; x_wconf 87' lang='lat' dir='ltr'>ibique</span> <span class='ocrx_word' id='word_1_330' title='bbox 947 2199 1013 2246; x_wconf 83' lang='lat' dir='ltr'>nott</span> <span class='ocrx_word' id='word_1_331' title='bbox 1044 2195 1104 2256; x_wconf 83' lang='lat' dir='ltr'>Quo</span> <span class='ocrx_word' id='word_1_332' title='bbox 1116 2194 1177 2244; x_wconf 88' lang='lat' dir='ltr'>loco</span> <span class='ocrx_word' id='word_1_333' title='bbox 1191 2195 1261 2259; x_wconf 89' lang='lat' dir='ltr'>qnod</span> <span class='ocrx_word' id='word_1_334' title='bbox 1275 2195 1386 2244; x_wconf 85' lang='lat' dir='ltr'>additur</span> 
     </span>
     <span class='ocr_line' id='line_1_61' title="bbox 842 2253 1387 2326; baseline -0.006 -13"><span class='ocrx_word' id='word_1_335' title='bbox 842 2253 908 2324; x_wconf 78' lang='grc' dir='ltr'>έών,</span> <span class='ocrx_word' id='word_1_336' title='bbox 928 2262 955 2310; x_wconf 95' lang='lat' dir='ltr'>id</span> <span class='ocrx_word' id='word_1_337' title='bbox 969 2261 1021 2311; x_wconf 91' lang='lat' dir='ltr'>hoc</span> <span class='ocrx_word' id='word_1_338' title='bbox 1035 2277 1141 2326; x_wconf 87' lang='lat' dir='ltr'>quoque</span> <span class='ocrx_word' id='word_1_339' title='bbox 1155 2262 1214 2312; x_wconf 90' lang='lat' dir='ltr'>loco</span> <span class='ocrx_word' id='word_1_340' title='bbox 1230 2263 1314 2311; x_wconf 88' lang='lat' dir='ltr'>inseri</span> <span class='ocrx_word' id='word_1_341' title='bbox 1327 2261 1387 2310; x_wconf 83' lang='lat' dir='ltr'>vult</span> 
     </span>
     <span class='ocr_line' id='line_1_62' title="bbox 842 2327 1384 2394; baseline -0.002 -15"><span class='ocrx_word' id='word_1_342' title='bbox 842 2329 931 2379; x_wconf 85' lang='lat' dir='ltr'>Cobet</span> <span class='ocrx_word' id='word_1_343' title='bbox 946 2330 976 2378; x_wconf 91' lang='lat' dir='ltr'>in</span> <span class='ocrx_word' id='word_1_344' title='bbox 992 2331 1160 2394; x_wconf 82' lang='lat' dir='ltr'>Mnemoayn.</span> <span class='ocrx_word' id='word_1_345' title='bbox 1179 2329 1238 2379; x_wconf 89' lang='lat' dir='ltr'>VII.</span> <span class='ocrx_word' id='word_1_346' title='bbox 1260 2345 1322 2394; x_wconf 84' lang='lat' dir='ltr'>pag.</span> <span class='ocrx_word' id='word_1_347' title='bbox 1340 2327 1384 2378; x_wconf 80' lang='lat'>80.</span> 
     </span>
     <span class='ocr_line' id='line_1_63' title="bbox 842 2391 1386 2462; baseline -0.002 -16"><span class='ocrx_word' id='word_1_348' title='bbox 842 2425 874 2434; x_wconf 85' lang='lat'>—</span> <span class='ocrx_word' id='word_1_349' title='bbox 891 2398 955 2447; x_wconf 84' lang='lat' dir='ltr'>Mox</span> <span class='ocrx_word' id='word_1_350' title='bbox 979 2412 1038 2446; x_wconf 90' lang='lat' dir='ltr'>cum</span> <span class='ocrx_word' id='word_1_351' title='bbox 1062 2412 1134 2446; x_wconf 88' lang='lat' dir='ltr'>rccc.</span> <span class='ocrx_word' id='word_1_352' title='bbox 1153 2397 1213 2446; x_wconf 90' lang='lat' dir='ltr'>cdd.</span> <span class='ocrx_word' id='word_1_353' title='bbox 1232 2397 1294 2446; x_wconf 88' lang='lat' dir='ltr'>dedi</span> <span class='ocrx_word' id='word_1_354' title='bbox 1313 2391 1386 2462; x_wconf 78' lang='grc' dir='ltr'><strong><em>ἔχων</em></strong></span> 
     </span>
     <span class='ocr_line' id='line_1_64' title="bbox 842 2455 1384 2529; baseline 0 -15"><span class='ocrx_word' id='word_1_355' title='bbox 842 2455 927 2529; x_wconf 81' lang='grc' dir='ltr'><strong><em>λόγον</em></strong></span> <span class='ocrx_word' id='word_1_356' title='bbox 954 2481 1002 2529; x_wconf 92' lang='lat' dir='ltr'>pro</span> <span class='ocrx_word' id='word_1_357' title='bbox 1025 2463 1099 2528; x_wconf 77' lang='lat' dir='ltr'>vulg.</span> <span class='ocrx_word' id='word_1_358' title='bbox 1123 2459 1208 2528; x_wconf 87' lang='grc' dir='ltr'><strong><em>λόγον</em></strong></span> <span class='ocrx_word' id='word_1_359' title='bbox 1231 2457 1315 2528; x_wconf 72' lang='grc' dir='ltr'><strong><em>ἔγωγε</em></strong></span> <span class='ocrx_word' id='word_1_360' title='bbox 1350 2464 1384 2514; x_wconf 88' lang='lat' dir='ltr'>de</span> 
     </span>
     <span class='ocr_line' id='line_1_65' title="bbox 842 2529 1385 2598; baseline 0.004 -18"><span class='ocrx_word' id='word_1_361' title='bbox 842 2532 904 2598; x_wconf 88' lang='lat' dir='ltr'>ipsa</span> <span class='ocrx_word' id='word_1_362' title='bbox 921 2531 1060 2581; x_wconf 87' lang='lat' dir='ltr'>locutione</span> <span class='ocrx_word' id='word_1_363' title='bbox 1078 2531 1148 2581; x_wconf 84' lang='lat' dir='ltr'>coni.</span> <span class='ocrx_word' id='word_1_364' title='bbox 1162 2536 1229 2581; x_wconf 84' lang='lat' dir='ltr'>nott.</span> <span class='ocrx_word' id='word_1_365' title='bbox 1245 2531 1280 2580; x_wconf 85' lang='lat' dir='ltr'>ad</span> <span class='ocrx_word' id='word_1_366' title='bbox 1292 2531 1328 2594; x_wconf 82' lang='lat' dir='ltr'>V,</span> <span class='ocrx_word' id='word_1_367' title='bbox 1342 2529 1385 2582; x_wconf 79' lang='lat' dir='ltr'>ott.</span> 
     </span>
     <span class='ocr_line' id='line_1_66' title="bbox 842 2596 1385 2664; baseline 0 -16"><span class='ocrx_word' id='word_1_368' title='bbox 842 2601 964 2664; x_wconf 86' lang='lat' dir='ltr'>Sequens</span> <span class='ocrx_word' id='word_1_369' title='bbox 983 2596 1041 2648; x_wconf 77' lang='lat' dir='ltr'>lero</span> <span class='ocrx_word' id='word_1_370' title='bbox 1058 2599 1122 2648; x_wconf 90' lang='lat' dir='ltr'>hinc</span> <span class='ocrx_word' id='word_1_371' title='bbox 1140 2600 1209 2648; x_wconf 89' lang='lat' dir='ltr'>citat</span> <span class='ocrx_word' id='word_1_372' title='bbox 1226 2597 1324 2650; x_wconf 82' lang='lat' dir='ltr'>Mattlr.</span> <span class='ocrx_word' id='word_1_373' title='bbox 1338 2597 1385 2649; x_wconf 86' lang='lat' dir='ltr'>Gr.</span> 
     </span>
     <span class='ocr_line' id='line_1_67' title="bbox 843 2663 1385 2730; baseline -0.002 -14"><span class='ocrx_word' id='word_1_374' title='bbox 843 2667 888 2716; x_wconf 89' lang='lat' dir='ltr'>Gr.</span> <span class='ocrx_word' id='word_1_375' title='bbox 899 2669 922 2728; x_wconf 73' lang='lat'>§-</span> <span class='ocrx_word' id='word_1_376' title='bbox 932 2667 990 2716; x_wconf 84' lang='grc'><strong>214.</strong></span> <span class='ocrx_word' id='word_1_377' title='bbox 1002 2683 1026 2730; x_wconf 86' lang='lat' dir='ltr'>p.</span> <span class='ocrx_word' id='word_1_378' title='bbox 1037 2666 1087 2716; x_wconf 83' lang='grc'>400</span> <span class='ocrx_word' id='word_1_379' title='bbox 1097 2667 1221 2716; x_wconf 86' lang='lat' dir='ltr'>scribens</span> <span class='ocrx_word' id='word_1_380' title='bbox 1233 2663 1300 2725; x_wconf 78' lang='grc' dir='ltr'><strong><em>ΐετο,</em></strong></span> <span class='ocrx_word' id='word_1_381' title='bbox 1315 2666 1385 2730; x_wconf 90' lang='lat' dir='ltr'>quod</span> 
     </span>
     <span class='ocr_line' id='line_1_68' title="bbox 843 2733 1385 2798; baseline -0.004 -14"><span class='ocrx_word' id='word_1_382' title='bbox 843 2735 927 2784; x_wconf 90' lang='lat' dir='ltr'>otiam</span> <span class='ocrx_word' id='word_1_383' title='bbox 945 2733 1157 2794; x_wconf 83' lang='lat' dir='ltr'>deditBekker,</span> <span class='ocrx_word' id='word_1_384' title='bbox 1183 2734 1306 2798; x_wconf 87' lang='lat' dir='ltr'>qnodque</span> <span class='ocrx_word' id='word_1_385' title='bbox 1325 2734 1385 2797; x_wconf 81' lang='lat' dir='ltr'>ipse</span> 
     </span>
     <span class='ocr_line' id='line_1_69' title="bbox 843 2801 1386 2866; baseline -0.004 -16"><span class='ocrx_word' id='word_1_386' title='bbox 843 2817 902 2850; x_wconf 88' lang='lat' dir='ltr'>cum</span> <span class='ocrx_word' id='word_1_387' title='bbox 923 2801 1048 2851; x_wconf 79' lang='lat' dir='ltr'>ltindort.</span> <span class='ocrx_word' id='word_1_388' title='bbox 1075 2807 1102 2850; x_wconf 87' lang='lat' dir='ltr'>ct</span> <span class='ocrx_word' id='word_1_389' title='bbox 1119 2801 1244 2851; x_wconf 86' lang='lat' dir='ltr'>Dietsch.</span> <span class='ocrx_word' id='word_1_390' title='bbox 1265 2801 1386 2866; x_wconf 81' lang='lat' dir='ltr'>reposui.</span> 
     </span>
     <span class='ocr_line' id='line_1_70' title="bbox 842 2867 1385 2929; baseline 0.004 -13"><span class='ocrx_word' id='word_1_391' title='bbox 842 2869 884 2917; x_wconf 79' lang='lat' dir='ltr'>&#39;Pu</span> <span class='ocrx_word' id='word_1_392' title='bbox 898 2867 950 2918; x_wconf 89' lang='lat' dir='ltr'>vid.</span> <span class='ocrx_word' id='word_1_393' title='bbox 965 2874 1033 2918; x_wconf 88' lang='lat' dir='ltr'>nott.</span> <span class='ocrx_word' id='word_1_394' title='bbox 1049 2869 1083 2918; x_wconf 92' lang='lat' dir='ltr'>ad</span> <span class='ocrx_word' id='word_1_395' title='bbox 1096 2869 1141 2929; x_wconf 89' lang='lat' dir='ltr'>Vl,</span> <span class='ocrx_word' id='word_1_396' title='bbox 1158 2868 1213 2917; x_wconf 91' lang='grc'><strong>112.</strong></span> <span class='ocrx_word' id='word_1_397' title='bbox 1232 2869 1293 2918; x_wconf 90' lang='lat' dir='ltr'>Duo</span> <span class='ocrx_word' id='word_1_398' title='bbox 1307 2867 1385 2918; x_wconf 85' lang='lat' dir='ltr'>codd.</span> 
     </span>
     <span class='ocr_line' id='line_1_71' title="bbox 843 2933 1387 3002; baseline 0 -18"><span class='ocrx_word' id='word_1_399' title='bbox 843 2933 933 2993; x_wconf 76' lang='lat' dir='ltr'>isara,</span> <span class='ocrx_word' id='word_1_400' title='bbox 950 2935 1083 3002; x_wconf 80' lang='lat' dir='ltr'>egicane,</span> <span class='ocrx_word' id='word_1_401' title='bbox 1101 2951 1116 2984; x_wconf 93' lang='lat' dir='ltr'>o</span> <span class='ocrx_word' id='word_1_402' title='bbox 1138 2936 1210 2998; x_wconf 84' lang='lat' dir='ltr'>inor,</span> <span class='ocrx_word' id='word_1_403' title='bbox 1228 2934 1387 2999; x_wconf 75' lang='lat' dir='ltr'>marginali.</span> 
     </span>
     <span class='ocr_line' id='line_1_72' title="bbox 841 2951 1390 3084; baseline 0.002 -33"><span class='ocrx_word' id='word_1_404' title='bbox 841 3001 997 3066; x_wconf 80' lang='lat' dir='ltr'>Hesyclrius</span> <span class='ocrx_word' id='word_1_405' title='bbox 1014 3004 1048 3053; x_wconf 91' lang='lat'>11.</span> <span class='ocrx_word' id='word_1_406' title='bbox 1067 3019 1093 3068; x_wconf 83' lang='lat' dir='ltr'>p.</span> <span class='ocrx_word' id='word_1_407' title='bbox 1113 2951 1145 3052; x_wconf 80' lang='lat' dir='ltr'>il]</span> <span class='ocrx_word' id='word_1_408' title='bbox 1164 3001 1250 3084; x_wconf 67' lang='lat' dir='ltr'>leque·</span> <span class='ocrx_word' id='word_1_409' title='bbox 1274 2999 1390 3082; x_wconf 44' lang='grc' dir='ltr'><strong><em>βαδίζω.</em></strong></span> 
     </span>
     <span class='ocr_line' id='line_1_73' title="bbox 842 3070 1387 3202; baseline 0 -16"><span class='ocrx_word' id='word_1_410' title='bbox 842 3086 917 3187; x_wconf 66' lang='lat' dir='ltr'>{tta</span> <span class='ocrx_word' id='word_1_411' title='bbox 926 3070 1301 3197; x_wconf 60' lang='lat' dir='ltr'>tantustantus,</span> <span class='ocrx_word' id='word_1_412' title='bbox 1311 3071 1387 3202; x_wconf 72' lang='lat' dir='ltr'>ttd</span> 
     </span>
     <span class='ocr_line' id='line_1_74' title="bbox 842 3205 1387 3269; baseline 0 -15"><span class='ocrx_word' id='word_1_413' title='bbox 842 3205 921 3254; x_wconf 86' lang='lat' dir='ltr'>simul</span> <span class='ocrx_word' id='word_1_414' title='bbox 934 3207 1013 3254; x_wconf 68' lang='lat' dir='ltr'>stridit</span> <span class='ocrx_word' id='word_1_415' title='bbox 1024 3207 1150 3255; x_wconf 72' lang='lat' dir='ltr'>ettiusdom</span> <span class='ocrx_word' id='word_1_416' title='bbox 1169 3221 1201 3254; x_wconf 89' lang='lat' dir='ltr'>ac</span> <span class='ocrx_word' id='word_1_417' title='bbox 1211 3205 1387 3269; x_wconf 74' lang='lat' dir='ltr'>festinationis</span> 
     </span>
     <span class='ocr_line' id='line_1_75' title="bbox 842 3271 1386 3337; baseline -0.002 -17"><span class='ocrx_word' id='word_1_418' title='bbox 842 3273 963 3322; x_wconf 86' lang='lat' dir='ltr'>continet</span> <span class='ocrx_word' id='word_1_419' title='bbox 975 3271 1218 3337; x_wconf 84' lang='lat' dir='ltr'>significationem,</span> <span class='ocrx_word' id='word_1_420' title='bbox 1237 3277 1267 3320; x_wconf 88' lang='lat' dir='ltr'>ut</span> <span class='ocrx_word' id='word_1_421' title='bbox 1279 3287 1303 3320; x_wconf 84' lang='lat' dir='ltr'>v.</span> <span class='ocrx_word' id='word_1_422' title='bbox 1318 3287 1342 3320; x_wconf 87' lang='lat' dir='ltr'>c.</span> <span class='ocrx_word' id='word_1_423' title='bbox 1358 3271 1386 3320; x_wconf 91' lang='lat' dir='ltr'>iu</span> 
     </span>
     <span class='ocr_line' id='line_1_76' title="bbox 841 3332 1387 3405; baseline 0 -17"><span class='ocrx_word' id='word_1_424' title='bbox 841 3339 883 3389; x_wconf 91' lang='lat' dir='ltr'>lli.</span> <span class='ocrx_word' id='word_1_425' title='bbox 898 3341 938 3401; x_wconf 87' lang='lat'>11,</span> <span class='ocrx_word' id='word_1_426' title='bbox 962 3339 1020 3397; x_wconf 86' lang='grc'><strong>154,</strong></span> <span class='ocrx_word' id='word_1_427' title='bbox 1039 3339 1085 3389; x_wconf 93' lang='lat' dir='ltr'>ubi</span> <span class='ocrx_word' id='word_1_428' title='bbox 1104 3332 1200 3405; x_wconf 77' lang='grc' dir='ltr'><strong><em>δρόμῳ</em></strong></span> <span class='ocrx_word' id='word_1_429' title='bbox 1219 3336 1303 3388; x_wconf 73' lang='lat' dir='ltr'>lanso.</span> <span class='ocrx_word' id='word_1_430' title='bbox 1334 3337 1387 3388; x_wconf 85' lang='lat' dir='ltr'>Vix</span> 
     </span>
     <span class='ocr_line' id='line_1_77' title="bbox 841 3405 1389 3472; baseline 0.002 -17"><span class='ocrx_word' id='word_1_431' title='bbox 841 3407 926 3470; x_wconf 76' lang='lat' dir='ltr'>igitur</span> <span class='ocrx_word' id='word_1_432' title='bbox 943 3411 1073 3456; x_wconf 85' lang='lat' dir='ltr'>accurate</span> <span class='ocrx_word' id='word_1_433' title='bbox 1091 3405 1173 3471; x_wconf 78' lang='lat' dir='ltr'>vrtlgo</span> <span class='ocrx_word' id='word_1_434' title='bbox 1191 3407 1319 3455; x_wconf 86' lang='lat' dir='ltr'>reddunt:</span> <span class='ocrx_word' id='word_1_435' title='bbox 1343 3409 1389 3472; x_wconf 83' lang='lat' dir='ltr'>qui</span> 
     </span>
     <span class='ocr_line' id='line_1_78' title="bbox 842 3472 1385 3537; baseline -0.004 -13"><span class='ocrx_word' id='word_1_436' title='bbox 842 3477 992 3524; x_wconf 80' lang='lat' dir='ltr'>Pausaniam</span> <span class='ocrx_word' id='word_1_437' title='bbox 1017 3475 1095 3530; x_wconf 79' lang='lat' dir='ltr'>adiit,-</span> <span class='ocrx_word' id='word_1_438' title='bbox 1125 3474 1249 3537; x_wconf 85' lang='lat' dir='ltr'>equidem</span> <span class='ocrx_word' id='word_1_439' title='bbox 1276 3472 1385 3523; x_wconf 87' lang='lat' dir='ltr'>malim:</span> 
     </span>
     <span class='ocr_line' id='line_1_79' title="bbox 838 3541 1385 3606; baseline -0.002 -15"><span class='ocrx_word' id='word_1_440' title='bbox 838 3542 992 3606; x_wconf 77' lang='lat' dir='ltr'>festinabat,</span> <span class='ocrx_word' id='word_1_441' title='bbox 1007 3557 1058 3590; x_wconf 89' lang='lat' dir='ltr'>rem</span> <span class='ocrx_word' id='word_1_442' title='bbox 1073 3541 1277 3604; x_wconf 80' lang='lat' dir='ltr'>improbissimum</span> <span class='ocrx_word' id='word_1_443' title='bbox 1289 3543 1315 3590; x_wconf 88' lang='lat' dir='ltr'>ei</span> <span class='ocrx_word' id='word_1_444' title='bbox 1324 3557 1385 3590; x_wconf 83' lang='grc' dir='ltr'><strong><em>ταα-</em></strong></span> 
     </span>
     <span class='ocr_line' id='line_1_80' title="bbox 840 3600 1385 3672; baseline 0 -14"><span class='ocrx_word' id='word_1_445' title='bbox 840 3625 922 3659; x_wconf 81' lang='grc' dir='ltr'><strong><em>ενιτιι.</em></strong></span> <span class='ocrx_word' id='word_1_446' title='bbox 958 3609 999 3658; x_wconf 80' lang='lat' dir='ltr'>Ad</span> <span class='ocrx_word' id='word_1_447' title='bbox 1021 3600 1167 3672; x_wconf 70' lang='grc' dir='ltr'><strong><em>ὑπερφυὲς</em></strong></span> <span class='ocrx_word' id='word_1_448' title='bbox 1188 3609 1243 3660; x_wconf 89' lang='lat' dir='ltr'>vid.</span> <span class='ocrx_word' id='word_1_449' title='bbox 1261 3613 1329 3658; x_wconf 88' lang='lat' dir='ltr'>nott.</span> <span class='ocrx_word' id='word_1_450' title='bbox 1350 3611 1385 3658; x_wconf 86' lang='lat' dir='ltr'>ad</span> 
     </span>
     <span class='ocr_line' id='line_1_81' title="bbox 842 3675 1387 3740; baseline 0 -14"><span class='ocrx_word' id='word_1_451' title='bbox 842 3677 908 3726; x_wconf 90' lang='lat' dir='ltr'>VIII</span> <span class='ocrx_word' id='word_1_452' title='bbox 916 3713 921 3738; x_wconf 90' lang='lat'>,</span> <span class='ocrx_word' id='word_1_453' title='bbox 943 3675 998 3726; x_wconf 85' lang='grc'><strong>116.</strong></span> <span class='ocrx_word' id='word_1_454' title='bbox 1034 3677 1111 3738; x_wconf 82' lang='lat' dir='ltr'>Quae</span> <span class='ocrx_word' id='word_1_455' title='bbox 1133 3681 1283 3740; x_wconf 85' lang='lat' dir='ltr'>sequnntur</span> <span class='ocrx_word' id='word_1_456' title='bbox 1299 3676 1387 3726; x_wconf 86' lang='lat' dir='ltr'>verba</span> 
     </span>
     <span class='ocr_line' id='line_1_82' title="bbox 841 3737 1386 3810; baseline -0.004 -16"><span class='ocrx_word' id='word_1_457' title='bbox 841 3737 971 3810; x_wconf 84' lang='grc' dir='ltr'><strong><em>μέγαθός</em></strong></span> <span class='ocrx_word' id='word_1_458' title='bbox 988 3758 1018 3792; x_wconf 78' lang='grc' dir='ltr'><strong><em>τε</em></strong></span> <span class='ocrx_word' id='word_1_459' title='bbox 1036 3740 1085 3793; x_wconf 79' lang='lat' dir='ltr'>nal</span> <span class='ocrx_word' id='word_1_460' title='bbox 1102 3738 1205 3800; x_wconf 81' lang='grc' dir='ltr'><strong><em>κάλλος</em></strong></span> <span class='ocrx_word' id='word_1_461' title='bbox 1222 3743 1302 3808; x_wconf 83' lang='lat' dir='ltr'>(quod</span> <span class='ocrx_word' id='word_1_462' title='bbox 1318 3743 1386 3792; x_wconf 81' lang='lat' dir='ltr'>atti·</span> 
     </span>
     <span class='ocr_line' id='line_1_83' title="bbox 841 3811 1385 3876; baseline -0.004 -16"><span class='ocrx_word' id='word_1_463' title='bbox 841 3818 889 3862; x_wconf 90' lang='lat' dir='ltr'>net</span> <span class='ocrx_word' id='word_1_464' title='bbox 900 3811 933 3860; x_wconf 92' lang='lat' dir='ltr'>ad</span> <span class='ocrx_word' id='word_1_465' title='bbox 939 3813 1131 3873; x_wconf 72' lang='lat' dir='ltr'>mnqnitadinem</span> <span class='ocrx_word' id='word_1_466' title='bbox 1138 3817 1166 3860; x_wconf 91' lang='lat' dir='ltr'>et</span> <span class='ocrx_word' id='word_1_467' title='bbox 1169 3811 1385 3876; x_wconf 70' lang='lat' dir='ltr'>parentatum),</span> 
     </span>
    </p>
   </div>
   <div class='ocr_carea' id='block_1_9' title="bbox 841 3877 1389 4076">
    <p class='ocr_par' dir='ltr' id='par_1_10' title="bbox 841 3877 1389 4076">
     <span class='ocr_line' id='line_1_84' title="bbox 841 3877 1388 3944; baseline -0.002 -16"><span class='ocrx_word' id='word_1_468' title='bbox 841 3878 901 3944; x_wconf 84' lang='lat' dir='ltr'>pari</span> <span class='ocrx_word' id='word_1_469' title='bbox 914 3879 991 3928; x_wconf 89' lang='lat' dir='ltr'>modo</span> <span class='ocrx_word' id='word_1_470' title='bbox 1011 3879 1051 3927; x_wconf 89' lang='lat' dir='ltr'>sic</span> <span class='ocrx_word' id='word_1_471' title='bbox 1064 3879 1158 3928; x_wconf 84' lang='lat' dir='ltr'>iuncta</span> <span class='ocrx_word' id='word_1_472' title='bbox 1170 3877 1299 3942; x_wconf 84' lang='lat' dir='ltr'>leguntur</span> <span class='ocrx_word' id='word_1_473' title='bbox 1311 3877 1388 3927; x_wconf 81' lang='lat' dir='ltr'>iutra</span> 
     </span>
     <span class='ocr_line' id='line_1_85' title="bbox 841 3943 1389 4062; baseline 0 -66"><span class='ocrx_word' id='word_1_474' title='bbox 841 3943 944 4062; x_wconf 46' lang='lat' dir='ltr'>{yliqgli</span> <span class='ocrx_word' id='word_1_475' title='bbox 974 3945 1038 3996; x_wconf 79' lang='lat' dir='ltr'>Alia</span> <span class='ocrx_word' id='word_1_476' title='bbox 1051 3945 1192 3994; x_wconf 85' lang='lat' dir='ltr'>attulimus</span> <span class='ocrx_word' id='word_1_477' title='bbox 1207 3945 1242 3994; x_wconf 86' lang='lat' dir='ltr'>ad</span> <span class='ocrx_word' id='word_1_478' title='bbox 1255 3945 1309 4006; x_wconf 91' lang='lat'>111,</span> <span class='ocrx_word' id='word_1_479' title='bbox 1327 3944 1337 4004; x_wconf 88' lang='grc'><strong>1</strong></span> <span class='ocrx_word' id='word_1_480' title='bbox 1358 3951 1389 3996; x_wconf 88' lang='lat' dir='ltr'>ct</span> 
     </span>
     <span class='ocr_line' id='line_1_86' title="bbox 867 4047 930 4076; baseline 0 -14"><span class='ocrx_word' id='word_1_481' title='bbox 867 4051 873 4076; x_wconf 84' lang='lat'>‚</span> <span class='ocrx_word' id='word_1_482' title='bbox 917 4047 930 4062; x_wconf 41' lang='grc' dir='ltr'>ι.</span> 
     </span>
    </p>
   </div>
   <div class='ocr_carea' id='block_1_10' title="bbox 842 4107 1392 4444">
    <p class='ocr_par' dir='ltr' id='par_1_11' title="bbox 842 4107 1392 4444">
     <span class='ocr_line' id='line_1_87' title="bbox 875 4107 1392 4180; baseline -0.004 -16"><span class='ocrx_word' id='word_1_483' title='bbox 875 4107 956 4170; x_wconf 76' lang='grc' dir='ltr'><strong><em>κλέος</em></strong></span> <span class='ocrx_word' id='word_1_484' title='bbox 980 4107 1178 4180; x_wconf 76' lang='grc' dir='ltr'><strong><em>καταθέσθαι]</em></strong></span> <span class='ocrx_word' id='word_1_485' title='bbox 1208 4117 1315 4178; x_wconf 65' lang='lat' dir='ltr'>alonium</span> <span class='ocrx_word' id='word_1_486' title='bbox 1338 4113 1392 4164; x_wconf 76' lang='lat' dir='ltr'>ride·</span> 
     </span>
     <span class='ocr_line' id='line_1_88' title="bbox 842 4181 1389 4248; baseline 0.002 -18"><span class='ocrx_word' id='word_1_487' title='bbox 842 4183 984 4244; x_wconf 74' lang='lat' dir='ltr'>deponere,</span> <span class='ocrx_word' id='word_1_488' title='bbox 997 4186 1125 4248; x_wconf 81' lang='lat' dir='ltr'>consequi.</span> <span class='ocrx_word' id='word_1_489' title='bbox 1158 4181 1237 4230; x_wconf 80' lang='lat' dir='ltr'>Cous.</span> <span class='ocrx_word' id='word_1_490' title='bbox 1251 4181 1313 4241; x_wconf 87' lang='lat' dir='ltr'>Vll,</span> <span class='ocrx_word' id='word_1_491' title='bbox 1326 4181 1389 4231; x_wconf 89' lang='grc'><strong>220.</strong></span> 
     </span>
     <span class='ocr_line' id='line_1_89' title="bbox 842 4246 1389 4322; baseline 0.004 -26"><span class='ocrx_word' id='word_1_492' title='bbox 842 4249 894 4308; x_wconf 88' lang='lat' dir='ltr'>Vl,</span> <span class='ocrx_word' id='word_1_493' title='bbox 912 4246 943 4296; x_wconf 90' lang='grc'><strong>41</strong></span> <span class='ocrx_word' id='word_1_494' title='bbox 962 4249 1054 4312; x_wconf 87' lang='lat' dir='ltr'>ibique</span> <span class='ocrx_word' id='word_1_495' title='bbox 1073 4248 1170 4322; x_wconf 66' lang='lat' dir='ltr'>allata.</span> <span class='ocrx_word' id='word_1_496' title='bbox 1205 4248 1389 4298; x_wconf 88' lang='lat' dir='ltr'>Locutiouem</span> 
     </span>
     <span class='ocr_line' id='line_1_90' title="bbox 844 4307 1391 4430; baseline 0.004 -66"><span class='ocrx_word' id='word_1_497' title='bbox 844 4307 938 4430; x_wconf 62' lang='grc' dir='ltr'><strong><em>χάριέθ</em></strong></span> <span class='ocrx_word' id='word_1_498' title='bbox 951 4316 1163 4367; x_wconf 74' lang='grc' dir='ltr'><strong><em>κατατίθεσθαι</em></strong></span> <span class='ocrx_word' id='word_1_499' title='bbox 1186 4315 1329 4378; x_wconf 84' lang='lat' dir='ltr'>attigimus</span> <span class='ocrx_word' id='word_1_500' title='bbox 1353 4317 1391 4366; x_wconf 87' lang='lat' dir='ltr'>ad</span> 
     </span>
     <span class='ocr_line' id='line_1_91' title="bbox 844 4383 946 4444; baseline -0.01 -13"><span class='ocrx_word' id='word_1_501' title='bbox 844 4383 891 4444; x_wconf 79' lang='lat' dir='ltr'>ut,</span> <span class='ocrx_word' id='word_1_502' title='bbox 940 4417 946 4430; x_wconf 96' lang='lat'>.</span> 
     </span>
    </p>
   </div>
   <div class='ocr_carea' id='block_1_11' title="bbox 0 0 1540 4964">
    <p class='ocr_par' dir='ltr' id='par_1_12' title="bbox 0 0 1540 4964">
     <span class='ocr_line' id='line_1_92' title="bbox 0 0 1540 4964; baseline 0 0"><span class='ocrx_word' id='word_1_503' title='bbox 0 0 1540 4964; x_wconf 95' lang='lat' dir='ltr'> </span> 
     </span>
    </p>
   </div>
  </div>
 </body>
</html>
