<?xml version="1.0" encoding="UTF-8"?>
<!DOCTYPE html PUBLIC "-//W3C//DTD XHTML 1.0 Transitional//EN"
    "http://www.w3.org/TR/xhtml1/DTD/xhtml1-transitional.dtd">
<html xmlns="http://www.w3.org/1999/xhtml" xml:lang="en" lang="en">
 <head>
  <title>
</title>
<meta http-equiv="Content-Type" content="text/html;charset=utf-8" />
  <meta name='ocr-system' content='tesseract 3.04.00' />
  <meta name='ocr-capabilities' content='ocr_page ocr_carea ocr_par ocr_line ocrx_word'/>
</head>
<body>
  <div class='ocr_page' id='page_1' title='image "./herodotihalicar02bhgoog/herodotihalicar02bhgoog_0440.png"; bbox 0 0 2984 4962; ppageno 0'>
   <div class='ocr_carea' id='block_1_1' title="bbox 344 415 1272 486">
    <p class='ocr_par' dir='ltr' id='par_1_1' title="bbox 344 415 1272 486">
     <span class='ocr_line' id='line_1_1' title="bbox 344 415 1272 486; baseline 0.011 -10"><span class='ocrx_word' id='word_1_1' title='bbox 344 417 400 477; x_wconf 83' lang='lat' dir='ltr'>DE</span> <span class='ocrx_word' id='word_1_2' title='bbox 424 418 527 477; x_wconf 81' lang='lat' dir='ltr'>VITA</span> <span class='ocrx_word' id='word_1_3' title='bbox 548 417 606 477; x_wconf 83' lang='lat' dir='ltr'>ET</span> <span class='ocrx_word' id='word_1_4' title='bbox 629 417 820 478; x_wconf 83' lang='lat' dir='ltr'>SCRIPTIS</span> <span class='ocrx_word' id='word_1_5' title='bbox 844 415 1074 478; x_wconf 77' lang='lat' dir='ltr'>llultODO&#39;rI.</span> <span class='ocrx_word' id='word_1_6' title='bbox 1214 423 1272 486; x_wconf 81' lang='lat'>421</span> 
     </span>
    </p>
   </div>
   <div class='ocr_carea' id='block_1_2' title="bbox 140 585 1275 1252">
    <p class='ocr_par' dir='ltr' id='par_1_2' title="bbox 140 585 1275 1252">
     <span class='ocr_line' id='line_1_2' title="bbox 142 585 1274 661; baseline 0.002 -19"><span class='ocrx_word' id='word_1_7' title='bbox 142 589 304 661; x_wconf 88' lang='lat' dir='ltr'>quibusdam</span> <span class='ocrx_word' id='word_1_8' title='bbox 329 588 444 644; x_wconf 88' lang='lat' dir='ltr'>serioris</span> <span class='ocrx_word' id='word_1_9' title='bbox 469 589 567 642; x_wconf 86' lang='lat' dir='ltr'>aetatis</span> <span class='ocrx_word' id='word_1_10' title='bbox 589 587 772 658; x_wconf 87' lang='lat' dir='ltr'>scriptoribus</span> <span class='ocrx_word' id='word_1_11' title='bbox 781 585 810 656; x_wconf 80' lang='lat'>*)</span> <span class='ocrx_word' id='word_1_12' title='bbox 841 591 956 646; x_wconf 81' lang='lat' dir='ltr'>Thorius</span> <span class='ocrx_word' id='word_1_13' title='bbox 982 596 1111 657; x_wconf 83' lang='lat' dir='ltr'>vocatur,</span> <span class='ocrx_word' id='word_1_14' title='bbox 1133 608 1165 644; x_wconf 94' lang='lat' dir='ltr'>ac</span> <span class='ocrx_word' id='word_1_15' title='bbox 1187 591 1212 644; x_wconf 89' lang='lat' dir='ltr'>si</span> <span class='ocrx_word' id='word_1_16' title='bbox 1227 608 1274 644; x_wconf 91' lang='lat' dir='ltr'>na-</span> 
     </span>
     <span class='ocr_line' id='line_1_3' title="bbox 142 673 1274 748; baseline 0.002 -20"><span class='ocrx_word' id='word_1_17' title='bbox 142 675 202 728; x_wconf 88' lang='lat' dir='ltr'>talis</span> <span class='ocrx_word' id='word_1_18' title='bbox 218 673 260 726; x_wconf 92' lang='lat' dir='ltr'>hic</span> <span class='ocrx_word' id='word_1_19' title='bbox 285 681 360 728; x_wconf 87' lang='lat' dir='ltr'>esset</span> <span class='ocrx_word' id='word_1_20' title='bbox 380 673 457 726; x_wconf 89' lang='lat' dir='ltr'>locus</span> <span class='ocrx_word' id='word_1_21' title='bbox 478 691 597 744; x_wconf 86' lang='lat' dir='ltr'>vereque</span> <span class='ocrx_word' id='word_1_22' title='bbox 619 673 736 744; x_wconf 88' lang='lat' dir='ltr'>patrius,</span> <span class='ocrx_word' id='word_1_23' title='bbox 762 679 790 726; x_wconf 91' lang='lat' dir='ltr'>et</span> <span class='ocrx_word' id='word_1_24' title='bbox 810 674 918 728; x_wconf 75' lang='lat' dir='ltr'><strong>Plinius</strong></span> <span class='ocrx_word' id='word_1_25' title='bbox 938 674 1012 727; x_wconf 77' lang='lat' dir='ltr'>Eiet.</span> <span class='ocrx_word' id='word_1_26' title='bbox 1035 675 1102 728; x_wconf 89' lang='lat' dir='ltr'>Nat.</span> <span class='ocrx_word' id='word_1_27' title='bbox 1117 675 1179 742; x_wconf 87' lang='lat' dir='ltr'>XII,</span> <span class='ocrx_word' id='word_1_28' title='bbox 1198 677 1274 748; x_wconf 83' lang='grc'>4(8)</span> 
     </span>
     <span class='ocr_line' id='line_1_4' title="bbox 141 758 1274 830; baseline 0.001 -17"><span class='ocrx_word' id='word_1_29' title='bbox 141 760 310 814; x_wconf 88' lang='lat' dir='ltr'>Herodotum</span> <span class='ocrx_word' id='word_1_30' title='bbox 324 759 438 811; x_wconf 87' lang='lat' dir='ltr'>Thuriis</span> <span class='ocrx_word' id='word_1_31' title='bbox 460 760 488 811; x_wconf 92' lang='lat' dir='ltr'>in</span> <span class='ocrx_word' id='word_1_32' title='bbox 504 759 584 812; x_wconf 87' lang='lat' dir='ltr'>ltalia</span> <span class='ocrx_word' id='word_1_33' title='bbox 600 758 739 811; x_wconf 76' lang='lat' dir='ltr'>historiam</span> <span class='ocrx_word' id='word_1_34' title='bbox 750 759 906 813; x_wconf 71' lang='lat' dir='ltr'>condidisse</span> <span class='ocrx_word' id='word_1_35' title='bbox 925 759 1036 826; x_wconf 79' lang='lat' dir='ltr'>scribit3</span> <span class='ocrx_word' id='word_1_36' title='bbox 1061 759 1180 830; x_wconf 75' lang='lat' dir='ltr'>indeque</span> <span class='ocrx_word' id='word_1_37' title='bbox 1195 761 1274 814; x_wconf 87' lang='lat' dir='ltr'>etiam</span> 
     </span>
     <span class='ocr_line' id='line_1_5' title="bbox 142 842 1275 914; baseline 0.002 -17"><span class='ocrx_word' id='word_1_38' title='bbox 142 845 213 898; x_wconf 89' lang='lat' dir='ltr'>haud</span> <span class='ocrx_word' id='word_1_39' title='bbox 228 844 286 897; x_wconf 87' lang='lat' dir='ltr'>scio</span> <span class='ocrx_word' id='word_1_40' title='bbox 302 861 336 896; x_wconf 90' lang='lat' dir='ltr'>an</span> <span class='ocrx_word' id='word_1_41' title='bbox 352 843 541 912; x_wconf 82' lang='lat' dir='ltr'>explicandum</span> <span class='ocrx_word' id='word_1_42' title='bbox 559 844 605 912; x_wconf 89' lang='lat' dir='ltr'>sit,</span> <span class='ocrx_word' id='word_1_43' title='bbox 622 843 696 912; x_wconf 90' lang='lat' dir='ltr'>quod</span> <span class='ocrx_word' id='word_1_44' title='bbox 710 842 773 896; x_wconf 91' lang='lat' dir='ltr'>belli</span> <span class='ocrx_word' id='word_1_45' title='bbox 784 843 1020 914; x_wconf 79' lang='lat' dir='ltr'>Peloponnesiaci,</span> <span class='ocrx_word' id='word_1_46' title='bbox 1038 845 1111 914; x_wconf 91' lang='lat' dir='ltr'>quod</span> <span class='ocrx_word' id='word_1_47' title='bbox 1126 843 1172 897; x_wconf 91' lang='lat' dir='ltr'>illa</span> <span class='ocrx_word' id='word_1_48' title='bbox 1186 851 1275 899; x_wconf 87' lang='lat' dir='ltr'>aetate</span> 
     </span>
     <span class='ocr_line' id='line_1_6' title="bbox 141 928 1274 1000; baseline 0 -18"><span class='ocrx_word' id='word_1_49' title='bbox 141 947 221 1000; x_wconf 86' lang='lat' dir='ltr'>quam</span> <span class='ocrx_word' id='word_1_50' title='bbox 246 929 357 981; x_wconf 83' lang='lat' dir='ltr'>maxime</span> <span class='ocrx_word' id='word_1_51' title='bbox 383 929 483 981; x_wconf 78' lang='lat' dir='ltr'>saeviit</span> <span class='ocrx_word' id='word_1_52' title='bbox 508 935 664 998; x_wconf 87' lang='lat' dir='ltr'>tantamque</span> <span class='ocrx_word' id='word_1_53' title='bbox 680 928 813 982; x_wconf 87' lang='lat' dir='ltr'>Graeciae</span> <span class='ocrx_word' id='word_1_54' title='bbox 831 929 916 982; x_wconf 87' lang='lat' dir='ltr'>rebus</span> <span class='ocrx_word' id='word_1_55' title='bbox 943 929 1150 982; x_wconf 79' lang='lat' dir='ltr'>conversionem</span> <span class='ocrx_word' id='word_1_56' title='bbox 1174 929 1274 997; x_wconf 89' lang='lat' dir='ltr'>attulit,</span> 
     </span>
     <span class='ocr_line' id='line_1_7' title="bbox 140 1011 1274 1083; baseline -0.001 -16"><span class='ocrx_word' id='word_1_57' title='bbox 140 1014 229 1067; x_wconf 87' lang='lat' dir='ltr'>rarior</span> <span class='ocrx_word' id='word_1_58' title='bbox 253 1013 281 1066; x_wconf 93' lang='lat' dir='ltr'>in</span> <span class='ocrx_word' id='word_1_59' title='bbox 307 1011 398 1066; x_wconf 87' lang='lat' dir='ltr'>Musis</span> <span class='ocrx_word' id='word_1_60' title='bbox 419 1013 585 1067; x_wconf 84' lang='lat' dir='ltr'>Herodoteis</span> <span class='ocrx_word' id='word_1_61' title='bbox 610 1012 709 1066; x_wconf 87' lang='lat' dir='ltr'>mentio</span> <span class='ocrx_word' id='word_1_62' title='bbox 725 1013 788 1078; x_wconf 84' lang='lat' dir='ltr'>fiat,</span> <span class='ocrx_word' id='word_1_63' title='bbox 803 1013 964 1083; x_wconf 90' lang='lat' dir='ltr'>praesertim</span> <span class='ocrx_word' id='word_1_64' title='bbox 977 1031 1036 1066; x_wconf 90' lang='lat' dir='ltr'>cum</span> <span class='ocrx_word' id='word_1_65' title='bbox 1046 1013 1210 1074; x_wconf 51' lang='lat' dir='ltr'>¹Herodotus</span> <span class='ocrx_word' id='word_1_66' title='bbox 1224 1033 1274 1083; x_wconf 89' lang='lat' dir='ltr'>pro</span> 
     </span>
     <span class='ocr_line' id='line_1_8' title="bbox 140 1096 1274 1169; baseline -0.002 -17"><span class='ocrx_word' id='word_1_67' title='bbox 140 1100 232 1168; x_wconf 87' lang='lat' dir='ltr'>operis</span> <span class='ocrx_word' id='word_1_68' title='bbox 250 1099 294 1151; x_wconf 92' lang='lat' dir='ltr'>sui</span> <span class='ocrx_word' id='word_1_69' title='bbox 308 1096 438 1163; x_wconf 86' lang='lat' dir='ltr'>consilio,</span> <span class='ocrx_word' id='word_1_70' title='bbox 464 1115 519 1169; x_wconf 90' lang='lat' dir='ltr'>quo</span> <span class='ocrx_word' id='word_1_71' title='bbox 534 1099 700 1151; x_wconf 84' lang='lat' dir='ltr'>Graecorum</span> <span class='ocrx_word' id='word_1_72' title='bbox 726 1115 772 1150; x_wconf 87' lang='lat' dir='ltr'>res</span> <span class='ocrx_word' id='word_1_73' title='bbox 786 1097 925 1152; x_wconf 86' lang='lat' dir='ltr'>illustrare</span> <span class='ocrx_word' id='word_1_74' title='bbox 947 1115 978 1150; x_wconf 90' lang='lat' dir='ltr'>ao</span> <span class='ocrx_word' id='word_1_75' title='bbox 992 1099 1129 1152; x_wconf 87' lang='lat' dir='ltr'>celebrare</span> <span class='ocrx_word' id='word_1_76' title='bbox 1150 1099 1274 1165; x_wconf 90' lang='lat' dir='ltr'>debebat,</span> 
     </span>
     <span class='ocr_line' id='line_1_9' title="bbox 140 1181 1273 1252; baseline 0 -16"><span class='ocrx_word' id='word_1_77' title='bbox 140 1184 185 1236; x_wconf 85' lang='lat' dir='ltr'>vix</span> <span class='ocrx_word' id='word_1_78' title='bbox 201 1183 328 1236; x_wconf 85' lang='lat' dir='ltr'>lubenter</span> <span class='ocrx_word' id='word_1_79' title='bbox 343 1181 425 1235; x_wconf 89' lang='lat' dir='ltr'>huius</span> <span class='ocrx_word' id='word_1_80' title='bbox 440 1182 505 1235; x_wconf 86' lang='lat' dir='ltr'>belli</span> <span class='ocrx_word' id='word_1_81' title='bbox 522 1182 687 1236; x_wconf 76' lang='lat' dir='ltr'>calamitates</span> <span class='ocrx_word' id='word_1_82' title='bbox 702 1182 839 1250; x_wconf 76' lang='lat' dir='ltr'>attigerita</span> <span class='ocrx_word' id='word_1_83' title='bbox 862 1183 896 1236; x_wconf 90' lang='lat' dir='ltr'>de</span> <span class='ocrx_word' id='word_1_84' title='bbox 919 1200 973 1252; x_wconf 90' lang='lat' dir='ltr'>qua</span> <span class='ocrx_word' id='word_1_85' title='bbox 988 1201 1018 1236; x_wconf 90' lang='lat' dir='ltr'>re</span> <span class='ocrx_word' id='word_1_86' title='bbox 1032 1182 1088 1236; x_wconf 83' lang='lat' dir='ltr'>dixi</span> <span class='ocrx_word' id='word_1_87' title='bbox 1103 1183 1146 1236; x_wconf 78' lang='lat' dir='ltr'>ina</span> <span class='ocrx_word' id='word_1_88' title='bbox 1161 1183 1273 1236; x_wconf 89' lang='lat' dir='ltr'>Jahrbb.</span> 
     </span>
    </p>
   </div>
   <div class='ocr_carea' id='block_1_3' title="bbox 140 1266 1356 1338">
    <p class='ocr_par' dir='ltr' id='par_1_3' title="bbox 140 1266 1356 1338">
     <span class='ocr_line' id='line_1_10' title="bbox 140 1266 1356 1338; baseline 0.002 -17"><span class='ocrx_word' id='word_1_89' title='bbox 140 1271 160 1322; x_wconf 84' lang='lat' dir='ltr'>i.</span> <span class='ocrx_word' id='word_1_90' title='bbox 181 1268 315 1337; x_wconf 82' lang='lat' dir='ltr'>Philolcg.</span> <span class='ocrx_word' id='word_1_91' title='bbox 341 1266 402 1319; x_wconf 92' lang='lat' dir='ltr'>Vol.</span> <span class='ocrx_word' id='word_1_92' title='bbox 425 1267 499 1322; x_wconf 84' lang='lat' dir='ltr'>LVI.</span> <span class='ocrx_word' id='word_1_93' title='bbox 522 1286 550 1337; x_wconf 90' lang='lat' dir='ltr'>p.</span> <span class='ocrx_word' id='word_1_94' title='bbox 576 1273 666 1337; x_wconf 81' lang='lat' dir='ltr'>7seq.</span> <span class='ocrx_word' id='word_1_95' title='bbox 684 1268 788 1322; x_wconf 64' lang='lat' dir='ltr'>litania</span> <span class='ocrx_word' id='word_1_96' title='bbox 806 1275 939 1322; x_wconf 86' lang='lat' dir='ltr'>mortuum</span> <span class='ocrx_word' id='word_1_97' title='bbox 956 1268 1041 1337; x_wconf 91' lang='lat' dir='ltr'>inque</span> <span class='ocrx_word' id='word_1_98' title='bbox 1062 1268 1122 1320; x_wconf 84' lang='lat' dir='ltr'>foro</span> <span class='ocrx_word' id='word_1_99' title='bbox 1139 1268 1274 1338; x_wconf 90' lang='lat' dir='ltr'>sepultum</span> <span class='ocrx_word' id='word_1_100' title='bbox 1354 1286 1356 1292; x_wconf 57' lang='lat'><strong>¹</strong></span> 
     </span>
    </p>
   </div>
   <div class='ocr_carea' id='block_1_4' title="bbox 139 1350 1294 1762">
    <p class='ocr_par' dir='ltr' id='par_1_4' title="bbox 139 1350 1294 1762">
     <span class='ocr_line' id='line_1_11' title="bbox 140 1350 1274 1422; baseline 0 -16"><span class='ocrx_word' id='word_1_101' title='bbox 140 1371 203 1406; x_wconf 85' lang='lat' dir='ltr'>ease</span> <span class='ocrx_word' id='word_1_102' title='bbox 224 1353 393 1405; x_wconf 87' lang='lat' dir='ltr'>Herodotum</span> <span class='ocrx_word' id='word_1_103' title='bbox 420 1351 504 1404; x_wconf 90' lang='lat' dir='ltr'>tradit</span> <span class='ocrx_word' id='word_1_104' title='bbox 517 1351 618 1406; x_wconf 88' lang='lat' dir='ltr'>Suidas</span> <span class='ocrx_word' id='word_1_105' title='bbox 643 1350 702 1404; x_wconf 90' lang='lat' dir='ltr'>loco</span> <span class='ocrx_word' id='word_1_106' title='bbox 717 1368 803 1422; x_wconf 88' lang='lat' dir='ltr'>supra</span> <span class='ocrx_word' id='word_1_107' title='bbox 825 1352 922 1404; x_wconf 83' lang='lat' dir='ltr'>allato:</span> <span class='ocrx_word' id='word_1_108' title='bbox 948 1351 1042 1406; x_wconf 88' lang='lat' dir='ltr'>tumuli</span> <span class='ocrx_word' id='word_1_109' title='bbox 1068 1353 1274 1422; x_wconf 86' lang='lat' dir='ltr'>inscriptionem</span> 
     </span>
     <span class='ocr_line' id='line_1_12' title="bbox 140 1431 1273 1507; baseline 0.002 -17"><span class='ocrx_word' id='word_1_110' title='bbox 140 1437 240 1490; x_wconf 89' lang='lat' dir='ltr'>hancce</span> <span class='ocrx_word' id='word_1_111' title='bbox 261 1439 383 1490; x_wconf 79' lang='lat' dir='ltr'>offerunt</span> <span class='ocrx_word' id='word_1_112' title='bbox 401 1437 558 1507; x_wconf 80' lang='lat' dir='ltr'>Stephanus</span> <span class='ocrx_word' id='word_1_113' title='bbox 580 1437 696 1504; x_wconf 79' lang='lat' dir='ltr'>Byzant.</span> <span class='ocrx_word' id='word_1_114' title='bbox 715 1455 740 1488; x_wconf 90' lang='lat' dir='ltr'>s.</span> <span class='ocrx_word' id='word_1_115' title='bbox 755 1454 782 1489; x_wconf 83' lang='lat' dir='ltr'>v.</span> <span class='ocrx_word' id='word_1_116' title='bbox 799 1431 919 1506; x_wconf 73' lang='grc' dir='ltr'><strong><em>Θούριος</em></strong></span> <span class='ocrx_word' id='word_1_117' title='bbox 941 1445 968 1489; x_wconf 89' lang='lat' dir='ltr'>et</span> <span class='ocrx_word' id='word_1_118' title='bbox 983 1437 1175 1506; x_wconf 78' lang='lat' dir='ltr'>Aristophanis</span> <span class='ocrx_word' id='word_1_119' title='bbox 1189 1438 1273 1492; x_wconf 82' lang='lat' dir='ltr'>Scho-</span> 
     </span>
     <span class='ocr_line' id='line_1_13' title="bbox 140 1507 1273 1594; baseline 0.004 -20"><span class='ocrx_word' id='word_1_120' title='bbox 140 1521 220 1574; x_wconf 72' lang='lat' dir='ltr'>msu</span> <span class='ocrx_word' id='word_1_121' title='bbox 235 1521 268 1574; x_wconf 68' lang='lat' dir='ltr'>aa</span> <span class='ocrx_word' id='word_1_122' title='bbox 282 1522 376 1576; x_wconf 85' lang='lat' dir='ltr'>Nubb.</span> <span class='ocrx_word' id='word_1_123' title='bbox 393 1524 439 1576; x_wconf 74' lang='lat' dir='ltr'>aar</span> <span class='ocrx_word' id='word_1_124' title='bbox 459 1522 535 1594; x_wconf 70' lang='lat'>(0011.</span> <span class='ocrx_word' id='word_1_125' title='bbox 552 1520 820 1575; x_wconf 65' lang='lat' dir='ltr'>arcionensem.</span> <span class='ocrx_word' id='word_1_126' title='bbox 836 1521 897 1574; x_wconf 77' lang='lat' dir='ltr'>vn.</span> <span class='ocrx_word' id='word_1_127' title='bbox 915 1522 965 1575; x_wconf 92' lang='lat'>111.</span> <span class='ocrx_word' id='word_1_128' title='bbox 982 1540 1008 1591; x_wconf 76' lang='lat' dir='ltr'>p.</span> <span class='ocrx_word' id='word_1_129' title='bbox 1025 1523 1084 1576; x_wconf 80' lang='lat' dir='ltr'>aas.</span> <span class='ocrx_word' id='word_1_130' title='bbox 1097 1521 1183 1592; x_wconf 76' lang='lat' dir='ltr'>epigr.</span> <span class='ocrx_word' id='word_1_131' title='bbox 1198 1507 1273 1591; x_wconf 72' lang='lat' dir='ltr'>aas),</span> 
     </span>
     <span class='ocr_line' id='line_1_14' title="bbox 139 1605 1294 1677; baseline 0.002 -19"><span class='ocrx_word' id='word_1_132' title='bbox 139 1606 257 1677; x_wconf 84' lang='lat' dir='ltr'>itemque</span> <span class='ocrx_word' id='word_1_133' title='bbox 283 1623 371 1676; x_wconf 85' lang='lat' dir='ltr'>nuper</span> <span class='ocrx_word' id='word_1_134' title='bbox 387 1606 479 1660; x_wconf 90' lang='lat' dir='ltr'>editus</span> <span class='ocrx_word' id='word_1_135' title='bbox 494 1607 614 1658; x_wconf 81' lang='lat' dir='ltr'>Tretrse</span> <span class='ocrx_word' id='word_1_136' title='bbox 635 1605 789 1658; x_wconf 85' lang='lat' dir='ltr'>Scholiasta</span> <span class='ocrx_word' id='word_1_137' title='bbox 813 1607 841 1658; x_wconf 93' lang='lat' dir='ltr'>in</span> <span class='ocrx_word' id='word_1_138' title='bbox 864 1606 986 1659; x_wconf 86' lang='lat' dir='ltr'>Crameri</span> <span class='ocrx_word' id='word_1_139' title='bbox 1002 1605 1146 1659; x_wconf 89' lang='lat' dir='ltr'>Anecdott.</span> <span class='ocrx_word' id='word_1_140' title='bbox 1162 1607 1272 1660; x_wconf 84' lang='lat' dir='ltr'>Osann.</span> <span class='ocrx_word' id='word_1_141' title='bbox 1289 1635 1294 1646; x_wconf 84' lang='lat'>.</span> 
     </span>
     <span class='ocr_line' id='line_1_15' title="bbox 140 1690 1027 1762; baseline -0.002 -18"><span class='ocrx_word' id='word_1_142' title='bbox 140 1691 192 1744; x_wconf 85' lang='lat'>111.</span> <span class='ocrx_word' id='word_1_143' title='bbox 207 1711 234 1762; x_wconf 90' lang='lat' dir='ltr'>p.</span> <span class='ocrx_word' id='word_1_144' title='bbox 254 1694 305 1746; x_wconf 75' lang='lat'>350</span> <span class='ocrx_word' id='word_1_145' title='bbox 321 1691 391 1744; x_wconf 86' lang='lat' dir='ltr'>etin</span> <span class='ocrx_word' id='word_1_146' title='bbox 407 1692 528 1744; x_wconf 81' lang='lat' dir='ltr'>Taetzae</span> <span class='ocrx_word' id='word_1_147' title='bbox 542 1691 632 1760; x_wconf 79' lang='lat' dir='ltr'>Epist.</span> <span class='ocrx_word' id='word_1_148' title='bbox 649 1691 692 1743; x_wconf 91' lang='lat' dir='ltr'>ed.</span> <span class='ocrx_word' id='word_1_149' title='bbox 711 1690 880 1744; x_wconf 89' lang='lat' dir='ltr'>aPresselio</span> <span class='ocrx_word' id='word_1_150' title='bbox 896 1708 960 1761; x_wconf 81' lang='lat' dir='ltr'>pag.</span> <span class='ocrx_word' id='word_1_151' title='bbox 978 1693 1027 1744; x_wconf 69' lang='lat' dir='ltr'>uri</span> 
     </span>
    </p>
   </div>
   <div class='ocr_carea' id='block_1_5' title="bbox 285 1810 1088 2093">
    <p class='ocr_par' dir='ltr' id='par_1_5' title="bbox 285 1810 1088 2093">
     <span class='ocr_line' id='line_1_16' title="bbox 285 1810 1021 1941; baseline -0.001 -69"><span class='ocrx_word' id='word_1_152' title='bbox 285 1812 442 1941; x_wconf 56' lang='lat' dir='ltr'>‘depliqqov</span> <span class='ocrx_word' id='word_1_153' title='bbox 459 1813 557 1940; x_wconf 60' lang='grc' dir='ltr'>[ξύξεείο</span> <span class='ocrx_word' id='word_1_154' title='bbox 574 1813 694 1940; x_wconf 49' lang='lat' dir='ltr'>aquinas}</span> <span class='ocrx_word' id='word_1_155' title='bbox 711 1810 862 1902; x_wconf 44' lang='lat' dir='ltr'>advac&#39;q&#39;de</span> <span class='ocrx_word' id='word_1_156' title='bbox 881 1811 1021 1884; x_wconf 78' lang='grc' dir='ltr'>θανόντα,</span> 
     </span>
     <span class='ocr_line' id='line_1_17' title="bbox 288 1903 1088 2024; baseline 0.001 -16"><span class='ocrx_word' id='word_1_157' title='bbox 288 1903 943 2024; x_wconf 55' lang='lat' dir='ltr'>a...t..?⁶.tit⁰,‘.”it⁶t.⁰tl‘Attilae</span> <span class='ocrx_word' id='word_1_158' title='bbox 960 1945 1088 2024; x_wconf 53' lang='lat' dir='ltr'>aarum</span> 
     </span>
     <span class='ocr_line' id='line_1_18' title="bbox 354 2017 1077 2093; baseline -0.001 -16"><span class='ocrx_word' id='word_1_159' title='bbox 354 2025 467 2093; x_wconf 76' lang='grc' dir='ltr'><strong><em>Μῶμον</em></strong></span> <span class='ocrx_word' id='word_1_160' title='bbox 483 2017 714 2092; x_wconf 73' lang='lat' dir='ltr'>dnaaupcpvyoiv</span> <span class='ocrx_word' id='word_1_161' title='bbox 733 2020 858 2090; x_wconf 77' lang='grc' dir='ltr'><em>Θούριον</em></span> <span class='ocrx_word' id='word_1_162' title='bbox 877 2019 939 2090; x_wconf 72' lang='grc' dir='ltr'>ἔσκε</span> <span class='ocrx_word' id='word_1_163' title='bbox 957 2017 1077 2092; x_wconf 78' lang='grc' dir='ltr'><em>πάτρην.</em></span> 
     </span>
    </p>
   </div>
   <div class='ocr_carea' id='block_1_6' title="bbox 136 2146 1271 3403">
    <p class='ocr_par' dir='ltr' id='par_1_6' title="bbox 136 2146 1271 3403">
     <span class='ocr_line' id='line_1_19' title="bbox 138 2146 1271 2216; baseline -0.002 -14"><span class='ocrx_word' id='word_1_164' title='bbox 138 2150 220 2213; x_wconf 83' lang='lat' dir='ltr'>Quod</span> <span class='ocrx_word' id='word_1_165' title='bbox 227 2147 406 2202; x_wconf 86' lang='lat' dir='ltr'>Marcellinus</span> <span class='ocrx_word' id='word_1_166' title='bbox 422 2148 449 2200; x_wconf 92' lang='lat' dir='ltr'>in</span> <span class='ocrx_word' id='word_1_167' title='bbox 460 2147 515 2200; x_wconf 87' lang='lat' dir='ltr'>Vit.</span> <span class='ocrx_word' id='word_1_168' title='bbox 528 2147 655 2216; x_wconf 79' lang='lat' dir='ltr'>Thucyd.</span> <span class='ocrx_word' id='word_1_169' title='bbox 672 2151 697 2210; x_wconf 80' lang='lat' dir='ltr'>S.</span> <span class='ocrx_word' id='word_1_170' title='bbox 715 2146 802 2214; x_wconf 78' lang='lat'><strong>18**)</strong></span> <span class='ocrx_word' id='word_1_171' title='bbox 816 2149 923 2202; x_wconf 82' lang='lat' dir='ltr'>Athenis</span> <span class='ocrx_word' id='word_1_172' title='bbox 934 2148 1067 2201; x_wconf 87' lang='lat' dir='ltr'>Herodoti</span> <span class='ocrx_word' id='word_1_173' title='bbox 1079 2155 1207 2200; x_wconf 86' lang='lat' dir='ltr'>memorat</span> <span class='ocrx_word' id='word_1_174' title='bbox 1229 2167 1271 2200; x_wconf 89' lang='lat' dir='ltr'>se-</span> 
     </span>
     <span class='ocr_line' id='line_1_20' title="bbox 137 2233 1271 2305; baseline -0.001 -18"><span class='ocrx_word' id='word_1_175' title='bbox 137 2235 276 2305; x_wconf 88' lang='lat' dir='ltr'>pulcrum,</span> <span class='ocrx_word' id='word_1_176' title='bbox 298 2233 326 2285; x_wconf 96' lang='lat' dir='ltr'>id</span> <span class='ocrx_word' id='word_1_177' title='bbox 346 2233 370 2285; x_wconf 93' lang='lat' dir='ltr'>si</span> <span class='ocrx_word' id='word_1_178' title='bbox 392 2249 484 2286; x_wconf 81' lang='lat' dir='ltr'>verum</span> <span class='ocrx_word' id='word_1_179' title='bbox 505 2239 549 2286; x_wconf 86' lang='lat' dir='ltr'>est</span> <span class='ocrx_word' id='word_1_180' title='bbox 569 2249 659 2303; x_wconf 89' lang='lat' dir='ltr'>neque</span> <span class='ocrx_word' id='word_1_181' title='bbox 677 2234 806 2288; x_wconf 79' lang='lat' dir='ltr'>Herodoti</span> <span class='ocrx_word' id='word_1_182' title='bbox 818 2250 930 2300; x_wconf 90' lang='lat' dir='ltr'>nomen,</span> <span class='ocrx_word' id='word_1_183' title='bbox 947 2233 986 2284; x_wconf 87' lang='lat' dir='ltr'>nti</span> <span class='ocrx_word' id='word_1_184' title='bbox 1003 2233 1144 2284; x_wconf 82' lang='lat' dir='ltr'>contendit</span> <span class='ocrx_word' id='word_1_185' title='bbox 1157 2233 1271 2286; x_wconf 85' lang='lat' dir='ltr'>Viscon—</span> 
     </span>
     <span class='ocr_line' id='line_1_21' title="bbox 138 2317 1271 2388; baseline -0.002 -16"><span class='ocrx_word' id='word_1_186' title='bbox 138 2320 202 2384; x_wconf 89' lang='lat' dir='ltr'>tius,</span> <span class='ocrx_word' id='word_1_187' title='bbox 229 2319 296 2372; x_wconf 85' lang='lat' dir='ltr'>male</span> <span class='ocrx_word' id='word_1_188' title='bbox 321 2318 373 2370; x_wconf 89' lang='lat' dir='ltr'>huc</span> <span class='ocrx_word' id='word_1_189' title='bbox 386 2318 508 2388; x_wconf 88' lang='lat' dir='ltr'>irrepsit,</span> <span class='ocrx_word' id='word_1_190' title='bbox 535 2335 594 2370; x_wconf 90' lang='lat' dir='ltr'>cum</span> <span class='ocrx_word' id='word_1_191' title='bbox 610 2317 751 2386; x_wconf 79' lang='lat' dir='ltr'>Fabricio,</span> <span class='ocrx_word' id='word_1_192' title='bbox 775 2317 968 2386; x_wconf 82' lang='lat' dir='ltr'>Wesselingio,</span> <span class='ocrx_word' id='word_1_193' title='bbox 994 2317 1140 2384; x_wconf 87' lang='lat' dir='ltr'>Larchcro,</span> <span class='ocrx_word' id='word_1_194' title='bbox 1157 2317 1271 2385; x_wconf 81' lang='lat' dir='ltr'>Heysio,</span> 
     </span>
     <span class='ocr_line' id='line_1_22' title="bbox 138 2401 1271 2473; baseline -0.001 -18"><span class='ocrx_word' id='word_1_195' title='bbox 138 2404 185 2473; x_wconf 91' lang='lat' dir='ltr'>qni</span> <span class='ocrx_word' id='word_1_196' title='bbox 200 2403 260 2473; x_wconf 87' lang='lat' dir='ltr'>ipse</span> <span class='ocrx_word' id='word_1_197' title='bbox 276 2401 432 2455; x_wconf 81' lang='lat' dir='ltr'>accuratius</span> <span class='ocrx_word' id='word_1_198' title='bbox 452 2402 479 2454; x_wconf 91' lang='lat' dir='ltr'>in</span> <span class='ocrx_word' id='word_1_199' title='bbox 502 2403 567 2454; x_wconf 91' lang='lat' dir='ltr'>haec</span> <span class='ocrx_word' id='word_1_200' title='bbox 586 2403 732 2472; x_wconf 76' lang='lat' dir='ltr'>inquisivit</span> <span class='ocrx_word' id='word_1_201' title='bbox 746 2421 773 2472; x_wconf 93' lang='lat' dir='ltr'>p.</span> <span class='ocrx_word' id='word_1_202' title='bbox 792 2403 834 2456; x_wconf 82' lang='lat'>80.</span> <span class='ocrx_word' id='word_1_203' title='bbox 851 2405 894 2469; x_wconf 82' lang='lat'>81,</span> <span class='ocrx_word' id='word_1_204' title='bbox 913 2401 1118 2468; x_wconf 83' lang='lat' dir='ltr'>intelligendum</span> <span class='ocrx_word' id='word_1_205' title='bbox 1135 2401 1168 2453; x_wconf 92' lang='lat' dir='ltr'>de</span> <span class='ocrx_word' id='word_1_206' title='bbox 1191 2420 1271 2454; x_wconf 88' lang='lat' dir='ltr'>ceno-</span> 
     </span>
     <span class='ocr_line' id='line_1_23' title="bbox 138 2485 1270 2556; baseline 0 -17"><span class='ocrx_word' id='word_1_207' title='bbox 138 2487 239 2556; x_wconf 86' lang='lat' dir='ltr'>taphio,</span> <span class='ocrx_word' id='word_1_208' title='bbox 256 2486 330 2556; x_wconf 89' lang='lat' dir='ltr'>qnod</span> <span class='ocrx_word' id='word_1_209' title='bbox 344 2485 404 2539; x_wconf 86' lang='lat' dir='ltr'>viro</span> <span class='ocrx_word' id='word_1_210' title='bbox 420 2485 454 2538; x_wconf 90' lang='lat' dir='ltr'>de</span> <span class='ocrx_word' id='word_1_211' title='bbox 469 2487 539 2538; x_wconf 90' lang='lat' dir='ltr'>omni</span> <span class='ocrx_word' id='word_1_212' title='bbox 555 2487 671 2539; x_wconf 89' lang='lat' dir='ltr'>Graecia</span> <span class='ocrx_word' id='word_1_213' title='bbox 686 2503 718 2538; x_wconf 87' lang='lat' dir='ltr'>ac</span> <span class='ocrx_word' id='word_1_214' title='bbox 732 2486 890 2556; x_wconf 84' lang='lat' dir='ltr'>singillatim</span> <span class='ocrx_word' id='word_1_215' title='bbox 906 2486 939 2538; x_wconf 90' lang='lat' dir='ltr'>de</span> <span class='ocrx_word' id='word_1_216' title='bbox 955 2485 1185 2552; x_wconf 85' lang='lat' dir='ltr'>Atheniensibus,</span> <span class='ocrx_word' id='word_1_217' title='bbox 1201 2503 1270 2556; x_wconf 86' lang='lat' dir='ltr'>quos</span> 
     </span>
     <span class='ocr_line' id='line_1_24' title="bbox 138 2570 1270 2640; baseline -0.001 -16"><span class='ocrx_word' id='word_1_218' title='bbox 138 2571 222 2624; x_wconf 87' lang='lat' dir='ltr'>tantis</span> <span class='ocrx_word' id='word_1_219' title='bbox 243 2571 370 2624; x_wconf 87' lang='lat' dir='ltr'>laudibus</span> <span class='ocrx_word' id='word_1_220' title='bbox 392 2571 580 2638; x_wconf 81' lang='lat' dir='ltr'>exornaverit,</span> <span class='ocrx_word' id='word_1_221' title='bbox 605 2571 774 2624; x_wconf 86' lang='lat' dir='ltr'>meritissimo</span> <span class='ocrx_word' id='word_1_222' title='bbox 793 2571 975 2624; x_wconf 83' lang='lat' dir='ltr'>Athenienses</span> <span class='ocrx_word' id='word_1_223' title='bbox 996 2570 1103 2640; x_wconf 89' lang='lat' dir='ltr'>publice</span> <span class='ocrx_word' id='word_1_224' title='bbox 1118 2571 1270 2638; x_wconf 77' lang='lat' dir='ltr'>posuerint.</span> 
     </span>
     <span class='ocr_line' id='line_1_25' title="bbox 138 2653 1271 2724; baseline 0 -16"><span class='ocrx_word' id='word_1_225' title='bbox 138 2656 220 2720; x_wconf 78' lang='lat' dir='ltr'>Quod</span> <span class='ocrx_word' id='word_1_226' title='bbox 235 2674 300 2709; x_wconf 86' lang='lat' dir='ltr'>vero</span> <span class='ocrx_word' id='word_1_227' title='bbox 318 2659 406 2710; x_wconf 81' lang='lat' dir='ltr'>Pellae</span> <span class='ocrx_word' id='word_1_228' title='bbox 419 2656 446 2708; x_wconf 92' lang='lat' dir='ltr'>in</span> <span class='ocrx_word' id='word_1_229' title='bbox 463 2655 624 2722; x_wconf 85' lang='lat' dir='ltr'>Macedonia</span> <span class='ocrx_word' id='word_1_230' title='bbox 635 2655 803 2709; x_wconf 86' lang='lat' dir='ltr'>Herodotum</span> <span class='ocrx_word' id='word_1_231' title='bbox 818 2655 920 2709; x_wconf 86' lang='lat' dir='ltr'>obiisse</span> <span class='ocrx_word' id='word_1_232' title='bbox 935 2653 981 2708; x_wconf 88' lang='lat' dir='ltr'>alii</span> <span class='ocrx_word' id='word_1_233' title='bbox 997 2655 1183 2724; x_wconf 88' lang='lat' dir='ltr'>perhibebant,</span> <span class='ocrx_word' id='word_1_234' title='bbox 1200 2661 1271 2708; x_wconf 86' lang='lat' dir='ltr'>teste</span> 
     </span>
     <span class='ocr_line' id='line_1_26' title="bbox 136 2739 1271 2810; baseline 0 -17"><span class='ocrx_word' id='word_1_235' title='bbox 136 2741 221 2794; x_wconf 86' lang='lat' dir='ltr'>Suida</span> <span class='ocrx_word' id='word_1_236' title='bbox 234 2741 251 2794; x_wconf 95' lang='lat' dir='ltr'>l.</span> <span class='ocrx_word' id='word_1_237' title='bbox 268 2741 296 2808; x_wconf 91' lang='lat' dir='ltr'>l.,</span> <span class='ocrx_word' id='word_1_238' title='bbox 313 2741 350 2806; x_wconf 87' lang='lat' dir='ltr'>id,</span> <span class='ocrx_word' id='word_1_239' title='bbox 367 2741 421 2794; x_wconf 90' lang='lat' dir='ltr'>nisi</span> <span class='ocrx_word' id='word_1_240' title='bbox 436 2759 552 2810; x_wconf 90' lang='lat' dir='ltr'>prorsus</span> <span class='ocrx_word' id='word_1_241' title='bbox 568 2743 712 2794; x_wconf 85' lang='lat' dir='ltr'>confictum</span> <span class='ocrx_word' id='word_1_242' title='bbox 730 2759 792 2794; x_wconf 87' lang='lat' dir='ltr'>esse</span> <span class='ocrx_word' id='word_1_243' title='bbox 806 2749 942 2810; x_wconf 88' lang='lat' dir='ltr'>putemus,</span> <span class='ocrx_word' id='word_1_244' title='bbox 962 2757 1016 2792; x_wconf 93' lang='lat' dir='ltr'>non</span> <span class='ocrx_word' id='word_1_245' title='bbox 1033 2740 1085 2792; x_wconf 88' lang='lat' dir='ltr'>nisi</span> <span class='ocrx_word' id='word_1_246' title='bbox 1102 2739 1151 2792; x_wconf 86' lang='lat' dir='ltr'>hac</span> <span class='ocrx_word' id='word_1_247' title='bbox 1166 2741 1271 2793; x_wconf 88' lang='lat' dir='ltr'>ratione</span> 
     </span>
     <span class='ocr_line' id='line_1_27' title="bbox 136 2824 1270 2897; baseline -0.002 -19"><span class='ocrx_word' id='word_1_248' title='bbox 136 2825 276 2897; x_wconf 87' lang='lat' dir='ltr'>probabile</span> <span class='ocrx_word' id='word_1_249' title='bbox 292 2826 369 2878; x_wconf 89' lang='lat' dir='ltr'>reddi</span> <span class='ocrx_word' id='word_1_250' title='bbox 382 2827 498 2896; x_wconf 90' lang='lat' dir='ltr'>poterit,</span> <span class='ocrx_word' id='word_1_251' title='bbox 521 2833 551 2878; x_wconf 88' lang='lat' dir='ltr'>ut</span> <span class='ocrx_word' id='word_1_252' title='bbox 566 2826 735 2880; x_wconf 86' lang='lat' dir='ltr'>Herodotum</span> <span class='ocrx_word' id='word_1_253' title='bbox 757 2826 906 2894; x_wconf 82' lang='lat' dir='ltr'>cogitemus</span> <span class='ocrx_word' id='word_1_254' title='bbox 934 2824 967 2876; x_wconf 88' lang='lat' dir='ltr'>ad</span> <span class='ocrx_word' id='word_1_255' title='bbox 983 2824 1155 2893; x_wconf 84' lang='lat' dir='ltr'>Archelaum,</span> <span class='ocrx_word' id='word_1_256' title='bbox 1179 2825 1270 2878; x_wconf 86' lang='lat' dir='ltr'>Mace-</span> 
     </span>
     <span class='ocr_line' id='line_1_28' title="bbox 136 2909 1269 2982; baseline -0.002 -18"><span class='ocrx_word' id='word_1_257' title='bbox 136 2912 233 2964; x_wconf 89' lang='lat' dir='ltr'>doniae</span> <span class='ocrx_word' id='word_1_258' title='bbox 251 2929 357 2980; x_wconf 75' lang='lat' dir='ltr'>regem,</span> <span class='ocrx_word' id='word_1_259' title='bbox 381 2929 459 2982; x_wconf 89' lang='lat' dir='ltr'>quem</span> <span class='ocrx_word' id='word_1_260' title='bbox 482 2911 577 2964; x_wconf 91' lang='lat' dir='ltr'>doctos</span> <span class='ocrx_word' id='word_1_261' title='bbox 601 2912 724 2964; x_wconf 90' lang='lat' dir='ltr'>homines</span> <span class='ocrx_word' id='word_1_262' title='bbox 742 2911 857 2963; x_wconf 79' lang='lat' dir='ltr'>Athenis</span> <span class='ocrx_word' id='word_1_263' title='bbox 879 2910 911 2962; x_wconf 88' lang='lat' dir='ltr'>ad</span> <span class='ocrx_word' id='word_1_264' title='bbox 930 2929 960 2962; x_wconf 90' lang='lat' dir='ltr'>se</span> <span class='ocrx_word' id='word_1_265' title='bbox 977 2909 1111 2962; x_wconf 84' lang='lat' dir='ltr'>invitasse</span> <span class='ocrx_word' id='word_1_266' title='bbox 1134 2910 1269 2975; x_wconf 83' lang='lat' dir='ltr'>novimus,</span> 
     </span>
     <span class='ocr_line' id='line_1_29' title="bbox 136 2995 1270 3067; baseline -0.001 -19"><span class='ocrx_word' id='word_1_267' title='bbox 136 3004 202 3048; x_wconf 87' lang='lat' dir='ltr'>tunc</span> <span class='ocrx_word' id='word_1_268' title='bbox 216 2997 346 3067; x_wconf 87' lang='lat' dir='ltr'>temporis</span> <span class='ocrx_word' id='word_1_269' title='bbox 362 2997 530 3066; x_wconf 83' lang='lat' dir='ltr'>proiectum,</span> <span class='ocrx_word' id='word_1_270' title='bbox 551 2997 615 3049; x_wconf 82' lang='lat' dir='ltr'>istis</span> <span class='ocrx_word' id='word_1_271' title='bbox 639 2997 732 3049; x_wconf 88' lang='lat' dir='ltr'>subito</span> <span class='ocrx_word' id='word_1_272' title='bbox 748 2999 888 3066; x_wconf 90' lang='lat' dir='ltr'>abreptum</span> <span class='ocrx_word' id='word_1_273' title='bbox 906 2995 1007 3047; x_wconf 82' lang='lat' dir='ltr'>inisse:</span> <span class='ocrx_word' id='word_1_274' title='bbox 1028 3001 1111 3066; x_wconf 88' lang='lat' dir='ltr'>atque</span> <span class='ocrx_word' id='word_1_275' title='bbox 1131 2995 1171 3047; x_wconf 90' lang='lat' dir='ltr'>sic</span> <span class='ocrx_word' id='word_1_276' title='bbox 1192 2996 1270 3048; x_wconf 85' lang='lat' dir='ltr'>etiam</span> 
     </span>
     <span class='ocr_line' id='line_1_30' title="bbox 137 3080 1270 3150; baseline -0.002 -18"><span class='ocrx_word' id='word_1_277' title='bbox 137 3087 260 3132; x_wconf 83' lang='lat' dir='ltr'>statuere</span> <span class='ocrx_word' id='word_1_278' title='bbox 275 3080 398 3132; x_wconf 85' lang='lat' dir='ltr'>videmus</span> <span class='ocrx_word' id='word_1_279' title='bbox 418 3099 464 3132; x_wconf 92' lang='lat' dir='ltr'>eos</span> <span class='ocrx_word' id='word_1_280' title='bbox 477 3081 553 3133; x_wconf 82' lang='lat' dir='ltr'>viros</span> <span class='ocrx_word' id='word_1_281' title='bbox 568 3082 673 3147; x_wconf 88' lang='lat' dir='ltr'>doctos,</span> <span class='ocrx_word' id='word_1_282' title='bbox 696 3083 743 3150; x_wconf 90' lang='lat' dir='ltr'>qui</span> <span class='ocrx_word' id='word_1_283' title='bbox 758 3081 926 3134; x_wconf 85' lang='lat' dir='ltr'>Herodotum</span> <span class='ocrx_word' id='word_1_284' title='bbox 941 3097 1032 3132; x_wconf 92' lang='lat' dir='ltr'>senem</span> <span class='ocrx_word' id='word_1_285' title='bbox 1050 3097 1121 3132; x_wconf 71' lang='lat' dir='ltr'>antio</span> <span class='ocrx_word' id='word_1_286' title='bbox 1141 3083 1191 3133; x_wconf 80' lang='lat'>412</span> <span class='ocrx_word' id='word_1_287' title='bbox 1206 3085 1270 3132; x_wconf 87' lang='lat' dir='ltr'>anto</span> 
     </span>
     <span class='ocr_line' id='line_1_31' title="bbox 138 3163 1270 3234; baseline 0 -19"><span class='ocrx_word' id='word_1_288' title='bbox 138 3164 203 3216; x_wconf 85' lang='lat' dir='ltr'>Chr.</span> <span class='ocrx_word' id='word_1_289' title='bbox 221 3182 248 3215; x_wconf 91' lang='lat' dir='ltr'>n.</span> <span class='ocrx_word' id='word_1_290' title='bbox 260 3163 374 3216; x_wconf 86' lang='lat' dir='ltr'>Thuriis</span> <span class='ocrx_word' id='word_1_291' title='bbox 390 3165 539 3232; x_wconf 84' lang='lat' dir='ltr'>proiectum</span> <span class='ocrx_word' id='word_1_292' title='bbox 557 3166 647 3218; x_wconf 91' lang='lat' dir='ltr'>denuo</span> <span class='ocrx_word' id='word_1_293' title='bbox 665 3166 785 3218; x_wconf 88' lang='lat' dir='ltr'>Athenas</span> <span class='ocrx_word' id='word_1_294' title='bbox 802 3166 914 3234; x_wconf 90' lang='lat' dir='ltr'>petiisse</span> <span class='ocrx_word' id='word_1_295' title='bbox 929 3163 1048 3233; x_wconf 87' lang='lat' dir='ltr'>indeque</span> <span class='ocrx_word' id='word_1_296' title='bbox 1063 3163 1096 3215; x_wconf 87' lang='lat' dir='ltr'>ad</span> <span class='ocrx_word' id='word_1_297' title='bbox 1112 3163 1270 3217; x_wconf 86' lang='lat' dir='ltr'>Archelaum</span> 
     </span>
     <span class='ocr_line' id='line_1_32' title="bbox 136 3247 1270 3319; baseline 0 -19"><span class='ocrx_word' id='word_1_298' title='bbox 136 3247 198 3318; x_wconf 84' lang='lat' dir='ltr'>(qui</span> <span class='ocrx_word' id='word_1_299' title='bbox 225 3265 297 3300; x_wconf 87' lang='lat' dir='ltr'>anno</span> <span class='ocrx_word' id='word_1_300' title='bbox 323 3247 499 3300; x_wconf 88' lang='lat' dir='ltr'>antecedente</span> <span class='ocrx_word' id='word_1_301' title='bbox 524 3265 573 3300; x_wconf 87' lang='lat' dir='ltr'>rex</span> <span class='ocrx_word' id='word_1_302' title='bbox 600 3255 659 3302; x_wconf 87' lang='lat' dir='ltr'>erat</span> <span class='ocrx_word' id='word_1_303' title='bbox 675 3251 778 3316; x_wconf 82' lang='lat' dir='ltr'>lactus)</span> <span class='ocrx_word' id='word_1_304' title='bbox 800 3268 830 3302; x_wconf 91' lang='lat' dir='ltr'>se</span> <span class='ocrx_word' id='word_1_305' title='bbox 846 3248 997 3302; x_wconf 88' lang='lat' dir='ltr'>contulisse</span> <span class='ocrx_word' id='word_1_306' title='bbox 1018 3247 1129 3300; x_wconf 72' lang='lat' dir='ltr'>volunta</span> <span class='ocrx_word' id='word_1_307' title='bbox 1156 3265 1270 3319; x_wconf 88' lang='lat' dir='ltr'>qnorum</span> 
     </span>
     <span class='ocr_line' id='line_1_33' title="bbox 137 3331 1269 3403; baseline -0.002 -19"><span class='ocrx_word' id='word_1_308' title='bbox 137 3332 260 3402; x_wconf 91' lang='lat' dir='ltr'>opinioni</span> <span class='ocrx_word' id='word_1_309' title='bbox 282 3337 431 3401; x_wconf 88' lang='lat' dir='ltr'>temporum</span> <span class='ocrx_word' id='word_1_310' title='bbox 447 3332 569 3385; x_wconf 87' lang='lat' dir='ltr'>rationes</span> <span class='ocrx_word' id='word_1_311' title='bbox 586 3334 711 3402; x_wconf 84' lang='lat' dir='ltr'>obstare,</span> <span class='ocrx_word' id='word_1_312' title='bbox 734 3351 804 3403; x_wconf 87' lang='lat' dir='ltr'>qnae</span> <span class='ocrx_word' id='word_1_313' title='bbox 817 3333 984 3386; x_wconf 86' lang='lat' dir='ltr'>Herodotum</span> <span class='ocrx_word' id='word_1_314' title='bbox 1000 3331 1046 3383; x_wconf 90' lang='lat' dir='ltr'>illo</span> <span class='ocrx_word' id='word_1_315' title='bbox 1062 3349 1134 3383; x_wconf 89' lang='lat' dir='ltr'>anno</span> <span class='ocrx_word' id='word_1_316' title='bbox 1152 3333 1180 3384; x_wconf 86' lang='lat' dir='ltr'>in</span> <span class='ocrx_word' id='word_1_317' title='bbox 1197 3331 1269 3383; x_wconf 82' lang='lat' dir='ltr'>vivis</span> 
     </span>
    </p>
   </div>
   <div class='ocr_carea' id='block_1_7' title="bbox 97 3517 1268 3650">
    <p class='ocr_par' dir='ltr' id='par_1_7' title="bbox 97 3517 1268 3650">
     <span class='ocr_line' id='line_1_34' title="bbox 97 3517 1268 3650; baseline -0.004 -69"><span class='ocrx_word' id='word_1_318' title='bbox 97 3517 102 3528; x_wconf 59' lang='lat'>⁸</span> <span class='ocrx_word' id='word_1_319' title='bbox 202 3528 233 3650; x_wconf 52' lang='lat' dir='ltr'>*p</span> <span class='ocrx_word' id='word_1_320' title='bbox 249 3530 296 3581; x_wconf 85' lang='lat' dir='ltr'>Sic</span> <span class='ocrx_word' id='word_1_321' title='bbox 309 3529 407 3581; x_wconf 85' lang='lat' dir='ltr'>Strabo</span> <span class='ocrx_word' id='word_1_322' title='bbox 425 3529 496 3580; x_wconf 85' lang='lat' dir='ltr'>XIV.</span> <span class='ocrx_word' id='word_1_323' title='bbox 516 3531 540 3579; x_wconf 75' lang='lat'>¹2.</span> <span class='ocrx_word' id='word_1_324' title='bbox 560 3547 586 3596; x_wconf 88' lang='lat' dir='ltr'>p.</span> <span class='ocrx_word' id='word_1_325' title='bbox 605 3529 656 3580; x_wconf 82' lang='grc'>656</span> <span class='ocrx_word' id='word_1_326' title='bbox 676 3547 697 3582; x_wconf 92' lang='lat' dir='ltr'>s.</span> <span class='ocrx_word' id='word_1_327' title='bbox 716 3530 766 3580; x_wconf 76' lang='lat'>970</span> <span class='ocrx_word' id='word_1_328' title='bbox 788 3531 820 3580; x_wconf 82' lang='lat' dir='ltr'>A.</span> <span class='ocrx_word' id='word_1_329' title='bbox 834 3522 988 3591; x_wconf 77' lang='grc' dir='ltr'><strong><em>Ἡρόδοτος</em></strong></span> <span class='ocrx_word' id='word_1_330' title='bbox 1006 3517 1039 3578; x_wconf 80' lang='grc' dir='ltr'>ὃν</span> <span class='ocrx_word' id='word_1_331' title='bbox 1061 3517 1179 3589; x_wconf 70' lang='grc' dir='ltr'><strong><em>ὕστερον</em></strong></span> <span class='ocrx_word' id='word_1_332' title='bbox 1194 3521 1268 3577; x_wconf 73' lang='grc' dir='ltr'>Θού-</span> 
     </span>
    </p>
   </div>
   <div class='ocr_carea' id='block_1_8' title="bbox 108 3591 1268 4410">
    <p class='ocr_par' dir='ltr' id='par_1_8' title="bbox 136 3591 1268 3817">
     <span class='ocr_line' id='line_1_35' title="bbox 138 3591 1267 3662; baseline -0.003 -12"><span class='ocrx_word' id='word_1_333' title='bbox 138 3615 200 3662; x_wconf 79' lang='lat' dir='ltr'>uano</span> <span class='ocrx_word' id='word_1_334' title='bbox 233 3591 365 3649; x_wconf 76' lang='lat' dir='ltr'>adiecero.</span> <span class='ocrx_word' id='word_1_335' title='bbox 394 3597 462 3648; x_wconf 90' lang='lat' dir='ltr'>Add.</span> <span class='ocrx_word' id='word_1_336' title='bbox 476 3597 578 3648; x_wconf 89' lang='lat' dir='ltr'>Iuliani</span> <span class='ocrx_word' id='word_1_337' title='bbox 590 3599 678 3662; x_wconf 84' lang='lat' dir='ltr'>Epist.</span> <span class='ocrx_word' id='word_1_338' title='bbox 691 3598 724 3647; x_wconf 77' lang='lat'>22</span> <span class='ocrx_word' id='word_1_339' title='bbox 736 3599 795 3648; x_wconf 91' lang='lat' dir='ltr'>init.</span> <span class='ocrx_word' id='word_1_340' title='bbox 808 3597 904 3648; x_wconf 82' lang='lat' dir='ltr'>Avicn.</span> <span class='ocrx_word' id='word_1_341' title='bbox 918 3613 956 3646; x_wconf 87' lang='lat' dir='ltr'>or.</span> <span class='ocrx_word' id='word_1_342' title='bbox 970 3597 1059 3645; x_wconf 89' lang='lat' dir='ltr'>marit.</span> <span class='ocrx_word' id='word_1_343' title='bbox 1072 3593 1114 3645; x_wconf 78' lang='grc'>49.</span> <span class='ocrx_word' id='word_1_344' title='bbox 1127 3594 1267 3647; x_wconf 81' lang='lat' dir='ltr'>Plutarch.</span> 
     </span>
     <span class='ocr_line' id='line_1_36' title="bbox 136 3662 1268 3732; baseline -0.007 -14"><span class='ocrx_word' id='word_1_345' title='bbox 136 3669 179 3718; x_wconf 90' lang='lat' dir='ltr'>De</span> <span class='ocrx_word' id='word_1_346' title='bbox 199 3667 310 3732; x_wconf 84' lang='lat' dir='ltr'>malign.</span> <span class='ocrx_word' id='word_1_347' title='bbox 330 3665 432 3717; x_wconf 83' lang='lat' dir='ltr'>Herod.</span> <span class='ocrx_word' id='word_1_348' title='bbox 457 3665 489 3717; x_wconf 76' lang='grc'>35</span> <span class='ocrx_word' id='word_1_349' title='bbox 513 3665 572 3715; x_wconf 87' lang='lat' dir='ltr'>init.</span> <span class='ocrx_word' id='word_1_350' title='bbox 608 3667 650 3715; x_wconf 88' lang='lat' dir='ltr'>Da</span> <span class='ocrx_word' id='word_1_351' title='bbox 670 3665 766 3716; x_wconf 85' lang='lat' dir='ltr'>exsilio</span> <span class='ocrx_word' id='word_1_352' title='bbox 785 3682 846 3730; x_wconf 85' lang='lat' dir='ltr'>cap.</span> <span class='ocrx_word' id='word_1_353' title='bbox 874 3663 903 3714; x_wconf 87' lang='grc'>13</span> <span class='ocrx_word' id='word_1_354' title='bbox 921 3664 967 3713; x_wconf 89' lang='lat' dir='ltr'>fin.</span> <span class='ocrx_word' id='word_1_355' title='bbox 1002 3663 1085 3712; x_wconf 86' lang='lat' dir='ltr'>Plura</span> <span class='ocrx_word' id='word_1_356' title='bbox 1102 3662 1268 3726; x_wconf 73' lang='lat' dir='ltr'>wesseling.</span> 
     </span>
     <span class='ocr_line' id='line_1_37' title="bbox 136 3729 1111 3817; baseline -0.007 -31"><span class='ocrx_word' id='word_1_357' title='bbox 136 3737 210 3788; x_wconf 85' lang='lat' dir='ltr'>Dies.</span> <span class='ocrx_word' id='word_1_358' title='bbox 229 3735 331 3788; x_wconf 86' lang='lat' dir='ltr'>Herod.</span> <span class='ocrx_word' id='word_1_359' title='bbox 351 3733 420 3816; x_wconf 63' lang='lat'>929⁹</span> <span class='ocrx_word' id='word_1_360' title='bbox 440 3735 533 3797; x_wconf 86' lang='lat' dir='ltr'>Heyse</span> <span class='ocrx_word' id='word_1_361' title='bbox 550 3733 569 3784; x_wconf 93' lang='lat' dir='ltr'>l.</span> <span class='ocrx_word' id='word_1_362' title='bbox 588 3733 606 3784; x_wconf 93' lang='lat' dir='ltr'>l.</span> <span class='ocrx_word' id='word_1_363' title='bbox 618 3751 651 3812; x_wconf 77' lang='lat' dir='ltr'>p.</span> <span class='ocrx_word' id='word_1_364' title='bbox 671 3733 704 3812; x_wconf 69' lang='grc'>79</span> <span class='ocrx_word' id='word_1_365' title='bbox 720 3750 805 3817; x_wconf 78' lang='lat' dir='ltr'>seqq,</span> <span class='ocrx_word' id='word_1_366' title='bbox 824 3731 914 3783; x_wconf 86' lang='lat' dir='ltr'>Hand.</span> <span class='ocrx_word' id='word_1_367' title='bbox 933 3731 952 3781; x_wconf 91' lang='lat' dir='ltr'>l.</span> <span class='ocrx_word' id='word_1_368' title='bbox 971 3731 997 3808; x_wconf 64' lang='lat'>¹3</span> <span class='ocrx_word' id='word_1_369' title='bbox 1010 3747 1034 3796; x_wconf 91' lang='lat' dir='ltr'>p.</span> <span class='ocrx_word' id='word_1_370' title='bbox 1052 3729 1111 3780; x_wconf 73' lang='lat'>384.</span> 
     </span>
    </p>

    <p class='ocr_par' dir='ltr' id='par_1_9' title="bbox 108 3792 1268 4410">
     <span class='ocr_line' id='line_1_38' title="bbox 137 3792 1268 3936; baseline -0.006 -14"><span class='ocrx_word' id='word_1_371' title='bbox 137 3792 1268 3936; x_wconf 50' lang='lat' dir='ltr'>atillltltffutltl’ti2..2⁰tutattitulantur..tistitus?</span> 
     </span>
     <span class='ocr_line' id='line_1_39' title="bbox 137 3905 1266 4015; baseline -0.006 -25"><span class='ocrx_word' id='word_1_372' title='bbox 137 3931 241 3990; x_wconf 84' lang='lat' dir='ltr'>ddrcv</span> <span class='ocrx_word' id='word_1_373' title='bbox 259 3934 308 3989; x_wconf 79' lang='lat' dir='ltr'>aci</span> <span class='ocrx_word' id='word_1_374' title='bbox 320 3925 503 3990; x_wconf 74' lang='grc' dir='ltr'><strong><em>Θουκυδίδου</em></strong></span> <span class='ocrx_word' id='word_1_375' title='bbox 521 3929 620 4002; x_wconf 77' lang='grc' dir='ltr'><strong><em>τάφος,</em></strong></span> <span class='ocrx_word' id='word_1_376' title='bbox 640 3938 686 3988; x_wconf 91' lang='lat' dir='ltr'>nbi</span> <span class='ocrx_word' id='word_1_377' title='bbox 699 3939 856 3988; x_wconf 87' lang='lat' dir='ltr'>Viscontius</span> <span class='ocrx_word' id='word_1_378' title='bbox 875 3905 1066 4000; x_wconf 49' lang='lat' dir='ltr'>(I&#39;ooncgruph.</span> <span class='ocrx_word' id='word_1_379' title='bbox 1087 3934 1185 4015; x_wconf 57' lang='lat' dir='ltr'>(qucq.</span> <span class='ocrx_word' id='word_1_380' title='bbox 1205 3935 1226 4010; x_wconf 73' lang='lat' dir='ltr'>J.</span> <span class='ocrx_word' id='word_1_381' title='bbox 1241 3951 1266 3998; x_wconf 91' lang='lat' dir='ltr'>p.</span> 
     </span>
     <span class='ocr_line' id='line_1_40' title="bbox 137 3997 1268 4072; baseline -0.004 -16"><span class='ocrx_word' id='word_1_382' title='bbox 137 4005 196 4068; x_wconf 80' lang='lat'>315)</span> <span class='ocrx_word' id='word_1_383' title='bbox 215 4006 340 4057; x_wconf 86' lang='lat' dir='ltr'>mendum</span> <span class='ocrx_word' id='word_1_384' title='bbox 358 4006 501 4072; x_wconf 86' lang='lat' dir='ltr'>suspicans</span> <span class='ocrx_word' id='word_1_385' title='bbox 520 4021 614 4056; x_wconf 88' lang='lat' dir='ltr'>vocem</span> <span class='ocrx_word' id='word_1_386' title='bbox 628 3997 784 4069; x_wconf 71' lang='grc' dir='ltr'><strong><em>Ἡροδότου</em></strong></span> <span class='ocrx_word' id='word_1_387' title='bbox 807 4021 821 4055; x_wconf 90' lang='lat' dir='ltr'>e</span> <span class='ocrx_word' id='word_1_388' title='bbox 840 4009 916 4055; x_wconf 84' lang='lat' dir='ltr'>textu</span> <span class='ocrx_word' id='word_1_389' title='bbox 933 4001 993 4053; x_wconf 88' lang='lat' dir='ltr'>tolli</span> <span class='ocrx_word' id='word_1_390' title='bbox 1011 4001 1077 4063; x_wconf 80' lang='lat' dir='ltr'>vult,</span> <span class='ocrx_word' id='word_1_391' title='bbox 1097 4017 1125 4051; x_wconf 89' lang='lat' dir='ltr'>1n</span> <span class='ocrx_word' id='word_1_392' title='bbox 1144 4000 1268 4065; x_wconf 76' lang='lat' dir='ltr'>Hpoadoo</span> 
     </span>
     <span class='ocr_line' id='line_1_41' title="bbox 138 4069 1266 4137; baseline -0.005 -13"><span class='ocrx_word' id='word_1_393' title='bbox 138 4075 236 4124; x_wconf 66' lang='lat' dir='ltr'>morteri</span> <span class='ocrx_word' id='word_1_394' title='bbox 249 4075 326 4126; x_wconf 87' lang='lat' dir='ltr'>iubet</span> <span class='ocrx_word' id='word_1_395' title='bbox 343 4074 445 4125; x_wconf 68' lang='lat' dir='ltr'>Cornus</span> <span class='ocrx_word' id='word_1_396' title='bbox 464 4073 499 4124; x_wconf 89' lang='lat' dir='ltr'>ad</span> <span class='ocrx_word' id='word_1_397' title='bbox 517 4073 657 4125; x_wconf 87' lang='lat' dir='ltr'>Plutarchi</span> <span class='ocrx_word' id='word_1_398' title='bbox 670 4073 774 4124; x_wconf 79' lang='lat' dir='ltr'>Cimon.</span> <span class='ocrx_word' id='word_1_399' title='bbox 792 4074 821 4122; x_wconf 76' lang='lat'>4:</span> <span class='ocrx_word' id='word_1_400' title='bbox 841 4072 911 4137; x_wconf 93' lang='lat' dir='ltr'>quod</span> <span class='ocrx_word' id='word_1_401' title='bbox 929 4071 1001 4122; x_wconf 88' lang='lat' dir='ltr'>idem</span> <span class='ocrx_word' id='word_1_402' title='bbox 1019 4069 1177 4130; x_wconf 79' lang='lat' dir='ltr'>Schaelero,</span> <span class='ocrx_word' id='word_1_403' title='bbox 1197 4071 1266 4120; x_wconf 88' lang='lat' dir='ltr'>Krii-</span> 
     </span>
     <span class='ocr_line' id='line_1_42' title="bbox 138 4138 1265 4208; baseline -0.004 -17"><span class='ocrx_word' id='word_1_404' title='bbox 138 4157 212 4206; x_wconf 76' lang='lat' dir='ltr'>gero,</span> <span class='ocrx_word' id='word_1_405' title='bbox 232 4141 295 4192; x_wconf 86' lang='lat' dir='ltr'>aliis</span> <span class='ocrx_word' id='word_1_406' title='bbox 314 4141 427 4208; x_wconf 89' lang='lat' dir='ltr'>placuit.</span> <span class='ocrx_word' id='word_1_407' title='bbox 463 4141 565 4192; x_wconf 84' lang='lat' dir='ltr'>Contra</span> <span class='ocrx_word' id='word_1_408' title='bbox 583 4141 693 4207; x_wconf 86' lang='lat' dir='ltr'>Sauppe</span> <span class='ocrx_word' id='word_1_409' title='bbox 711 4143 751 4202; x_wconf 89' lang='lat' dir='ltr'>(in</span> <span class='ocrx_word' id='word_1_410' title='bbox 768 4142 841 4192; x_wconf 71' lang='lat' dir='ltr'>Acti.</span> <span class='ocrx_word' id='word_1_411' title='bbox 860 4139 1002 4192; x_wconf 87' lang='lat' dir='ltr'>societatis</span> <span class='ocrx_word' id='word_1_412' title='bbox 1021 4138 1120 4188; x_wconf 89' lang='lat' dir='ltr'>Graec.</span> <span class='ocrx_word' id='word_1_413' title='bbox 1137 4138 1174 4188; x_wconf 91' lang='lat'>11.</span> <span class='ocrx_word' id='word_1_414' title='bbox 1194 4138 1219 4189; x_wconf 73' lang='lat'>2.</span> <span class='ocrx_word' id='word_1_415' title='bbox 1239 4154 1265 4202; x_wconf 90' lang='lat' dir='ltr'>p.</span> 
     </span>
     <span class='ocr_line' id='line_1_43' title="bbox 137 4199 1264 4290; baseline -0.006 -30"><span class='ocrx_word' id='word_1_416' title='bbox 137 4207 198 4273; x_wconf 80' lang='lat'><strong>430)</strong></span> <span class='ocrx_word' id='word_1_417' title='bbox 216 4209 319 4259; x_wconf 86' lang='lat' dir='ltr'>mavult</span> <span class='ocrx_word' id='word_1_418' title='bbox 338 4199 467 4272; x_wconf 78' lang='grc' dir='ltr'><strong><em>Ὀλόρου,</em></strong></span> <span class='ocrx_word' id='word_1_419' title='bbox 492 4209 561 4289; x_wconf 79' lang='lat' dir='ltr'>quqd</span> <span class='ocrx_word' id='word_1_420' title='bbox 583 4209 690 4290; x_wconf 72' lang='lat' dir='ltr'>recepit</span> <span class='ocrx_word' id='word_1_421' title='bbox 705 4210 903 4290; x_wconf 72' lang='lat' dir='ltr'>Wpatermann.</span> <span class='ocrx_word' id='word_1_422' title='bbox 927 4207 995 4256; x_wconf 88' lang='lat' dir='ltr'>Vitt.</span> <span class='ocrx_word' id='word_1_423' title='bbox 1020 4205 1135 4286; x_wconf 38' lang='lat' dir='ltr'>Grae-cc.</span> <span class='ocrx_word' id='word_1_424' title='bbox 1159 4206 1264 4272; x_wconf 80' lang='lat' dir='ltr'>scripti.</span> 
     </span>
     <span class='ocr_line' id='line_1_44' title="bbox 108 4271 1264 4410; baseline -0.009 -12"><span class='ocrx_word' id='word_1_425' title='bbox 108 4393 112 4398; x_wconf 84' lang='lat'>.</span> <span class='ocrx_word' id='word_1_426' title='bbox 138 4293 208 4394; x_wconf 70' lang='lat' dir='ltr'>tlt.</span> <span class='ocrx_word' id='word_1_427' title='bbox 223 4274 337 4408; x_wconf 59' lang='lat' dir='ltr'>illd</span> <span class='ocrx_word' id='word_1_428' title='bbox 355 4278 516 4410; x_wconf 54' lang='lat' dir='ltr'>utilit?</span> <span class='ocrx_word' id='word_1_429' title='bbox 533 4274 977 4404; x_wconf 48' lang='lat' dir='ltr'>intitulatatuith?</span> <span class='ocrx_word' id='word_1_430' title='bbox 991 4271 1264 4406; x_wconf 53' lang='lat' dir='ltr'>itpilflllhnlil}</span> 
     </span>
    </p>
   </div>
   <div class='ocr_carea' id='block_1_9' title="bbox 137 4409 897 4463">
    <p class='ocr_par' dir='ltr' id='par_1_10' title="bbox 137 4409 897 4463">
     <span class='ocr_line' id='line_1_45' title="bbox 137 4409 897 4463; baseline -0.004 -1"><span class='ocrx_word' id='word_1_431' title='bbox 137 4409 206 4462; x_wconf 87' lang='lat' dir='ltr'>nihil</span> <span class='ocrx_word' id='word_1_432' title='bbox 224 4411 253 4460; x_wconf 90' lang='lat' dir='ltr'>in</span> <span class='ocrx_word' id='word_1_433' title='bbox 271 4411 426 4462; x_wconf 85' lang='lat' dir='ltr'>Marcellini</span> <span class='ocrx_word' id='word_1_434' title='bbox 442 4412 533 4463; x_wconf 86' lang='lat' dir='ltr'>verbis</span> <span class='ocrx_word' id='word_1_435' title='bbox 551 4411 707 4462; x_wconf 87' lang='lat' dir='ltr'>mutandum</span> <span class='ocrx_word' id='word_1_436' title='bbox 727 4415 897 4462; x_wconf 87' lang='lat' dir='ltr'>censuerunt.</span> 
     </span>
    </p>
   </div>
   <div class='ocr_carea' id='block_1_10' title="bbox 0 0 1496 4962">
    <p class='ocr_par' dir='ltr' id='par_1_11' title="bbox 0 0 1496 4962">
     <span class='ocr_line' id='line_1_46' title="bbox 0 0 1496 4962; baseline 0 1"><span class='ocrx_word' id='word_1_437' title='bbox 0 0 1496 4962; x_wconf 95' lang='lat' dir='ltr'> </span> 
     </span>
    </p>
   </div>
  </div>
 </body>
</html>
