2980 4978
327 463 385 522 DE
409 461 513 522 VITA
534 463 592 521 ΕΤ
614 461 804 522 SORIPTIS
826 459 1061 520 HERODOTI.
1199 463 1259 523 475

131 649 180 686 sas
200 634 311 686 eandem
331 633 385 686 vim
403 649 435 686 ac
451 632 587 686 notionem
609 632 651 685 his
673 632 786 684 vocibus
804 631 902 684 tribuit
922 647 1054 700 suamque
1075 630 1212 684 sentiendi
1233 638 1262 684 et

131 719 267 786 cogitandi
283 719 317 770 de
334 719 375 770 his
392 718 522 770 rationem
536 719 571 770 sb
585 717 743 770 Herodotea
760 716 872 770 notione
889 715 1047 784 disiungere
1062 711 1219 782 videtur*).

214 803 255 856 ,ld
270 805 340 856 hanc
352 805 435 856 ierme
449 809 563 856 aetatem
579 802 751 854 Herodoteae
766 801 898 854 orationis
912 801 1102 870 exprimendae
1114 801 1260 853 studiosis—

131 885 277 955 simam**)
293 888 431 958 pertinere
447 904 558 957 quaque
572 886 702 939 ridentur
716 887 770 938 duo
786 885 885 952 libelli,
901 885 948 955 qui
963 885 1023 938 sive
1039 885 1099 938 iuro
1115 885 1174 938 sive
1190 885 1261 937 iniu—

130 972 171 1024 rit
187 973 257 1026 inter
275 975 384 1026 bariani
397 972 500 1040 scripta
517 971 599 1039 vulgo
614 972 742 1024 seruntur
760 969 886 1042 περὶτῆς
903 963 1080 1040 ἀστρολογίης
1094 977 1122 1022 et
1135 967 1198 1036 περὶ
1213 972 1262 1040 τῆς

129 1059 233 1125 Συρίης
246 1059 318 1112 θεοῦ
328 1055 406 1124 ***)=
429 1057 531 1126 quippe
547 1063 715 1108 constantem
730 1056 902 1108 Herodateae
923 1055 1031 1108 dialecti
1046 1055 1153 1107 lonicae
1174 1055 1261 1107 imita-

130 1141 229 1194 tionem
247 1160 313 1210 prae
333 1159 363 1194 se
385 1142 494 1206 lerunt,
514 1157 584 1210 quae
600 1140 633 1192 ad
653 1141 726 1192 solas
742 1142 843 1194 formas
863 1141 999 1193 nominum
1014 1157 1046 1192 ac
1061 1141 1205 1193 verboram
1221 1140 1261 1192 di-

130 1226 264 1296 cendique
281 1243 382 1294 genera
397 1225 531 1295 pertinet,
548 1243 564 1278 a
581 1225 700 1278 librariis
715 1233 798 1296 atque
815 1226 894 1278 etiam
907 1226 941 1278 ab
956 1225 1108 1278 editoribus
1126 1225 1261 1294 usquead

130 1317 251 1362 nostram
272 1317 386 1363 aetatem
406 1311 449 1362 hic
465 1309 520 1362 illic
536 1309 660 1378 neglecta
680 1327 713 1362 ac
732 1311 854 1364 deserta:
880 1311 908 1364 in
930 1327 984 1380 qua
1000 1310 1172 1362 restituenda
1189 1309 1261 1362 docti

131 1393 183 1446 riri
199 1411 273 1448 nunc
287 1395 398 1448 maxime
413 1395 638 1460 elaborarunt†).

156 1461 162 1476 ⁸
214 1481 311 1550 Neque
327 1480 399 1532 iuter
414 1479 588 1532 Christianos
604 1478 753 1548 scriptores
769 1480 912 1532 desierant
927 1479 1060 1532 Herodoti
1077 1478 1169 1531 studia
1184 1486 1260 1549 apte·

130 1579 184 1632 que
200 1564 239 1630 is,
257 1565 305 1634 qui
322 1564 452 1617 historiae
468 1563 669 1617 ecclesiastieae
682 1564 797 1616 habetur
812 1581 927 1633 parens,
943 1566 1068 1618 Eusebiae
1079 1566 1262 1630 Caesariensis,

130 1658 301 1718 comparatur
313 1665 371 1702 cum
380 1649 531 1715 Herodoto,
547 1649 786 1702 Halicarnassensi
799 1649 929 1702 historiae
940 1651 1062 1702 Graecae
1074 1655 1188 1718 parente
1194 1649 1261 1714 ††):

130 1734 177 1804 qui
192 1751 351 1804 quamquam
366 1735 399 1786 de
416 1736 500 1787 rebus
515 1735 624 1787 maxime
639 1733 759 1786 dirersis
775 1735 962 1803 scripserant,
979 1735 1008 1786 in
1026 1752 1058 1787 eo
1074 1743 1161 1786 tamen
1178 1733 1260 1786 simil-

129 1819 183 1872 limi
198 1819 252 1872 sihi
267 1819 443 1888 reperiuntur
453 1819 538 1886 †††),
555 1817 629 1888 quod
644 1819 783 1872 scribendi
798 1819 939 1872 consilium
953 1819 981 1871 in
995 1825 1112 1888 utreque
1127 1819 1262 1888 scriptore

129 1905 163 1956 ad
179 1921 262 1958 unam
284 1904 408 1974 idemque
427 1907 485 1957 lere
508 1905 590 1956 rediit
605 1919 762 1974 omnemque
778 1909 926 1974 temporum
941 1903 1148 1974 proeteritorum
1164 1921 1261 1956 memo-

129 1989 194 2040 riam
208 1989 373 2059 complexum
389 1997 448 2056 est,
466 1989 505 2041 ita
520 1995 551 2040 ut
565 1988 634 2041 alter
650 1989 816 2042 Graecorum
831 1989 983 2042 libertatem
998 2005 1014 2041 a
1028 1987 1123 2042 Persis
1142 1988 1261 2040 vindica-

129 2083 190 2135 tum,
208 2073 319 2128 aeterni
335 2074 470 2127 hominum
484 2073 609 2126 memorii
624 2073 824 2141 dignissimam,
839 2073 909 2126 alter
923 2074 1105 2126 Christianam
1121 2073 1261 2126 ecclesiam

129 2175 162 2210 ex
177 2167 219 2210 tot
240 2158 380 2228 tarrtisque
404 2159 547 2212 eluctatam
568 2158 762 2210 certaminibus
786 2165 869 2228 atque
889 2158 1001 2226 egregii
1016 2159 1128 2228 potitam
1147 2157 1262 2210 victorii

128 2243 316 2296 celebrandam
331 2243 383 2296 sibi
399 2244 561 2312 sumpserit:
585 2243 735 2308 accedunt,
756 2260 828 2312 quae
844 2242 879 2295 sd
896 2243 946 2296 boc
961 2243 1104 2295 consilium
1118 2243 1261 2312 perficien-

128 2327 190 2380 dum
205 2329 233 2380 in
250 2335 368 2396 utroque
384 2328 519 2397 scriptore
532 2327 609 2396 paris
626 2334 778 2379 cernuntur
793 2326 884 2380 studia
900 2333 929 2394 et
942 2327 1096 2392 constuiaa,
1117 2327 1262 2396 utriusque

129 2411 198 2464 tides
218 2412 246 2464 in
266 2412 350 2464 rebus
370 2412 479 2464 traditis
495 2411 586 2466 eadem
605 2413 664 2464 lere
679 2411 739 2478 lege
757 2411 924 2464 aestimanda
935 2408 998 2478 *†),
1020 2412 1152 2481 ipsaeque
1168 2429 1213 2464 res
1228 2412 1262 2462 ab

131 2503 248 2564 utroque
269 2495 369 2548 relatae
378 2493 457 2563 ΜΓ),
485 2513 556 2567 quae
577 2493 689 2550 similem
711 2497 769 2548 lere
784 2496 913 2548 exhibent
927 2496 1068 2562 imaginem
1094 2495 1262 2566 eundemque

129 2581 187 2632 iere
213 2580 329 2634 colorem
357 2581 530 2650 habitamque
559 2581 679 2634 induunt
707 2587 791 2649 atque
817 2581 851 2634 ad
875 2579 985 2632 earrdem
1007 2580 1117 2632 divinae
1139 2579 1262 2632 iustitiae

128 2664 230 2732 legem,
258 2664 362 2718 anullo
384 2665 534 2720 mortalium
557 2667 666 2736 impune
682 2665 848 2732 violandam,
872 2663 1143 2731 revocantur*”†).
1182 2665 1262 2728 Quae

128 2749 239 2816 singula
257 2751 369 2817 egregie
390 2759 553 2820 persecutus
575 2757 619 2804 est
634 2751 709 2802 Baur
725 2749 751 2802 in
768 2750 919 2804 acamedica
940 2750 1105 2818 scriptione,
1131 2767 1202 2818 quae
1219 2749 1261 2802 in-

128 2835 273 2888 scribitur=
304 2835 507 2907 „Comparatur
521 2835 662 2890 Eusebius
683 2834 888 2900 Caesariensis,
911 2834 1041 2887 historiae
1061 2833 1261 2888 ecclesiasticae

128 2937 244 2988 parens,
265 2936 324 2972 cum
339 2927 452 2990 parente
473 2919 661 2986 historiarum,
686 2921 827 2972 Herodoto
843 2917 1186 2988 Halicarnassensi.“*††)
1225 2921 1263 2972 Ut

129 3004 215 3072 igitur
232 3005 275 3056 hic
289 3004 408 3074 scriptor
425 3005 616 3060 celeberrimus
633 3021 691 3058 cnm
708 3005 849 3058 Herodoto
865 3011 928 3075 apte
943 3005 1071 3058 contendi
1087 3013 1115 3058 et
1131 3005 1261 3073 coniungi

128 3097 236 3158 potest,
256 3089 294 3140 ita
309 3089 354 3141 ulii
372 3097 400 3142 et
421 3091 573 3144 sententias
594 3097 621 3144 et
643 3108 724 3143 voces
745 3090 954 3160 locutionesque
977 3091 1150 3143 Herodoteas
1171 3090 1260 3158 expri-

129 3231 289 3238 --ψ-
297 3232 327 3238 .-

196 3301 224 3366 *)
239 3305 299 3353 Viri.
314 3305 346 3354 de
360 3305 403 3355 his
417 3311 571 3356 monentem
586 3306 841 3371 Gustllruegerum
852 3305 1093 3370 iu'Pheologumm.
1104 3306 1260 3355 Pausaniae

131 3371 257 3436 (Lipsiae
273 3371 347 3435 litlill)
361 3389 423 3437 pag.
436 3373 468 3424 34
481 3389 555 3438 seqq.

195 3436 237 3504 aa)
255 3440 332 3500 erod
347 3439 390 3489 vel
404 3457 417 3488 e
432 3441 547 3492 Lucion.
561 3441 602 3490 Do
615 3441 709 3490 histor.
725 3441 861 3492 conscrib.
877 3441 907 3490 18
920 3441 1050 3506 colligas,
1069 3440 1116 3489 ubi
1129 3439 1260 3490 Herodoti

130 3507 294 3557 imitatorem
309 3509 337 3557 in
350 3523 460 3558 scenam
473 3509 551 3573 quasi
563 3508 689 3573 produxit
700 3508 852 3558 ridendum.

194 3572 250 3640 m)
269 3575 405 3626 Libellum
423 3576 456 3625 de
469 3579 609 3640 astrologia
621 3576 777 3640 plerumque
792 3577 916 3626 Luciano
933 3575 1094 3626 abiudicant
1111 3575 1183 3624 haud
1200 3575 1260 3624 sine

127 3643 202 3692 iusta
215 3659 312 3693 caussa:
332 3643 445 3694 alterius
458 3643 545 3692 libelli
559 3644 592 3693 de
606 3645 666 3693 llea
679 3643 759 3706 Syria
771 3644 923 3694 Luciaaum
937 3659 1034 3694 revera
1047 3647 1185 3692 auratorum
1199 3657 1259 3692 esse

127 3712 240 3761 credere
258 3711 351 3761 malim
369 3727 428 3761 cum
443 3711 608 3774 l‘ritzsehio,
628 3711 801 3774 Lehmanuo,
823 3711 898 3774 aliis;
917 3711 971 3762 vid.
985 3711 1135 3760 Lehmann.
1149 3710 1259 3760 Anuott.

127 3780 162 3830 ad
175 3781 291 3829 Lucian.
305 3781 351 3828 lx.
365 3795 428 3845 pag.
441 3779 500 3830 sat.

194 3845 226 3910 †)
245 3848 305 3896 vid.
323 3849 492 3912 potissimum
511 3847 583 3898 Guil.
601 3847 727 3898 Dindori.
745 3849 774 3896 in
792 3846 973 3899 commentat.
991 3847 1025 3897 de
1043 3846 1155 3896 dialect.
1174 3847 1259 3897 ionic.

126 3915 259 3965 Herodot.
273 3931 336 3980 pag.
350 3916 437 3966 XLIV
449 3931 525 3981 seqq.

194 3983 246 4048 ἤ)
264 3983 387 4033 Instituit
408 3983 479 4034 hanc
503 3983 735 4048 comparationem
757 3984 836 4034 Ferd.
856 3981 955 4034 Christ.
974 3984 1048 4034 Baur
1070 3983 1097 4031 in
1120 3997 1259 4048 program-

127 4055 200 4099 mate
214 4052 383 4114 'l'uhingeusi
396 4053 461 4100 anni
476 4051 549 4102 1834.

194 4117 266 4183 †††)
280 4119 340 4168 Vid.
356 4120 429 4168 Baur
441 4136 504 4184 pag.
517 4119 533 4168 t
545 4135 620 4184 seqq.
634 4118 665 4167 21
680 4134 755 4184 seqq.

194 4182 241 4247 *†)
260 4187 319 4236 Vid.
332 4187 407 4237 Baur
419 4203 481 4253 pag.
494 4186 527 4238 23
539 4203 615 4251 seqq.

195 4250 256 4314 *Ἣ
275 4254 336 4303 vid.
348 4255 422 4304 Baur
434 4272 497 4320 pag.
511 4255 543 4306 35
555 4271 632 4319 seqq.

194 4317 270 4384 Q)
289 4322 349 4372 Vid.
362 4323 436 4372 Baur
447 4339 510 4388 pag.
524 4321 566 4372 46.

194 4385 261 4506 Ἠ)
274 4389 316 4438 (ll.
325 4405 393 4454 quae
404 4391 486 4441 retuli
495 4391 528 4440 de
538 4391 592 4442 hac
603 4391 754 4456 scriptione
766 4391 808 4440 iu:
821 4391 936 4440 Jahrbh.
948 4392 966 4440 l.
974 4391 1109 4458 Philolog.
1117 4391 1176 4442 Vol.
1184 4392 1257 4441 XVI.

125 4471 191 4521 pag.
220 4463 226 4476 ·
265 4472 322 4522 seq.
