2984 4962
262 433 323 496 462
669 428 983 490 COMMENTATIO

262 607 358 654 nostra
377 607 466 654 aetate
487 601 559 656 haud
580 617 682 672 paucos
703 601 777 654 viros
798 601 894 654 doctos
915 602 1018 656 offendi
1035 602 1173 674 ridemus,
1197 604 1274 672 quod
1292 603 1408 657 scilieet

261 685 419 738 Herodotus
446 705 499 740 non
528 687 616 740 omnia
639 693 765 739 accurate
791 687 824 738 ad
850 687 960 740 Ionicae
990 687 1097 741 dialecti
1121 688 1195 755 leges
1218 705 1407 758 normamque

262 771 397 838 exegerit,
416 773 465 824 sed
486 772 554 824 alias
574 771 686 824 aliarum
706 788 816 841 quoque
837 771 1013 824 dialectorurn
1033 774 1134 825 formas
1149 772 1307 842 promiscue
1321 775 1406 826 adhi-

260 855 361 924 buerit,
378 874 411 908 ne
427 857 455 908 in
472 857 541 928 ipsis
558 857 666 927 quidem
683 855 784 908 Ionicis
801 855 894 908 formis
916 857 968 910 sihi
985 875 1101 926 prorsus
1115 864 1262 925 constans,
1280 875 1406 930 quarum

260 941 287 992 in
304 939 392 994 locum
405 941 527 1008 vulgaris
542 948 590 994 aut
604 941 674 1011 epici
692 941 825 993 sermonis
844 943 944 994 formae
961 939 1032 994 haud
1048 959 1110 994 raro
1126 942 1288 1010 succedunt,
1313 944 1354 996 ita
1372 954 1406 995 ut

261 1024 336 1078 nulla
349 1032 481 1095 appareat
495 1043 592 1094 causa,
608 1043 657 1078 cur
673 1027 742 1077 hanc
755 1025 814 1078 sive
828 1025 899 1078 illam
915 1028 1024 1079 formam
1040 1027 1210 1097 praetulerit.
1249 1027 1406 1081 Auxerunt

261 1111 328 1162 hanc
355 1109 414 1163 sive
445 1111 601 1164 varietatem
624 1110 683 1163 sive
706 1110 915 1164 inconstantiam
939 1111 1043 1164 librarii
1067 1111 1188 1164 codicum
1211 1109 1403 1177 incutient),

260 1211 344 1264 prave
360 1197 460 1248 formas
476 1197 567 1248 varias
578 1195 774 1265 permiscentes
790 1213 840 1247 nec
858 1195 896 1247 ita
910 1196 1106 1262 discernentes,
1124 1205 1155 1249 ut
1169 1196 1195 1248 in
1213 1196 1281 1248 locis
1300 1197 1402 1250 dubiis

260 1279 373 1332 criticus
392 1281 502 1349 habeat,
525 1281 596 1352 quod
613 1287 759 1350 sequatur,
781 1281 941 1348 praesertim
955 1299 1014 1334 eum
1028 1281 1073 1334 rix
1088 1281 1176 1333 adhuc
1193 1288 1269 1334 certo
1285 1291 1405 1334 constet

260 1365 294 1416 de
307 1364 425 1432 singulis
439 1365 521 1418 huius
540 1365 647 1418 dialecti
668 1364 760 1418 formis
777 1364 995 1435 flexionibusque
1012 1383 1063 1418 nec
1082 1366 1144 1435 ipss
1159 1367 1404 1434 grammaticorum

260 1456 406 1518 praecepta
420 1467 478 1502 cum
494 1450 538 1516 iis,
555 1467 625 1519 quae
637 1449 755 1517 singulis
775 1448 842 1500 locis
858 1451 931 1519 apud
946 1450 1115 1503 Herodotum
1132 1449 1195 1503 libri
1213 1451 1313 1520 scripti
1329 1453 1402 1504 sffe-

260 1541 333 1600 runt,
360 1535 519 1602 concinent;
540 1535 605 1604 quin
632 1535 705 1604 quod
730 1534 784 1604 ipsi
805 1534 970 1602 grammatici
991 1542 1099 1588 veteres
1117 1553 1150 1588 ex
1165 1535 1300 1588 Herodoti
1318 1535 1403 1588 libris

260 1619 390 1686 quaedam
403 1617 593 1685 efferunt**),
615 1636 685 1688 quse
708 1605 734 1670 in
750 1619 904 1687 Herodoto,
927 1620 1032 1690 qualem
1051 1637 1123 1672 nune
1143 1620 1239 1690 scripti
1261 1620 1327 1672 libri
1352 1639 1402 1674 ex-

260 1702 363 1768 hibent,
381 1703 486 1756 frustra
502 1721 629 1774 quaeras.
661 1705 740 1766 Quae
761 1720 820 1756 curn
842 1703 881 1756 ita
902 1723 933 1757 se
950 1705 1080 1770 babeant,
1096 1704 1282 1772 Wesselingie
1306 1706 1402 1757 satius

260 1787 405 1839 videbatur
428 1788 542 1858 optimos
569 1805 695 1858 quosque
727 1788 806 1856 sequi
832 1788 954 1858 codices,
983 1797 1129 1859 praecepta
1161 1790 1402 1858 grammaticorum

260 1879 372 1924 enotare
387 1879 415 1925 et
430 1873 465 1924 ad
478 1880 580 1925 textum
596 1872 690 1926 melius
706 1873 935 1942 constituendum,
951 1875 1041 1944 quoad
1057 1893 1107 1943 per
1123 1875 1207 1926 libros
1221 1874 1331 1940 liceret,
1349 1876 1400 1926 ad-

259 1956 368 2024 hibere;
385 1974 500 2027 eumque
515 1957 564 2010 hec
579 1957 607 2008 in
624 1975 664 2024 re,
681 1957 748 2009 alios
766 1965 797 2010 ut
810 1964 920 2026 mecam,
938 1965 1050 2012 secutus
1068 1966 1112 2011 est
1124 1959 1254 2026 Reicies,
1270 1959 1402 2012 deseruit

258 2041 437 2108 Schaelerus,
454 2043 501 2112 qui
518 2044 663 2095 formarum
677 2041 810 2112 quandam
826 2043 1019 2114 constantiam,
1035 2059 1115 2113 quam
1132 2045 1160 2097 in
1179 2043 1317 2096 Herodoti
1338 2045 1401 2096 edi-

258 2126 381 2178 tionibus
397 2143 479 2194 aegre
495 2127 682 2194 desiderabat,
700 2127 847 2180 restituere
867 2145 925 2181 cum
940 2128 1037 2195 vellet,
1062 2129 1150 2182 emnia
1166 2129 1200 2182 ad
1223 2145 1305 2180 unam
1330 2147 1400 2181 esn-

258 2211 373 2282 demque
387 2228 505 2264 normam
521 2219 675 2284 certamque
687 2211 773 2264 lonici
788 2213 921 2266 sermonis
938 2213 1057 2280 regulam
1075 2214 1113 2266 ita
1129 2213 1228 2282 exegit,
1243 2220 1282 2278 ut,
1303 2231 1400 2282 parem

259 2297 312 2349 sibi
324 2297 438 2350 reddere
450 2315 509 2350 cum
522 2305 668 2351 conaretur
679 2297 857 2362 Herodotum,
875 2315 934 2350 mor
946 2305 1034 2351 tamen
1048 2298 1108 2368 ipse
1121 2297 1296 2366 intelligeret,
1315 2316 1400 2368 quam

258 2389 359 2436 temme
375 2382 472 2450 egerit.
508 2383 605 2453 ltaque
619 2383 647 2436 in
663 2382 707 2436 ris
719 2382 876 2436 subsistens
890 2383 924 2434 ad
940 2383 1057 2452 priorem
1070 2382 1247 2450 Wesselingii
1260 2384 1400 2436 rationem

259 2475 354 2536 utpote
369 2467 497 2520 tutiorem
512 2477 594 2539 atque
609 2468 751 2522 certiorem
771 2467 861 2520 redire
878 2467 980 2520 maluit.
1012 2468 1051 2520 Ac
1067 2469 1145 2521 iurat
1162 2467 1223 2537 ipsa
1245 2467 1298 2519 viri
1315 2487 1400 2537 prae

257 2552 419 2604 stantissimi
432 2555 514 2606 verba
526 2548 812 2623 huespponere***):
826 2552 936 2618 „Quum
948 2553 1062 2622 primum
1071 2552 1211 2606 Herodoto
1223 2555 1400 2606 recensendo

258 2653 373 2702 „manus
389 2637 584 2704 admovissem,
600 2639 669 2689 hanc
686 2637 749 2690 mihi
769 2637 853 2704 legem
877 2637 1048 2706 scripseram,
1079 2644 1109 2690 ut
1132 2637 1225 2690 formis
1247 2638 1400 2690 verborum

258 2721 473 2790 „commnnibus,
495 2723 574 2775 etiam
589 2730 644 2774 tuni
657 2739 716 2775 cunr
731 2721 838 2774 codices
853 2727 976 2774 tacerent
997 2721 1134 2791 expulsis,
1150 2721 1259 2774 lonieas
1280 2723 1399 2776 suffice-

258 2822 342 2868 „rem
378 2805 460 2858 Hunc
482 2825 580 2859 merem
601 2807 628 2858 in
654 2807 792 2875 prioribus
813 2805 931 2874 plagulis
959 2813 1118 2858 constanter
1138 2807 1224 2858 tenui.
1257 2806 1313 2858 Sed
1335 2825 1401 2860 mor

257 2889 398 2953 „instituti
420 2907 460 2942 me
481 2891 620 2960 poenitere
635 2891 738 2960 coepit3
757 2893 888 2960 pleneque
908 2893 1022 2962 cognovi
1036 2893 1212 2955 Herodotum,
1230 2893 1345 2961 perinde
1369 2913 1402 2946 ec

258 2982 375 3039 „ceteros
389 2976 669 3044 scriptoresGrsecos,
694 2977 835 3029 dialectum
856 2979 891 3028 od
906 2979 1110 3047 grammaticam
1126 2969 1269 3047 ἀκρίβειαι
1290 2995 1348 3030 non
1368 2998 1402 3032 en

258 3059 410 3128 „exegisrc‚
432 3077 499 3127 quse
519 3064 601 3130 uulgo
622 3061 736 3114 ereditur
757 3061 907 3114 constantio
922 3071 1000 3130 atque
1013 3063 1218 3133 perpetuitate.“
1256 3061 1313 3123 Qui
1330 3071 1401 3131 pest

257 3131 432 3196 Schsel'eruui
452 3145 485 3196 ad
506 3144 674 3197 Herodotum
692 3153 884 3213 secesserunt,
908 3147 1018 3199 eandem
1039 3147 1067 3199 in
1090 3146 1247 3198 universum
1268 3145 1340 3198 viam
1358 3157 1398 3200 te-

258 3236 387 3296 nuerunt,
402 3245 461 3281 cum
477 3247 493 3281 a
508 3230 629 3282 codicum
644 3229 805 3282 auctoritate
823 3230 851 3282 in
869 3230 969 3283 talibus
984 3231 1113 3284 ¹recedere
1129 3230 1241 3298 nollent,
1258 3229 1401 3300 valdeque

257 3311 400 3380 timerent,
424 3331 473 3380 ne,
495 3314 706 3384 inconstantiam
732 3314 802 3366 illam
819 3315 845 3366 in
862 3315 980 3383 singulis
997 3317 1091 3368 formis
1109 3307 1214 3368 obviam
1229 3316 1253 3367 si
1271 3315 1400 3369 librariis

256 3397 412 3450 tribuerent
431 3395 549 3468 indeque
571 3399 659 3451 omnia
680 3399 714 3451 ad
736 3416 814 3451 unam
835 3417 953 3452 normam
969 3401 1120 3469 exigerent,
1137 3407 1236 3453 temere
1252 3417 1338 3467 agere
1356 3411 1399 3454 at-

257 3482 353 3550 quein
369 3500 428 3536 cum
444 3484 603 3554 scriptorem
618 3483 739 3552 grassari
755 3484 929 3550 viderentur,
945 3485 999 3556 ,qui
1020 3485 1052 3536 ad
1075 3485 1195 3538 codicum
1217 3486 1400 3554 probatorum

257 3567 444 3622 auctoritatem
463 3569 640 3637 refingendus
663 3577 691 3621 et
712 3569 895 3622 emendandus
910 3577 999 3622 esset:
1021 3569 1139 3634 accedit,
1163 3569 1236 3640 qued
1251 3569 1297 3621 ille
1314 3569 1399 3638 liber,

257 3652 303 3719 qui
322 3654 436 3706 omnium
450 3655 702 3722 praestantissimus
718 3655 846 3722 habetur,
868 3655 1022 3722 Mediocris,
1038 3655 1156 3707 nondum
1176 3654 1224 3717 eri,
1242 3672 1321 3724 quam
1341 3675 1398 3709 me-

259 3735 310 3786 rito
338 3754 411 3790 nunc
431 3739 611 3808 requirimus,
638 3739 703 3791 curi
719 3739 909 3808 estcollatus,
927 3739 1037 3810 utquid
1061 3740 1088 3792 in
1113 3739 1231 3807 singulis
1255 3739 1399 3804 exhibeat,

257 3825 332 3871 certo
351 3821 477 3888 sciamus,
496 3823 595 3892 reliqui
609 3832 698 3876 autem
713 3823 784 3889 libri,
803 3824 850 3894 qui
866 3825 1020 3877 accuratius
1037 3824 1155 3894 inspecti
1170 3832 1198 3877 et
1211 3823 1300 3876 collati
1317 3833 1399 3890 sunt,

263 3959 459 3972 ..κ-Ἥ,-

257 4033 412 4084 Herodotus
424 4035 546 4088 historiis
559 4039 687 4101 inseruit,
701 4040 729 4088 in
742 4043 845 4090 textum
857 4039 1046 4104 irrepserint.“
1082 4039 1149 4090 Add.
1164 4039 1261 4090 Struro
1274 4039 1400 4102 Qtraest.

257 4102 377 4152 Herodd.
391 4101 507 4168 Specim.
521 4106 542 4154 l.
556 4122 581 4170 p.
598 4106 627 4154 10
640 4107 768 4172 (Opusec.
783 4107 892 4158 seleett.
906 4109 943 4156 11.
956 4124 981 4172 p.
995 4106 1045 4157 268
1058 4109 1136 4172 aeq).

325 4167 347 4232 *)
367 4170 406 4220 hc
429 4173 525 4222 merito
547 4176 721 4238 conqueritur
738 4175 834 4224 Struve
852 4175 964 4236 Quaest.
984 4176 1102 4226 Herodd.
1121 4177 1201 4241 Spee.
1220 4177 1257 4226 ΙΙ.
1275 4191 1342 4240 pag.
1367 4177 1399 4228 15

257 4238 387 4303 (Opnsec.
406 4239 515 4289 seleett.
529 4241 565 4290 ΙΙ,
579 4257 604 4305 p.
618 4241 688 4304 314),
708 4242 850 4308 pleresque
869 4243 977 4291 codices
990 4243 1122 4294 Herodoti
1140 4246 1167 4293 in
1180 4243 1298 4306 talibus,
1324 4261 1399 4310 quas

258 4307 387 4357 minutius
400 4307 480 4372 vulgo
493 4307 609 4370 hahent,
622 4325 676 4359 non
689 4313 758 4360 satis
771 4315 900 4360 accurate
913 4310 1029 4360 collatos
1042 4327 1111 4362 esso.

252 4397 256 4406 ,
324 4373 363 4433 '‘*l
382 4375 461 4426 Coul.
474 4376 639 4442 Wesseling.
652 4379 724 4427 Dias.
739 4377 840 4428 Herod.
854 4379 899 4426 VI.
914 4393 939 4442 p.
953 4375 986 4427 48
998 4395 1055 4444 seq.

326 4440 378 4507 m)
398 4445 457 4494 Vid.
468 4444 590 4495 Praeiat.
601 4461 626 4508 p.
637 4445 661 4496 5.
681 4445 781 4494 Probat
791 4445 1035 4509 Schweighaeuser
1048 4447 1169 4497 Prasiai.
1182 4448 1203 4504 l,
1213 4449 1237 4496 2.
1250 4464 1275 4512 p.
1288 4449 1396 4501 xxm.
