2984 4962
243 427 305 486 414
651 418 966 482 continuatum

167 607 169 610 ·
242 591 419 646 sollemnibus
435 591 516 646 iestis
540 591 778 662 conuentibusque
804 591 922 661 publicis
950 610 1036 662 opera
1050 607 1102 644 sua
1121 591 1166 644 vel
1189 599 1263 645 certe
1284 601 1373 662 partes

242 677 373 748 quasdam
388 677 528 745 insignes,
543 677 603 730 sive
628 677 710 746 ligato
728 677 788 730 aire
809 676 900 729 soluto
922 695 1046 730 sermone
1064 677 1244 747 compositas,
1259 678 1372 730 recitau-

241 762 324 828 tium,
350 779 404 832 quo
430 761 583 832 aequalium
609 762 713 816 animos
741 762 775 813 ad
802 761 868 814 haec
892 761 955 831 ipsa
979 762 1157 815 adverterent
1182 779 1267 831 seque
1299 762 1372 831 ipsos

243 846 438 916 quodammodo
456 847 684 900 commendarent.
716 846 816 916 Neque
842 845 895 898 alia
921 847 956 899 de
977 863 1061 900 causa
1081 845 1241 900 Herodotus
1266 863 1373 916 quoque

241 931 350 1002 publice
365 931 534 1002 praelegisse
550 932 689 1002 putandos
704 931 772 984 erit:
794 932 868 1001 quod
889 931 1030 984 declarant
1043 939 1152 1001 praeter
1166 931 1250 998 hanc,
1273 931 1307 984 de
1321 947 1374 1002 qua

242 1017 373 1085 diximus,
394 1016 561 1086 Olympicum
587 1016 772 1069 recitationem
799 1015 868 1069 aliae
897 1033 1008 1088 quoque
1031 1016 1208 1068 recitationes
1229 1015 1289 1068 aliis
1308 1016 1374 1069 locis

241 1103 349 1155 habitae
363 1119 433 1172 quae
450 1103 581 1154 feruntur
600 1101 735 1170 iidemque
752 1101 820 1154 adeo
837 1100 984 1154 conciliant
999 1101 1154 1154 recitationi
1169 1099 1326 1172 Olympicus
1334 1100 1372 1172 l).

241 1187 273 1240 ln
290 1205 344 1257 qua
360 1203 502 1256 quamnam
518 1185 624 1257 operis,
640 1185 720 1256 quale
735 1202 808 1238 nunc
823 1191 928 1252 exstat,
944 1192 1048 1257 partem
1062 1185 1220 1238 Herodotus
1234 1185 1373 1255 praelege-

243 1273 287 1339 rit,
304 1273 328 1324 si
344 1287 471 1342 quaeras,
487 1280 562 1324 certo
577 1271 605 1324 id
620 1270 752 1323 constitui
767 1271 813 1324 vix
835 1271 945 1341 poterit,
962 1270 1122 1340 praesertim
1134 1287 1193 1322 cum
1207 1271 1375 1342 Herodotum

242 1373 330 1428 usque
345 1357 379 1410 ad
393 1373 520 1410 summam
535 1363 702 1409 senectutem
722 1355 750 1407 in
768 1373 850 1426 opere
865 1356 1033 1425 perficiendo
1055 1363 1083 1408 et
1101 1355 1265 1408 illustrando
1281 1371 1374 1408 versa-

240 1449 373 1494 tamesae
389 1441 545 1508 videmnus,
569 1448 600 1493 ut
618 1440 684 1511 quid
698 1439 777 1492 initio
793 1441 976 1510 conscriptam
993 1441 1119 1493 habuerit
1140 1448 1168 1492 et
1193 1439 1259 1510 quid
1279 1447 1377 1509 postea

240 1526 389 1579 accesserit
413 1527 557 1598 literisque
583 1526 737 1578 mandatnm
750 1525 796 1592 sit,
818 1525 966 1578 difficulter
981 1525 1154 1594 pronunties.
1190 1523 1232 1576 De
1246 1525 1376 1576 Asiaticis

241 1611 302 1664 libri
322 1610 401 1680 primi
423 1611 546 1664 historiis
561 1611 735 1679 cogitandum
754 1628 816 1662 esse
833 1611 906 1680 quod
922 1611 1020 1664 statuit
1040 1605 1198 1678 Heyse**),
1220 1609 1316 1661 merito
1331 1628 1377 1662 re-

239 1697 365 1765 fragatus
381 1701 424 1748 est
438 1691 668 1764 Lahmeyer***),
687 1695 734 1766 qui
749 1702 862 1764 propter
878 1695 1058 1761 manifestam,
1074 1701 1105 1748 ut
1121 1701 1208 1764 putat,
1225 1695 1376 1746 Herodotei

240 1780 292 1833 loci
308 1780 359 1848 Ill,
382 1785 429 1836 119
449 1781 625 1835 imitationem
646 1779 673 1832 in
691 1778 835 1856 Sophoclis
856 1779 994 1847 Antigona
1016 1785 1055 1848 (r.
1070 1781 1122 1833 902
1143 1781 1234 1849 seqq.)
1255 1779 1376 1832 triennio

240 1867 298 1918 fere
324 1873 388 1934 post
411 1883 510 1918 annum
532 1869 582 1918 444
605 1873 668 1917 ante
688 1865 754 1915 Chr.
777 1881 804 1916 ιι.
834 1863 906 1916 edita
929 1871 1051 1918 statuere
1078 1863 1187 1930 mavult,
1216 1881 1268 1931 „eu
1293 1865 1376 1916 tertio
1477 1895 1478 1914 ι

239 1951 360 2002 tortasse
375 1967 476 2019 eorum,
495 1967 565 2021 quos
581 1967 655 2002 nunc
669 1949 803 2014 novimus,
822 1948 952 2001 librorum
968 1950 1125 2002 historicum
1142 1947 1284 2018 Olympiae
1306 1949 1377 2001 reci-

239 2042 330 2088 tasser
360 2035 418 2088 aeri
442 2036 512 2088 enim
540 2034 701 2088 simillimum
716 2040 767 2100 est,
784 2033 952 2102 Sophoclem,
978 2034 1023 2086 cui
1046 2041 1136 2086 uotam
1162 2033 1250 2086 inisse
1272 2041 1377 2102 partem

239 2119 314 2172 illius
330 2118 392 2172 libri
407 2120 479 2173 clare
495 2137 527 2173 ex
544 2119 698 2188 Antigonae
714 2117 760 2170 illo
777 2118 836 2170 loco
852 2127 975 2190 apparet,
998 2126 1026 2172 et
1040 2120 1128 2189 ipsum
1146 2117 1288 2188 Olympiae
1306 2119 1377 2171 reci-

239 2203 337 2257 tationi
359 2205 520 2258 interfuisse
541 2205 661 2274 indeque
684 2203 866 2256 narrationem
885 2203 955 2256 illam
971 2204 1144 2256 intertextam
1158 2203 1187 2254 in
1203 2219 1282 2255 sunm
1298 2219 1378 2256 usum

239 2289 441 2344 convertisse.“
472 2289 514 2343 De
529 2305 584 2360 qua
599 2289 651 2342 viri
665 2289 738 2342 docti
754 2288 912 2357 suspicione
933 2289 998 2360 quid
1014 2289 1188 2341 statuendum
1202 2288 1254 2354 sit,
1278 2289 1321 2340 vel
1342 2307 1377 2342 ex

238 2375 273 2427 iis
289 2374 406 2443 intelligi
421 2375 538 2446 poterit,
562 2391 632 2446 quae
658 2375 691 2426 ad
715 2373 787 2425 illum
802 2373 936 2426 Herodoti
956 2373 1043 2427 locum
1059 2372 1119 2425 Vol.
1136 2373 1172 2426 ΙΙ.
1189 2392 1216 2443 p.
1230 2375 1281 2428 230
1296 2391 1377 2443 seqq.

239 2460 438 2513 adnotavimus.
480 2460 519 2513 Ac
547 2459 717 2530 probabilius
744 2477 810 2511 sane
839 2458 948 2511 videtur
979 2459 1122 2528 magisque
1151 2463 1377 2526 consentaneum,

238 2543 407 2598 Herodotum
422 2545 450 2597 iu
467 2545 590 2598 sollemni
609 2545 777 2597 Graecorum
795 2549 932 2596 conventu
948 2544 1040 2614 operis
1059 2543 1102 2596 sui
1120 2549 1223 2613 partem
1241 2541 1378 2612 quandam

239 2629 370 2682 recitasse
387 2630 420 2682 ad
442 2629 512 2682 bella
534 2631 606 2682 inter
629 2631 752 2682 Graecos
775 2635 803 2681 et
817 2629 949 2680 barbaros
976 2633 1055 2696 gesta
1081 2635 1265 2698 spectantem:
1291 2628 1378 2698 idque

239 2713 311 2766 haud
328 2714 385 2766 scio
402 2731 435 2766 ao
453 2714 600 2766 conveniat
615 2729 673 2766 cnm
690 2711 819 2766 Schoellii
831 2713 969 2766 sententie
980 2730 1065 2783 supra
1080 2713 1170 2784 allata,
1191 2731 1245 2783 qna
1262 2713 1378 2783 primum

238 2797 310 2849 Sami
326 2800 359 2850 ab
374 2799 516 2852 Herodoto
534 2803 646 2851 exarata
660 2805 739 2867 putat
752 2816 792 2866 ea,
817 2815 888 2867 quae
904 2797 982 2849 libris
1004 2797 1066 2850 v11.
1084 2797 1161 2850 Vlll.
1178 2797 1216 2849 lx
1232 2797 1379 2850 contineu-

238 2889 285 2934 tur
301 2899 428 2935 unacum
451 2884 605 2952 prooemio:
630 2899 801 2953 quamquam,
825 2883 899 2953 quod
924 2881 969 2933 vix
987 2899 1147 2953 quemquam
1173 2884 1270 2951 lugere
1291 2883 1381 2952 posse

239 2966 378 3033 existimo,
400 2967 504 3019 bilibri
526 2969 615 3020 minus
638 2966 770 3020 elaborati
786 2974 869 3038 atque
885 2967 1000 3037 perlecti
1021 2967 1152 3021 videntur
1171 2985 1250 3037 quarn
1273 2967 1307 3034 ii,
1327 2969 1380 3038 qui

239 3052 420 3118 antecedunt,
447 3069 559 3122 eamque
587 3053 621 3102 ob
647 3069 755 3104 causam
771 3052 804 3104 ad
831 3059 966 3122 posteram
982 3039 1118 3104 Herodoti
1141 3059 1254 3105 aetatem
1280 3052 1382 3121 potins

239 3143 321 3188 erunt
344 3137 491 3204 referendi,
518 3153 598 3207 qnam
624 3136 867 3206 adillatempora,
894 3137 996 3206 quibus
1012 3138 1046 3189 ab
1070 3137 1217 3189 itineribus
1243 3153 1383 3190 reversus

173 3253 176 3256 -
238 3221 370 3275 historiae
385 3239 455 3292 opus
470 3221 643 3275 conscribere
663 3223 754 3292 coepit
775 3227 857 3292 atque
875 3223 1031 3292 conscripta
1047 3221 1215 3292 praelegisse
1233 3221 1385 3291 putandus

238 3313 290 3358 est.
322 3307 417 3370 Quare
441 3315 524 3360 totam
550 3307 619 3360 hanc
635 3307 822 3378 quaestionem
847 3306 874 3359 in
901 3307 984 3360 dubio
1005 3307 1161 3377 relinquere
1182 3305 1268 3358 malim
1294 3323 1387 3376 qnam

238 3390 305 3444 certi
318 3392 384 3463 quid
399 3392 588 3462 pronuntiare.

321 3477 394 3530 Huic
406 3495 472 3530 uero
492 3477 645 3531 recitationi
670 3477 811 3548 Olympiae
830 3476 938 3531 habitae
957 3476 1068 3529 alteram
1089 3476 1235 3544 iungamus
1253 3475 1388 3530 testibus

237 3561 384 3616 Plutarcho
408 3562 449 3616 De
468 3563 599 3632 malignit.
622 3562 726 3616 Herod.
750 3580 810 3633 cap.
837 3565 871 3616 26
886 3579 913 3632 p.
942 3565 993 3616 802
1016 3557 1079 3636 u†)
1102 3567 1185 3631 utaque
1201 3561 1326 3614 Eusebio
1353 3563 1386 3615 in

304 3760 332 3828 *)
349 3765 431 3814 Hane
454 3763 488 3814 ob
513 3777 624 3812 canaam
647 3777 699 3826 quo
718 3776 753 3811 ue
781 3763 898 3812 Daauou
923 3760 1023 3828 (Caura
1053 3759 1177 3811 d'dtudos
1206 3759 1389 3824 historiques

238 3831 270 3878 Τ.
289 3831 364 3881 Vlll.
382 3848 408 3896 p.
427 3831 460 3880 44
483 3829 546 3881 coll.
570 3829 630 3879 VII.
649 3847 675 3896 p.
693 3829 709 3878 2
729 3827 741 3894 )
759 3829 925 3878 Herodotum
944 3845 1034 3878 coram
1055 3829 1171 3880 Graecis
1189 3829 1217 3877 in
1236 3835 1389 3878 conventu

239 3897 382 3962 Olympico
405 3895 552 3962 (anu-452
571 3901 635 3947 aute
655 3897 717 3945 Chr.
736 3893 777 3961 u.)
800 3901 905 3961 partem
929 3897 1064 3962 quandam
1083 3897 1187 3962 operis,
1212 3911 1292 3960 qnam
1318 3896 1391 3946 ela-

239 3964 363 4091 borappqn
383 3969 410 4014 ct
428 3970 553 4030 paratam
570 3964 707 4027 hahuerit,
727 3965 860 4014 recitasse
879 3965 984 4014 statuit.

305 4047 407 4164 ”*)pp.
423 4097 462 4151 lb.

306 4165 338 4231 †)
354 4167 455 4216 Locum
471 4168 557 4233 ipsum
571 4165 653 4234 paulo
669 4167 853 4218 obscuriorem
869 4167 1021 4218 arlsoribam
1034 4168 1181 4232 integram:
1199 4155 1270 4216 cilici
1289 4163 1397 4219 τοῦτο’

240 4248 271 4300 ys
290 4229 332 4298 (in
350 4235 470 4300 proximo
490 4235 716 4285 antecedentibus
738 4235 904 4286 Herodotum
929 4237 969 4284 ait
990 4235 1218 4298 Atheniensibus,
1238 4249 1297 4284 cum
1320 4251 1393 4286 om—

240 4303 313 4351 nium
332 4301 497 4353 Graecorum
518 4317 560 4352 res
578 4303 699 4352 seribere
718 4304 857 4368 professus
875 4303 925 4360 sit,
952 4303 1056 4368 insigni
1079 4303 1158 4352 modo
1181 4317 1247 4367 prae
1271 4306 1394 4354 ceteris

241 4367 391 4434 studuisse)
409 4367 517 4434 βοηθεῖ
526 4367 565 4433 τῷ
574 4359 719 4431 Ἡροδότῳ
736 4366 809 4433 πρὸς
827 4363 941 4434 ἐκείνην
958 4363 1011 4435 τὴν
1029 4365 1176 4438 διαβολὴν,
1194 4357 1231 4438 ἢν
1249 4363 1309 4436 ἔχει
1330 4387 1393 4422 ao-

241 4431 379 4494 ioraeo'oorc
396 4429 461 4493 roric
477 4426 657 4499 Ἀθηναίους,
681 4429 818 4501 oipyriprov
840 4431 913 4488 coiri
931 4435 1030 4504 λαβεῖν
1051 4427 1123 4502 παρ’
1146 4426 1253 4488 adada·
1272 4431 1301 4488 ri
1321 4431 1394 4505 γὰρ
