3066 4964
241 383 303 444 316
672 376 943 437 HERODO'I'I

241 553 340 638 ἔβαλε
369 553 406 620 ἐν
428 547 670 641 Στενυκλήρῳ,
701 549 846 637 πολέμου
876 547 1001 636 ἐόντος,
1032 557 1253 638 Μεσσηνίοισι
1283 554 1379 619 πάσι·

194 673 233 734 65
242 654 296 722 καὶ
316 647 414 732 αὐτάς
432 679 467 721 τε
484 647 633 720 άπέθανε
652 652 706 719 καὶ
724 655 759 719 οἱ
778 648 966 740 τριηκόσιοι.
1000 645 1054 720 Ἐν
1078 651 1115 719 δὲ
1138 653 1323 742 Πλαταιῇσι
1347 658 1385 722 οἱ

240 755 367 844 Πέρσαι
386 747 429 834 οἱς
448 749 626 844 ἐτράποντο
639 746 782 822 ὑπάτων
795 757 1081 842 Λακεδαιμονίων,
1101 759 1245 841 ἔφευγον
1254 748 1382 823 οὐδένα

239 854 363 946 κόσμον
382 858 414 936 ἐς
432 851 468 924 τό
485 852 710 944 στρατόπεδον
726 849 763 922 τό
783 855 917 923 ἕωντων
935 855 989 922 καὶ
1009 857 1041 934 ἐς
1059 849 1095 923 τά
1113 869 1218 943 τεῖχος
1236 851 1272 923 τὸ
1290 853 1381 938 ξύλι-

238 986 316 1046 νον,
339 953 376 1026 τά
393 953 588 1043 ἐποιήσαντο
607 957 643 1024 ἐν
660 961 759 1044 μοίρῃ
777 958 819 1043 τῇ
836 960 988 1042 Θηβαΐδι.
1023 952 1149 1044 Θεάυμα
1167 957 1206 1024 δέ
1220 985 1276 1045 μοι
1293 952 1381 1038 ὅκως

239 1055 328 1150 παρά
350 1061 407 1146 τῆς
425 1055 601 1146 Δήμητρος
618 1053 655 1126 τὸ
678 1052 777 1136 άλσος
800 1058 995 1145 μαχομένων
1010 1052 1101 1138 Ιοὐδὲ
1120 1051 1168 1137 εἷς
1187 1054 1292 1145 ἐφάνη
1310 1061 1381 1128 τῶν

238 1163 399 1251 Περσέων
416 1155 494 1229 οὔτε
514 1154 664 1228 ἐσελθών
683 1159 714 1237 ἐς
732 1155 768 1226 τὸ
785 1160 919 1246 τέμενος
937 1154 1015 1226 οὔτε
1039 1155 1277 1246 ἐναποθανών,
1302 1167 1384 1248 περί

238 1291 273 1332 τε
290 1258 327 1332 τὸ
346 1257 420 1350 ἱρὸν
437 1265 633 1330 οἱπλεῖστοι
652 1261 689 1328 ἐν
705 1261 753 1351 τῷ
769 1256 900 1351 βεβήλῳ
919 1264 1046 1329 ἔπεσον.
1085 1261 1190 1329 δοκέω
1215 1259 1270 1344 δὲ,
1295 1270 1329 1328 εἰ
1345 1289 1380 1329 τι

238 1366 314 1454 περὶ
331 1366 399 1432 τῶν
416 1368 523 1431 θείων
546 1358 748 1452 πρηγμάτων
772 1361 901 1430 δοκέειν
924 1366 992 1448 δεῖ,
1017 1354 1038 1447 ἡ
1061 1357 1142 1441 θεὸς
1165 1356 1250 1448 αὕτη
1272 1381 1380 1449 σφεας

237 1461 300 1534 οὐκ
323 1460 470 1551 ἐδέξατο,
496 1458 726 1554 ἐμπρήσαντας
748 1458 785 1531 τὸ
804 1458 878 1551 ἱράν
894 1457 931 1531 τά
949 1457 987 1532 ἐν
1001 1456 1164 1532 Ἐλευσῖνι
1182 1457 1378 1552 άνάκτορον.

239 1562 333 1652 Αὕτη
350 1566 412 1654 μέν
429 1592 495 1636 νυν
511 1559 532 1652 ἡ
550 1561 636 1654 μάχη
655 1558 709 1633 ἐπὶ
726 1566 863 1634 τοσοῦτο
881 1559 1020 1652 ἐγένετο.

237 1760 380 1812 meridiem
398 1775 493 1812 verene
511 1761 545 1812 eb
563 1761 703 1823 Audeniu3
726 1761 780 1812 vid.
833 1763 936 1812 ueitetu
950 1766 992 1812 est
1004 1761 1105 1822 forme,
1126 1777 1206 1826 quum
1219 1761 1245 1811 h.
1259 1760 1277 1810 l.
1290 1761 1379 1812 Medi·

237 1830 349 1880 Leuke:
367 1829 483 1880 Trevele
496 1829 524 1878 in
536 1829 631 1878 Moreu
644 1829 665 1878 l.
683 1847 708 1894 p.
721 1829 780 1890 479,
833 1845 898 1880 oeus
915 1834 943 1879 et
955 1829 1130 1879 Florentinue
1146 1829 1218 1878 liber
1234 1843 1294 1879 eum
1313 1829 1380 1880 aliie

238 1897 364 1946 Curtius:
383 1897 566 1962 Peloponnes.
584 1896 621 1945 11.
640 1912 703 1960 pag.
726 1895 780 1946 136.
832 1898 957 1962 praebet.
987 1896 1164 1946 ESencrolti
1176 1897 1246 1946 libro
1259 1897 1379 1962 aliisque

240 1963 301 2026 1903
324 1964 394 2013 unde
418 1979 543 2027 campum
564 1962 781 2026 Stenyclerieum
833 1964 987 2029 Schweigh.
1007 1979 1067 2014 oum
1082 1963 1170 2014 Guiel.
1188 1964 1296 2028 recepit
1306 1954 1379 2014 άνα-

236 2036 341 2097 ponunt
358 2033 430 2082 iuter
446 2031 601 2082 Meuromnti
617 2035 645 2082 et
662 2031 736 2081 Κδαπ
754 2031 787 2094 os
833 2025 956 2094 κτόριοτ,
970 2047 1040 2096 quae
1051 2031 1139 2081 forme
1149 2031 1281 2082 adieetivi
1292 2033 1378 2082 etium

237 2100 350 2151 Seioua.
833 2101 930 2149 nititur
943 2099 1108 2150 auctoritate
1122 2097 1222 2148 Suidne
1241 2099 1273 2161 (1.
1286 2115 1313 2164 p.
1329 2098 1378 2148 167

832 2183 854 2216 e.
873 2183 899 2217 v.
916 2157 1049 2226 ἄνακτες)
1068 2171 1097 2215 et
1113 2166 1247 2230 Hesychii
1265 2167 1296 2216 T.
1310 2167 1332 2216 Ι.
1348 2183 1377 2232 p.

422 2267 592 2319 cmxv.
830 2233 1378 2366 illiniti?lituilzlllltl

269 2362 306 2430 ὥς
324 2361 493 2435 ἐτράποντο]
513 2369 531 2418 i.
551 2385 574 2420 e.
592 2371 617 2418 in
637 2369 782 2434 [κριτικοὶ
830 2385 889 2420 eum
907 2374 980 2428 erut,
1004 2383 1203 2434 supervacuum
1220 2368 1318 2420 heberi
1335 2369 1377 2420 in-

235 2444 352 2490 converei
372 2445 438 2489 eunt.
478 2437 597 2487 Verbum
622 2428 779 2501 ἐτράποντο
830 2436 1377 2502 dequeeiioidebent,tuuqnememer·

236 2523 284 2574 pro
302 2508 406 2556 norisio
423 2506 507 2556 medii
524 2505 622 2555 heberi
636 2505 695 2556 vult
706 2504 777 2556 liltz.
830 2505 919 2570 ginuli
929 2505 1023 2570 glossa
1034 2504 1177 2554 udeeitum.
1197 2503 1300 2556 Contra
1309 2505 1378 2555 Bro-

237 2574 361 2636 (Jahrbb.
375 2574 394 2623 l.
406 2573 541 2638 Philolog.
553 2572 646 2638 Suppl.
656 2573 704 2622 1x.
714 2589 777 2637 pag.
830 2572 910 2623 dovlo
923 2588 987 2637 pag.
1001 2569 1041 2621 30.
1055 2571 1087 2622 31
1106 2561 1268 2636 deuotoque
1285 2589 1319 2623 ox
1336 2574 1378 2622 in·

239 2641 309 2704 12¹2);
330 2639 455 2706 equidem
469 2656 528 2690 oum
543 2640 678 2690 Bredovio
690 2655 716 2704 p.
729 2638 780 2689 350
830 2643 1046 2705 terpretumento
1060 2638 1168 2689 illutum
1179 2639 1288 2690 videtur
1300 2640 1378 2690 inde-

235 2725 284 2774 pro
302 2707 465 2772 imperfecto
482 2708 585 2771 passivi
602 2707 706 2756 hebere
724 2722 780 2756 mu·
831 2723 883 2772 que
908 2705 1098 2772 expellendum
1121 2707 1180 2768 vel,
1211 2707 1281 2772 quod
1308 2707 1378 2758 feeit

236 2776 283 2824 lim
302 2781 385 2837 utque
399 2789 461 2823 eum
478 2775 507 2822 in
523 2773 630 2824 modum
647 2774 780 2839 interpre-
830 2775 970 2837 Dietech.‚
989 2775 1068 2824 uncie
1085 2773 1291 2834 iueludendum,
1314 2791 1377 2824 eum

236 2847 311 2890 tetus
334 2855 401 2890 eum.
440 2842 601 2890 Lentienem
625 2833 780 2905 ἐτράποντο
830 2841 988 2893 Herodotus
1005 2856 1138 2906 nusquam
1155 2841 1224 2892 olibi
1242 2841 1275 2891 de
1293 2841 1376 2892 Cere-

237 2907 635 3026 Siimlliilliii‘iiffifi
648 2907 779 2971 mmm*
831 2910 868 3028 ill
881 2909 983 3028 ‘llll
995 2907 1378 3040 illillillllilsslffi

270 3031 378 3092 οάδδκα
394 2991 500 3106 κόάμον
537 3041 617 3092 Oonf.
636 3041 724 3093 allatu
744 3043 780 3093 ιιδ
832 3013 969 3094 ιιδδίδοτίι
990 3045 1105 3110 ipseque
1128 3043 1271 3095 verborum
1289 2993 1375 3094 eollo-

236 3110 317 3170 vul,
335 3107 377 3158 60.
395 3111 419 3172 ξ.
437 3107 461 3160 3.
492 3109 571 3160 inire
589 3111 640 3170 IX,
658 3107 705 3160 66:
729 3103 779 3161 τὸν
830 3113 1016 3163 cetionomen
1030 3101 1375 3174 άνάκτορονπιαίοαδδί-

236 3167 326 3228 αάτὸν
342 3169 449 3242 κόσμον
460 3170 623 3243 κατηγέετο.
653 3177 695 3227 De
709 3195 778 3229 muro
830 3185 887 3230 tum
911 3195 973 3230 esee
997 3184 1104 3244 arguet.
1139 3179 1208 3229 Mihi
1229 3194 1319 3244 neque
1343 3173 1377 3230 τὸ

234 3251 317 3312 ligneo
329 3245 384 3296 vid.
397 3246 448 3308 lx,
469 3244 500 3296 15
518 3245 581 3296 eoll.
595 3244 628 3295 70
645 3247 719 3296 etde
734 3247 778 3297 Ge·
831 3241 907 3312 ῑρὸν,
927 3263 1015 3312 neque
1033 3239 1196 3310 α’νάκτοροκ
1212 3247 1313 3297 instem
1331 3263 1376 3298 eu-

234 3316 302 3365 rerle
315 3313 473 3378 temploIX,
488 3311 582 3364 5¹1.62.
829 3315 962 3380 apicianis
986 3331 1098 3365 euueem
1126 3315 1254 3380 praebet:
1284 3331 1375 3378 neque

268 3379 337 3444 περί
347 3395 377 3431 τε
389 3373 421 3431 τὸ
433 3374 496 3445 ι’ρὸκ
508 3375 538 3432 ol
548 3378 685 3445 πλεῖστοι]
703 3383 747 3432 lte
762 3397 777 3432 e
829 3385 901 3433 enim
914 3383 1054 3447 intelligo,
1068 3398 1115 3432 cur
1127 3374 1159 3432 τὸ
1172 3375 1248 3444 loon,
1263 3383 1335 3446 quod
1346 3383 1375 3433 in

236 3449 461 3502 eod.l!¹lorentiuo
472 3465 533 3499 cum
543 3454 657 3500 receutt.
665 3449 724 3499 edd.
732 3449 777 3499 de·
829 3450 932 3500 talibus
954 3450 1027 3500 houd
1049 3466 1112 3500 rere
1131 3449 1194 3500 eddi
1212 3449 1295 3511 solet,
1321 3449 1376 3501 hoe

234 3509 777 3582 dimus.Vulgntumneoiuiioiv,oluli
829 3517 891 3569 loco
919 3523 1077 3582 suspectum
1105 3517 1253 3577 habentur,
1283 3533 1375 3582 neque

234 3586 359 3636 πλεῖστοι
377 3587 550 3636 retinuerunt
564 3585 731 3636 Scheelerue
750 3589 778 3634 et
828 3602 871 3635 me
884 3585 999 3636 offendit
1010 3575 1172 3648 άνάκτορον
1184 3585 1306 3634 additum
1319 3600 1375 3636 non

234 3653 334 3703 Metth.
362 3653 399 3703 At
410 3655 560 3719 iunguntur
570 3653 621 3704 hoe
633 3653 695 3703 loco
708 3643 777 3703 niul
828 3654 888 3703 eine
906 3654 934 3703 vl
953 3653 1083 3718 quedem,
1104 3653 1174 3718 quod
1192 3653 1309 3702 maxime
1328 3668 1374 3702 eu·

235 3714 286 3776 εἷς
298 3745 330 3754 ·-
343 3734 390 3781 τε,
404 3721 482 3772 cuiue
494 3721 584 3772 simile
597 3721 662 3785 quid
674 3721 776 3785 reperi·
828 3737 903 3771 erum
919 3721 1003 3770 totius
1016 3720 1111 3785 templi
1129 3725 1234 3786 perlem
1246 3719 1376 3770 declaret

235 3801 294 3834 mue
303 3786 351 3844 Vl,
360 3785 377 3834 u
387 3786 525 3839 eollnott.
537 3789 623 3846 udVI,
632 3787 654 3837 l.
668 3787 777 3838 Gellius
828 3790 888 3840 eive
902 3789 1026 3851 ndytnm,
1040 3793 1071 3838 nt
1082 3793 1157 3838 reete
1171 3787 1309 3838 intellexit
1319 3787 1374 3837 Lo·

236 3851 287 3914 (Le
299 3851 392 3916 philol.
410 3853 458 3903 IV.
476 3871 540 3921 pag.
557 3853 608 3905 289
625 3855 694 3920 seq.)
712 3852 777 3918 περὶ
828 3856 909 3906 beck.
923 3855 951 3904 in
963 3855 1153 3921 Aglaophamo
1165 3871 1229 3920 pag.
1243 3853 1289 3915 003
1309 3855 1373 3904 ιιδδ.

235 3913 267 3968 τδ
279 3911 343 3981 ieie
360 3919 504 3986 iutelligit:
523 3925 587 3973 δοκι
604 3925 728 3973 Pe'teudue
745 3925 777 3973 δι
829 3923 860 3974 O.
872 3924 919 3973 Fr.
932 3923 1087 3974 Hermann:
1107 3921 1313 3974 Gottesdienstl.
1326 3921 1374 3971 Al-

234 3988 251 4036 i’
268 3987 378 4036 Hieron.
394 4013 426 4023 --
443 3989 484 4038 Ex
503 3991 597 4040 eodem
615 3989 777 4042 Florentino
828 3991 956 4042 terthiim.
975 3991 1001 4041 d.
1021 3990 1132 4041 Grieeh.
1155 3991 1179 4051 5.
1196 3989 1238 4040 55.
1256 3993 1310 4039 not.
1331 3989 1372 4039 lll.

235 4068 296 4102 mox
309 4053 372 4102 dedi
383 4044 500 4116 ἐδέξατο
511 4073 560 4121 pro
570 4049 693 4122 ἐδέκετο,
707 4058 778 4124 quod
829 4059 869 4109 Ae
881 4074 959 4109 nemo
972 4059 1075 4121 nescit,
1089 4051 1120 4108 τό
1133 4047 1296 4120 άνάκτορσν
1307 4073 1329 4106 e.
1340 4049 1375 4108 τὸ

236 4120 481 4186 postSeheelerum
491 4124 661 4176 retinuerunt
669 4126 778 4187 Manu,
828 4117 1001 4190 denuncietur
1012 4119 1090 4190 ἱερὸν
1099 4127 1158 4176 eive
1170 4118 1293 4175 etiami
1303 4115 1374 4174 α’νά-

235 4187 381 4238 Bekkerue
393 4193 422 4238 et
433 4205 505 4239 reec.
520 4190 581 4240 edd.
828 4208 908 4243 κειον
925 4193 972 4255 (ol.
986 4193 1173 4244 Hemeterhue.
1190 4197 1218 4242 et
1230 4192 1322 4243 Seleu.
1337 4193 1374 4242 ιιδ

269 4247 302 4304 τὸ
324 4248 388 4318 ἱρὸν
404 4249 437 4306 τὸ
453 4247 484 4306 ἐν
502 4251 640 4310 Ἐλευσῖνι
657 4250 776 4311 άνάκτο-
827 4262 946 4310 Lucien.
963 4261 1033 4310 Tim.
1047 4261 1089 4312 23.
1106 4277 1131 4326 p.
1146 4259 1204 4312 337.
1217 4259 1249 4309 Τ.
1261 4260 1283 4309 Ι.
1297 4260 1373 4325 Bip.)

237 4318 300 4390 ρον]
323 4323 413 4390 Vulgo
430 4314 603 4390 άνάκτορον,
623 4342 693 4392 quae
710 4343 776 4378 eune
828 4328 957 4393 templum
975 4327 1083 4379 Cereris
1099 4327 1261 4380 Eleusinion
1276 4329 1374 4378 vocari
