3040 4962
507 465 712 525 URANIA.
737 467 826 527 VIII.
852 475 982 530 33-δὸ.
1273 473 1313 532 47

168 639 328 706 Βοιωτῶν
348 637 384 706 δὲ
403 639 470 706 πᾶν
487 632 524 705 sd
542 639 671 724 πλῆθος
696 635 838 726 ἐμήδιζε·
874 635 931 718 τὰς
950 639 987 707 δὲ
1006 635 1100 718 πόλις
1125 635 1238 708 αὐτοῖν
1255 636 1312 710 ἅν·

169 743 249 826 δρες
268 735 467 818 Μακεδόνες
486 741 734 827 διατεταγμένοι
753 745 889 826 ἔσωζον,
913 735 979 808 ὑπὸ
995 735 1215 830 Ἀλεξάνδρου
1232 736 1312 810 ἀπο·

167 841 403 928 repetiverit
415 845 537 923 ἔσωζον
555 839 604 926 δέ,
622 843 703 928 τῇδε
718 839 917 930 βουλόμενοι
937 845 1039 929 δῆλον
1057 843 1182 911 ποιέειν
1193 845 1311 932 Ξέρξη,

166 936 219 1010 ὅτι
236 937 277 1010 sd
296 938 428 1028 Μήδων
445 943 585 1010 Βοιωτοὶ
602 944 786 1030 φρονέοιεν.
831 931 924 1011 οὗτοι
942 944 1005 1032 μὲν
1032 940 1073 1030 δὴ
1100 945 1168 1013 τοῖν
1186 942 1311 1034 βαρβά-

167 1071 240 1132 ρων
258 1040 362 1132 ταύτῃ
383 1039 571 1132 ἐτράποντο.

236 1141 348 1214 ’Ἄλλοι
369 1144 405 1212 δὲ
423 1139 551 1232 αὐτων,
569 1137 731 1232 ἡγεμόνας
750 1149 895 1234 ἔχοντες,
924 1139 1072 1234 ὁρμέατο
1092 1148 1144 1214 ἐπὶ
1162 1143 1199 1216 sd
1218 1143 1357 1236 έερόν35

165 1241 204 1314 τὸ
224 1248 260 1314 ἐν
278 1254 459 1334 Δελφοῖσι,
479 1248 515 1314 ἐν
534 1248 627 1334 δεξιῇ
643 1242 701 1314 τὸν
719 1243 924 1336 Παρνησσὸν
941 1243 1150 1336 ἀπέργοντες.
1191 1242 1253 1317 ὅσα
1273 1250 1311 1318 δὲ

165 1349 223 1415 καὶ
242 1335 334 1416 οὗτοι
354 1349 492 1436 ἐπέσχον
508 1349 566 1434 τῆς
585 1353 753 1435 Φωκίδος,
782 1345 890 1417 πάντα
909 1346 1146 1438 ἐσιναμώρεον
1174 1351 1229 1418 καὶ
1247 1347 1311 1440 γαρ

164 1451 236 1517 πων
253 1449 440 1518 Πανοπέων
457 1445 519 1535 τὴν
537 1445 635 1517 πόλιν
654 1451 840 1538 ἐνέπρησαν
858 1451 912 1518 καὶ
931 1457 1093 1519 Δαυλίων
1116 1453 1171 1520 κοιλ
1199 1457 1310 1521 Αἰολι-

166 1553 263 1620 δέων.
305 1545 521 1640 Ἐπορεύοντο
547 1550 583 1618 δὲ
601 1547 704 1639 ταύτῃ
723 1546 982 1640 ἀποσχισθέντες
1005 1554 1062 1638 τῆς
1088 1549 1188 1640 ἄλλης
1213 1573 1309 1643 σιρα-

164 1715 271 1776 suevit3
294 1730 345 1764 uec
368 1714 451 1764 uliter
468 1714 710 1780 Schweighaeuse-

163 1797 211 1832 rus
224 1783 343 1846 itemque
357 1783 526 1832 recentiores
538 1783 657 1832 editores
671 1785 711 1832 in·

164 1849 199 1900 de
214 1866 231 1899 a
244 1849 385 1910 Bekker03
406 1841 419 1900 έ
425 1865 439 1907 ς
451 1845 513 1915 τὴν
522 1840 711 1915 Ὀρχομενίων

164 1917 273 1983 placuit
289 1918 408 1967 scribere
427 1917 558 1968 Elrnsleio
577 1920 655 1977 (Add.
676 1919 711 1968 ad

164 1985 290 2050 Euripid.
304 1985 416 2034 llerscl.
434 1985 488 2034 ttt.
502 2001 565 2050 pag.
578 1985 636 2048 65),
662 1987 711 2036 sed

163 2053 335 2102 Herodotum
344 2067 438 2102 rocem
450 2051 504 2119 γῆν
516 2053 595 2102 iubis
609 2053 710 2103 addere

163 2121 313 2170 ostendunt
325 2120 380 2170 loci
392 2121 412 2180 l,
423 2120 465 2170 λδ.
478 2120 533 2170 λλδ.
548 2122 594 2183 1v‚
609 2121 646 2182 ts,
662 2121 711 2170 elii

164 2205 181 2238 a
199 2189 336 2238 Bredovio
354 2188 442 2238 allati.
484 2188 598 2254 Colligit
619 2195 709 2238 auteur

161 2256 216 2306 hoe
236 2271 269 2305 ex
287 2256 346 2306 loco
360 2256 390 2304 O.
405 2257 437 2306 O.
452 2255 581 2306 Mueller:
608 2256 710 2307 Orcho·

162 2337 313 2442 bitti·
327 2323 711 2456 ititittttttttstt

163 2465 268 2509 terrum
286 2475 368 2525 supra
381 2459 543 2524 cephissum
561 2460 646 2510 luisse
664 2475 709 2510 ex·

162 2533 281 2577 tensum.

198 2593 330 2645 Βοιωτῶν
347 2587 379 2646 δὲ
396 2593 457 2645 πᾶν
473 2589 504 2646 ιδ
517 2594 632 2661 πλῆθος
645 2583 711 2661 έμή-

163 2661 234 2728 διζι]
263 2661 324 2713 ποίν
348 2656 514 2729 τόπλῆθος
543 2663 626 2728 vulgo
651 2665 710 2712 red-

163 2731 250 2780 ditur:
273 2735 391 2781 uniuerso
412 2733 555 2789 acerrumo,-
584 2731 711 2795 equidem

161 2798 237 2848 haud
250 2799 309 2848 scio
322 2815 357 2848 an
370 2799 396 2848 h.
407 2799 424 2849 l.
436 2798 494 2849 ποῖν
507 2795 538 2849 τὸ
550 2797 664 2864 πλῆθος
677 2799 710 2848 δε

159 2868 414 2932 pietepotissimum
424 2866 650 2932 intelligaturtci.
658 2867 708 2928 ΙΙΙ,

160 2933 193 2982 81
209 2935 303 3000 ibique
315 2935 395 2998 nott.)
414 2951 463 3000 per
479 2950 561 3000 agros
574 2935 710 2998 disperso,

163 3018 236 3066 quse
253 3003 317 3053 inde
336 3004 481 3068 opponitur
502 3003 653 3052 multitudini
670 3017 710 3050 ur·

161 3071 246 3119 dorne
259 3071 317 3120 sire
330 3071 379 3133 iis,
399 3071 445 3134 qui
463 3072 492 3120 in
504 3069 618 3119 urbibus
632 3069 710 3118 babi-

162 3137 278 3187 tabunt:
292 3139 374 3188 urbes
384 3143 473 3188 autern
482 3139 643 3188 Boeotorum
654 3139 711 3186 Mo-

163 3205 285 3255 cedones
297 3205 400 3255 milites
414 3199 631 3270 διατεταγμένοι
644 3205 674 3266 (i.
686 3221 709 3254 e.

160 3289 213 3338 per
224 3277 323 3338 siuputa
333 3275 431 3338 oppida
442 3275 571 3337 dispositi,
585 3272 711 3336 collocate)

163 3335 277 3405 ἔσωζον,
291 3342 309 3390 i.
324 3357 348 3391 e.
361 3348 430 3390 tutae
441 3341 577 3390 servabunt
591 3341 625 3390 ab
638 3339 712 3392 omui

161 3409 311 3458 Persarum
324 3409 479 3459 incursione
497 3424 530 3458 ac
543 3409 709 3458 vastatione.

164 3501 193 3512 —
214 3477 255 3534 Ad
273 3476 439 3527 locutionem
457 3469 491 3525 ed
510 3469 622 3540 Μήδων
639 3491 710 3540 (poor

161 3546 227 3594 νεῖν
239 3545 312 3594 coni.
326 3549 394 3595 nott.
409 3544 443 3594 ud
456 3545 521 3606 Vll,
538 3543 593 3593 lto.

339 3713 405 3764 Cer.
424 3713 533 3764 XXXV.

196 3805 381 3880 α’πέργσντες]
395 3816 413 3864 i.
422 3832 446 3866 e.
454 3816 608 3865 Parnassum
618 3831 634 3864 o
646 3817 709 3866 διω-

160 3890 205 3932 tro
223 3887 403 3950 relinquentes.
426 3883 500 3944 ¹Vid.
514 3888 583 3933 nott.
601 3883 635 3932 ud
648 3883 708 3942 VII,

163 3950 221 4000 109.
249 3951 290 4000 Ad
303 3952 416 4000 verbum
429 3942 620 4016 έσιναμώρεον
634 3951 707 4001 conf.

162 4024 232 4068 nott.
251 4019 286 4068 nd
298 4020 324 4075 l,
343 4019 396 4067 15².
433 4019 590 4083 Hesychius
608 4019 628 4068 l.
643 4035 708 4084 pag.

148 4096 152 4104 ’
165 4085 244 4136 1458:
258 4077 468 4152 έσιναμωρενον
478 4087 554 4150 (sic),
569 4077 707 4136 ἐσίνοντο.

161 4155 195 4203 ln
218 4153 312 4204 verbis
337 4155 459 4220 proxime
482 4155 711 4204 antecedentibus

164 4222 199 4270 ad
212 4212 341 4286 αἱρμέαιο
355 4221 409 4271 νίδ.
419 4227 487 4272 nott.
500 4222 534 4271 ad
548 4222 624 4284 Vlll‚
637 4221 670 4271 25
684 4227 713 4271 et

164 4288 199 4338 ιδ
213 4281 335 4352 ἐπέσχον
348 4293 416 4338 nott.
431 4290 464 4338 ad
479 4288 609 4347 vt11‚32.

198 4351 247 4406 ναὶ
259 4355 395 4406 Δαυλίων
407 4355 455 4405 καὶ
466 4351 631 4421 Αἰολιδέων]
645 4357 711 4406 Ροι-

166 4437 214 4474 sau
234 4424 356 4492 Delphos
380 4425 501 4490 proiecti
518 4429 582 4475 sunt
605 4426 639 4474 et
656 4425 710 4486 vit,

764 1730 835 1778 quae
846 1721 943 1781 postea
956 1731 1062 1781 quoque
1074 1717 1236 1768 Chaeroucrt
1246 1718 1310 1768 Del-

762 1783 830 1848 phos
843 1785 975 1846 ducebat,
990 1785 1018 1833 in
1029 1786 1122 1835 Krusii
1132 1801 1232 1850 mappa
1245 1802 1310 1851 [geo-

763 1851 899 1917 graphica
911 1858 1043 1902 accurate
1054 1853 1203 1902 delineata.
1223 1855 1245 1903 l}
1256 1855 1310 1904 Pu-

762 1921 923 1983 nopensiurn
936 1921 1021 1985 igitur
1031 1937 1097 1986 agro
1107 1923 1245 1986 progressi
1255 1923 1311 1987 pri·

763 2001 835 2035 mum
847 1993 984 2037 venerunt
1003 1989 1031 2036 in
1044 1991 1191 2038 Horatiorum
1205 1990 1307 2050 urbem,

763 2069 833 2118 quae
847 2055 882 2103 ab
896 2055 961 2104 eliis
974 2062 1090 2105 vocetur
1101 2052 1211 2114 Δανλλς
1223 2056 1308 2118 (coni.

762 2121 873 2171 Homer.
892 2123 936 2172 Ili.
954 2123 995 2185 ll,
1014 2125 1089 2186 520),
1117 2129 1257 2174 exstructa
1281 2128 1310 2173 in

763 2203 829 2238 saxo
860 2191 1021 2255 praecipiti,
1052 2193 1100 2240 scd
1129 2191 1201 2240 bello
1229 2207 1309 2240 sucro

763 2272 869 2306 eversu.
905 2258 1002 2306 Adhuc
1016 2274 1101 2322 prope
1119 2259 1221 2307 veteris
1234 2259 1309 2308 urbis
1376 2265 1382 2276 '

762 2325 896 2388 reliquias
920 2326 1060 2374 invenitur
1083 2327 1174 2384 vicus,
1199 2327 1307 2374 nornine

762 2393 856 2441 Boutta
873 2408 894 2442 s.
912 2383 930 2457 ἡ
948 2385 1075 2441 Δαύλεια
1095 2393 1230 2454 (θδωλλα),·
1253 2394 1308 2444 vid.

762 2459 885 2508 Ulrichs:
905 2460 1007 2508 lteisen
1020 2475 1045 2508 ιι.
1061 2459 1174 2509 Forsch.
1188 2460 1217 2508 in
1230 2460 1308 2510 Grio-

765 2526 902 2576 eherrlnnd
913 2527 934 2575 l.
944 2543 969 2591 p.
983 2526 1030 2575 148
1039 2542 1115 2592 seqq.
1127 2527 1184 2589 too,
1198 2527 1309 2578 Leuke:

763 2595 880 2644 'Provels
897 2596 926 2643 in
942 2594 1036 2644 North.
1057 2595 1162 2644 Grceco
1180 2595 1215 2644 ll.
1235 2611 1260 2660 p.
1276 2593 1310 2645 98

763 2677 854 2727 seqq.‚
873 2669 937 2712 ante
951 2678 1018 2726 quos
1030 2663 1084 2712 iarn
1098 2663 1130 2711 δο
1144 2662 1195 2712 hoc
1209 2663 1309 2728 oppido

763 2737 946 2795 exposuerunt
964 2730 993 2780 C.
1008 2730 1040 2780 Ο.
1054 2730 1183 2780 Mueller:
1203 2731 1308 2780 Orcho-

763 2813 834 2847 rnen.
847 2799 965 2863 papilii
977 2803 1005 2848 et
1016 2799 1103 2848 Kruse
1117 2799 1151 2854 ll,
1164 2799 1190 2847 2.
1202 2797 1308 2863 pag.60

762 2880 820 2929 seq.
859 2867 986 2915 Veterum
998 2865 1074 2916 locos
1087 2866 1201 2916 exbibet
1214 2866 1309 2916 Forhi·

762 2949 824 2998 ger:
844 2933 953 2982 chdb.
972 2933 998 2983 δ.
1020 2934 1069 2983 alt.
1084 2933 1240 2999 Geogrspb.
1257 2935 1308 2986 111.

762 3017 788 3064 p.
802 2999 862 3049 913.
881 3000 1020 3051 Observst
1031 3001 1165 3052 Dodwcll.
1182 3003 1209 3050 in
1225 3015 1308 3066 opere

762 3068 967 3133 supralaudato
978 3085 1040 3136 pag.
1047 3070 1089 3130 λλ,
1097 3070 1144 3119 ubi
1155 3069 1212 3118 tab.
1220 3070 1309 3120 xntv

763 3142 791 3186 et
800 3137 875 3186 xtv
885 3151 1020 3186 murorum
1031 3139 1105 3186 arcis
1117 3136 1249 3201 reliquiar
1263 3152 1309 3186 ex·

762 3204 864 3264 hibuit,
897 3205 965 3254 dune
989 3204 1069 3254 huius
1093 3205 1149 3254 vici
1173 3204 1308 3254 ecclesias

763 3272 910 3320 marimum
923 3277 1030 3336 purtem
1044 3288 1058 3322 e
1071 3274 1174 3322 veteris
1187 3271 1307 3322 Deuites

763 3339 901 3404 lapidibus
930 3355 989 3389 esse
1020 3344 1201 3390 constructae.
1248 3339 1307 3390 laur

761 3407 882 3456 Daulide
911 3408 1029 3471 profecti
1057 3412 1204 3470 monteque
1228 3421 1307 3470 supe-

762 3479 822 3524 rato
839 3475 874 3524 ad
887 3476 985 3525 I‘leisti
1003 3477 1107 3525 iontem
1124 3475 1228 3522 Persae
1247 3489 1308 3538 per·
1354 3526 1356 3528 ,

761 3549 909 3603 venerunt,
934 3544 1005 3593 unde
1030 3541 1153 3592 nonnihil
1175 3547 1307 3591 remotum

761 3611 942 3676 probabiliter
964 3611 1046 3660 situm
1069 3610 1122 3659 fnit
1142 3609 1307 3660 Aeolidorum

761 3679 889 3744 oppidum
904 3694 936 3728 eo
950 3679 1007 3728 lere
1020 3678 1091 3740 loco,
1105 3693 1157 3743 qun
1170 3693 1242 3726 nunc
1256 3679 1308 3727 rui-

760 3746 1308 3864 ‘tttitttttitttltbttt

761 3885 838 3940 nice,
853 3898 870 3931 n
887 3882 1029 3933 Dodwello
1049 3883 1149 3932 Zimeno
1174 3897 1195 3932 s.
1217 3883 1308 3933 Poloio

762 3950 898 4012 Araoobo,
918 3951 962 3998 cui
979 3953 1131 4000 assentitur
1147 3951 1236 4000 Kruee
1253 3950 1271 3999 l.
1289 3951 1307 4001 l.

762 4033 825 4082 pag.
844 4015 887 4069 64.
904 4016 951 4077 65;
975 4019 1023 4068 sod
1043 4017 1151 4067 Ulricbs
1169 4018 1187 4066 l.
1206 4017 1223 4066 l.
1243 4034 1307 4082 pag.

765 4085 820 4134 tls).
838 4085 885 4134 146
897 4085 994 4134 scribit
1005 4085 1055 4134 has
1068 4087 1175 4146 ruinas,
1196 4100 1265 4149 quae
1280 4089 1308 4134 in

765 4153 835 4202 colle
853 4153 948 4202 iacent
966 4158 994 4202 et
1006 4153 1094 4202 adhuc
1107 4168 1154 4218 pro
1167 4169 1241 4202 more
1254 4153 1306 4202 Pu·

763 4224 819 4270 laeo
837 4227 923 4270 castro
946 4225 1092 4282 vocantur,
1117 4221 1198 4270 unius
1221 4222 1307 4270 ternio

764 4289 847 4338 horne
865 4289 965 4337 itincre
980 4293 1100 4338 remotas
1113 4304 1129 4336 e
1143 4289 1307 4338 recentioris

765 4357 866 4406 aetatis
883 4356 950 4406 urbe
969 4355 1119 4414 Ανδελοδα,
1138 4355 1182 4405 vel
1201 4357 1236 4406 ad
1254 4355 1306 4419 cy-

762 4426 898 4489 parissum
919 4423 964 4476 vel
982 4425 1017 4474 ad
1033 4423 1208 4475 Aeoliderum
1229 4425 1306 4490 oppi-
