3066 4964
236 417 298 478 402
646 413 960 478 OOMMEN'PATIO

298 587 325 638 8.
342 585 505 656 Herodotus,
522 585 716 658 philosophus,
739 587 786 658 qni
809 588 843 642 de
857 585 973 656 Epicuri
994 585 1178 639 adolescentia
1202 583 1279 658 (περὶ
1301 580 1374 641 Ἐπι-

362 664 466 738 κούροο
483 665 626 742 ἐφηβείας)
648 679 676 725 et
689 674 810 726 fortusse
829 671 909 725 etiarn
930 670 964 724 de
982 669 1095 740 Epicuri
1117 670 1236 723 decretis
1250 671 1372 742 scripsit,

362 755 502 826 idemque,
521 763 553 807 ut
569 756 695 826 videtur,
716 757 750 809 ad
771 775 850 827 quern
873 755 983 825 primam
998 754 1149 824 Epistolam
1171 756 1284 825 scripsit
1303 756 1373 826 Epi-

363 857 464 906 curus,
479 840 535 892 vid.
552 841 669 910 Diogen.
685 843 779 896 Leirt.
794 841 828 908 X,
842 844 869 895 3.
884 845 910 906 S.
927 844 943 892 4
959 847 988 892 et
1000 843 1043 894 29.

296 927 322 978 9.
338 926 501 994 Herodotus,
534 925 679 996 Olophyxo
701 928 750 999 (in
776 925 915 993 Thracia)
941 924 1088 988 oriundus,
1124 923 1245 978 incertae
1274 924 1373 977 aetatis

362 1017 473 1077 auctor,
497 1011 545 1080 qui
568 1017 639 1064 teste
654 1010 794 1082 Stephano
809 1009 964 1078 Byzantius
987 1028 1010 1062 s.
1030 1027 1054 1061 v.
1072 999 1225 1076 Ὀλόφυξος
1245 1010 1279 1063 de
1297 1027 1373 1077 nym-

362 1095 424 1166 phis
440 1113 471 1146 ec
484 1095 537 1147 diis
555 1095 681 1165 scripsitt
703 1095 776 1148 unde
797 1094 891 1164 glossa
913 1093 1026 1164 irrepsit
1046 1094 1074 1146 in
1089 1094 1200 1146 Suidem
1218 1113 1242 1146 s.
1258 1087 1373 1148 ν.”01.ο’-

362 1180 445 1248 φοξις
461 1179 513 1250 (ll.
527 1199 554 1250 p.
571 1183 624 1234 080
638 1179 681 1233 ed.
697 1180 833 1248 idioten),
851 1196 924 1232 nunc
939 1179 1026 1232 eiecta
1040 1197 1056 1230 a
1068 1179 1266 1247 Bernhardy03
1280 1180 1373 1233 eedem

361 1265 424 1318 inde
448 1264 528 1317 hahet
542 1265 706 1318 Eustathias
726 1265 760 1318 ad
778 1264 858 1317 Ilied.
882 1265 913 1330 V,
937 1265 998 1319 083.
1028 1263 1061 1316 In
1084 1263 1239 1317 Germanici
1261 1263 1373 1318 scholiis

361 1350 444 1402 huius
466 1349 602 1403 Herodoti
626 1349 725 1404 mentio
749 1367 860 1420 quoque
892 1350 938 1416 lit3
965 1349 1019 1402 vid.
1045 1349 1174 1418 Breysig.
1199 1349 1241 1401 De
1267 1349 1373 1418 Nigidii

361 1437 482 1502 lragmm.
499 1435 634 1504 (Berolin.
651 1435 732 1502 1854)
743 1453 806 1505 pag.
822 1439 847 1490 9.

278 1523 320 1574 10.
336 1521 484 1574 Herodotus
495 1519 655 1592 Tarsensis,
669 1520 859 1590 philosophus,
875 1518 951 1572 Ariei
961 1516 1044 1585 filius,
1060 1517 1138 1570 Sexti
1148 1517 1279 1587 Empirici
1292 1535 1372 1587 prae·

361 1611 465 1674 ceptor,
480 1611 552 1658 teste
566 1605 691 1674 Diogene
705 1606 817 1658 Laertio
833 1604 880 1671 IX,
900 1606 940 1672 12,
957 1608 972 1656 7
989 1606 1027 1672 (ς.
1049 1603 1126 1670 110);
1142 1602 1214 1654 unde
1229 1602 1358 1656 diversus

278 1694 318 1743 ll.
334 1690 499 1760 Herodotus,
522 1689 599 1742 Sexti
625 1689 830 1743 Chaeronensis
854 1695 1030 1759 praeceptor,
1051 1685 1298 1757 Philadelpbenus3
1323 1689 1371 1759 qui

360 1775 463 1828 Sextus
482 1791 541 1827 curn
556 1774 643 1828 Marci
658 1774 791 1827 Antonini
806 1781 895 1827 aetate
910 1772 1040 1826 floruisse
1054 1772 1247 1841 perhibentur,
1262 1770 1372 1825 Plutar-

361 1860 403 1912 chi
419 1853 601 1927 ἀδελφιδοῦς,
623 1859 687 1910 inde
709 1859 790 1912 huius
806 1874 917 1930 quoque
931 1856 1066 1910 Herodoti
1080 1869 1157 1910 netas
1176 1857 1371 1926 quodammodo

360 1943 492 1996 constitui
504 1943 622 2013 poterit,
638 1943 694 1995 vid.
710 1943 810 1997 Suides
825 1962 849 1998 s.
867 1961 893 1997 v.
911 1939 1020 2007 Σέξτον
1031 1941 1066 1996 Τ.
1083 1942 1136 1996 III.
1159 1960 1187 2012 p.
1205 1944 1256 1996 299
1277 1941 1372 2011 ibique

361 2029 465 2082 liniator
481 2029 533 2100 (II,
550 2033 576 2082 2.
592 2045 655 2097 pag.
672 2033 724 2081 214
740 2029 783 2083 ed.
796 2027 981 2094 Bernhardy).

279 2117 320 2169 ta.
335 2115 497 2180 Herodotus,
514 2113 634 2166 medicus
650 2131 665 2166 e
680 2113 913 2168 Pneumaticorum
928 2111 1035 2179 schole,
1061 2109 1213 2181 discipulus
1229 2110 1370 2180 Athenaei,

361 2197 511 2250 Attalensis
535 2197 644 2270 Cilicis,
674 2197 808 2251 Hadriani
832 2197 1001 2268 temporibus
1027 2197 1130 2250 vixisse
1157 2201 1185 2248 et
1213 2195 1371 2248 medicinam

361 2283 460 2336 Romae
476 2282 633 2336 exercuisse
649 2283 772 2349 videtur,
790 2283 901 2352 scriptis
918 2281 1103 2351 compluribus
1117 2281 1237 2348 insignis
1250 2281 1371 2351 indeque

365 2367 501 2420 oGaleno
517 2367 643 2438 pluribus
657 2367 724 2420 locis
740 2367 840 2420 citatus
856 2367 926 2438 (vid.
944 2367 1021 2420 modo
1038 2366 1084 2418 VI.
1097 2383 1124 2436 p.
1139 2369 1200 2420 175.
1216 2365 1249 2418 X.
1265 2384 1291 2436 p.
1308 2371 1369 2420 474.

359 2451 408 2506 XI.
420 2455 481 2507 432.
494 2457 554 2505 442.
566 2451 713 2507 44311111.
727 2471 754 2522 p.
763 2455 823 2508 788.
836 2452 969 2506 80111111
977 2470 1005 2521 p.
1015 2450 1114 2506 astet.
1128 2451 1323 2520 lltihn.)atque
1335 2451 1370 2502 ab

361 2537 489 2590 Oribnsio
506 2554 616 2606 quoque
632 2536 788 2605 exscriptus
804 2535 932 2604 (Collect.
947 2536 981 2604 X,
1002 2538 1048 2590 37=
1069 2533 1132 2604 napi
1153 2536 1201 2604 τῆς
1220 2532 1259 2596 εἰς
1277 2531 1371 2588 ἔλαιον

360 2615 513 2694 duplisona·
540 2615 569 2674 le
584 2621 640 2674 cois
657 2614 862 2689 Ἡροδότου·
886 2615 916 2676 ἐκ
934 2621 982 2674 τοῦ
1000 2618 1069 2689 Περὶ
1084 2621 1139 2674 roiv
1160 2617 1267 2686 ἔξωθεν
1286 2638 1371 2689 ποοσ-

359 2700 519 2760 κιπτόντων
533 2699 750 2776 βοηθημάτων),
767 2707 839 2758 coni.
854 2706 973 2758 Fabricii
987 2705 1059 2760 Bibl.
1075 2706 1174 2758 Graec.
1190 2705 1265 2760 XIII.
1278 2724 1304 2775 p.
1319 2708 1370 2758 184

362 2791 405 2846 ed.
422 2790 511 2860 prim,
524 2789 674 2859 Sprengel=
689 2790 790 2844 Gesch.
808 2789 834 2842 d.
852 2790 1047 2844 Arzueiltunde
1063 2790 1090 2842 ll
1105 2807 1132 2859 p.
1159 2793 1215 2858 124,
1228 2790 1370 2843 fflecker:

362 2875 464 2927 Gesch.
481 2875 507 2929 d.
523 2873 680 2926 Heilltunde
694 2874 716 2926 I.
734 2892 761 2943 p.
777 2879 837 2934 461.
851 2874 888 2928 11.
901 2893 929 2945 p.
942 2878 984 2941 07,
1002 2874 1109 2928 Hellen
1126 2875 1255 2928 Biblioth.
1268 2877 1369 2930 Boten.

360 2959 382 3014 I.
399 2977 427 3028 p.
452 2962 495 3026 90,
511 2965 539 3010 et
555 2958 610 3010 vid.
632 2975 703 3028 quae
717 2959 815 3012 abhoc
829 2960 970 3012 Herodoto
985 2959 1087 3028 scriptu
1107 2961 1236 3012 feruntur
1250 2960 1292 3012 in:
1308 2959 1370 3012 ille·

360 3044 481 3096 dicorum
501 3042 562 3094 XXI
581 3049 648 3096 vett.
666 3051 694 3096 et
708 3044 788 3097 clerr.
806 3045 974 3098 Graecorum
994 3043 1069 3096 varie
1090 3044 1236 3116 opuscula,
1256 3045 1298 3097 ed.
1315 3045 1368 3098 Ch.

362 3129 393 3180 It'.
413 3129 447 3181 de
461 3127 601 3180 Itlatth‘aei.
622 3127 757 3198 Musquae
779 3132 855 3183 1808.
884 3129 941 3193 Qui
962 3129 1121 3182 Herodotus
1141 3146 1203 3182 num
1218 3137 1314 3182 auctor
1331 3129 1372 3181 sit

361 3213 431 3281 libri,
448 3213 496 3283 qui
511 3212 671 3266 inscribitur
685 3207 700 3268 b
714 3208 806 3283 ἰατρὸς
819 3216 866 3284 (cs.
884 3214 983 3269 Galen.
1000 3213 1034 3268 V.
1049 3231 1076 3282 p.
1090 3217 1139 3268 412
1159 3214 1243 3268 eth.
1260 3233 1287 3284 p.
1308 3217 1370 3270 109.

359 3301 432 3368 355),
447 3315 481 3350 an
498 3297 568 3350 alius
583 3299 617 3351 ab
632 3299 682 3352 hoe
697 3299 825 3352 diversus
837 3300 1006 3367 Herodotus,
1021 3299 1175 3368 ambigitur,
1191 3299 1310 3370 itemque
1325 3299 1370 3352 in-

359 3391 476 3446 certum,
498 3399 560 3435 num
571 3383 641 3437 idem
657 3385 702 3452 sit,
719 3385 766 3453 qui
777 3384 904 3452 libellum,
921 3386 993 3437 inter
1015 3383 1113 3436 Galeni
1129 3401 1212 3452 opera
1229 3392 1371 3454 receptum

359 3469 409 3540 (T.
421 3467 494 3521 XIV.
515 3486 543 3538 p.
566 3471 618 3524 014
635 3471 729 3540 seqq.)
744 3477 772 3522 et
790 3470 952 3540 inscriptum
971 3463 1116 3538 Εἰσαγωγὴ
1135 3459 1274 3540 ἢίατρύς,
1296 3487 1369 3522 com-

358 3553 485 3624 posuerit
507 3561 590 3624 atque
619 3554 739 3608 eiusdem
765 3555 865 3608 Galeni
887 3553 1001 3608 alterum
1022 3553 1131 3618 librum,
1164 3555 1213 3625 qui
1239 3553 1367 3607 inscribi-

359 3645 406 3692 tur
418 3629 480 3706 ὅροι
501 3635 621 3708 lurqtuol
636 3639 683 3704 (T.
700 3638 771 3693 XIX.
790 3659 818 3710 p.
834 3639 909 3708 450),
925 3657 1022 3693 revere
1038 3639 1190 3710 scripserit.

282 3726 322 3778 13.
340 3725 497 3789 Herodotus,
514 3723 660 3776 Menandri
676 3723 845 3778 Protectoris
861 3727 955 3792 irater,
977 3725 1025 3794 qui
1039 3725 1090 3778 suh
1105 3724 1235 3778 Mauritio
1251 3725 1368 3796 impera-

361 3817 422 3861 tore
442 3807 580 3860 historiam
600 3807 663 3861 inde
682 3809 716 3862 ab
732 3809 880 3877 Aegathise
896 3815 981 3863 morte
996 3809 1168 3879 conscripsit,
1194 3815 1265 3862 teste
1279 3809 1368 3862 Suida

360 3913 383 3946 s.
401 3911 427 3944 v.
447 3889 612 3960 Μένανδρος
632 3891 670 3946 II.
692 3913 719 3964 p.
742 3895 790 3948 531
815 3913 838 3946 s.
853 3895 890 3948 II.
909 3899 931 3948 l.
948 3912 975 3964 p.
993 3897 1045 3947 780
1060 3895 1160 3948 Bernh.
1183 3893 1243 3946 coll.
1265 3893 1370 3951 Codin.

359 3977 400 4030 De
414 3977 483 4046 orig,
501 3977 646 4032 Constant.
663 3979 759 4048 (Corp.
776 3977 892 4046 Byzout.
911 3977 947 4032 T.
960 3979 1017 4031 XX.
1035 3999 1060 4050 p.
1077 3979 1159 4048 26)ο1
1172 3979 1264 4036 illalel.
1277 3979 1368 4032 Chro-

361 4061 414 4113 nic.
433 4061 454 4115 l.
469 4079 496 4130 p.
515 4064 575 4116 200.
605 4063 772 4130 wesseling.
792 4062 867 4116 Dies.
884 4063 1017 4115 Herodot.
1035 4083 1061 4134 p.
1078 4067 1104 4119 5.

279 4149 316 4206 14,
332 4145 476 4215 Frequens
495 4147 623 4201 Herodoti
639 4164 734 4200 nomeu
751 4149 870 4200 occurrit
889 4147 916 4200 in
942 4146 1169 4217 inscriptionibus
1189 4149 1310 4212 Grnecb3
1329 4150 1368 4202 le-

363 4231 438 4300 gitur
459 4223 607 4299 Ἡρόδοτος
634 4231 662 4283 in
686 4231 799 4284 Locrica
820 4231 1013 4300 inscriptione:
1033 4233 1089 4288 vid.
1114 4233 1199 4304 Corp.
1221 4234 1368 4304 inscriptt.

362 4333 404 4367 nr.
422 4317 488 4368 1154
502 4315 577 4384 (Vol.
597 4333 659 4385 pag.
674 4315 749 4384 850),
763 4315 882 4388 itemque
896 4309 1052 4386 Ἡρόδοτος,
1070 4317 1212 4371 Menodoti
1230 4318 1314 4388 lilius,
1338 4320 1367 4372 iu

359 4398 429 4449 'I'ein
455 4397 634 4467 inscriptione
661 4400 727 4452 ibid.
753 4417 795 4453 nr.
821 4403 888 4455 3052
915 4401 989 4468 (Vol.
1016 4401 1052 4457 Il.
1069 4421 1097 4472 p.
1115 4403 1197 4470 030);
1214 4397 1369 4472 Ἡρόδοτος
