3074 4960
539 475 748 536 URANIA.
772 475 862 536 VIII.
884 485 927 540 76.

1242 483 1303 542 115

158 653 275 736 νυχίης
294 644 401 716 πάντα
424 643 482 716 τὸν
500 641 654 734 πορθμὸν
671 649 746 735 τῇσι
763 655 872 734 νηυσί.
898 648 1005 717 τοῖνδε
1024 647 1061 716 bl
1080 653 1208 719 εἵνεκεν
1224 643 1303 736 arr]-

157 777 219 836 γον
236 745 293 829 τὰς
310 751 405 836 νέας,
424 753 481 818 ἵνα
500 743 541 835 δὴ
558 742 786 835 τοϊσιἝλληοι
804 748 888 836 μηδὲ
906 764 1031 837 φυγεῖν
1049 751 1116 838 ἐξῇ,
1135 745 1209 818 oltt’
1224 745 1303 820 ἄτιο-

157 853 368 939 λαμφθέντες
403 853 440 919 ἐν
462 851 504 938 τῇ
525 857 693 937 Σαλαμῖνι
721 855 812 920 δοῖεν
829 856 917 920 τίσιν
942 853 1010 920 τοῖν
1037 846 1090 919 ἐπ’
1111 846 1303 943 Ἀρτεμισίῳ

157 947 406 1040 ἀγωνισμάτων.
450 953 481 1031 ἐς
501 952 538 1020 δὲ
560 947 622 1038 τήν
645 956 766 1038 νησίδα
790 948 851 1039 τὴν
872 949 1084 1021 Ψυττάλειαν
1101 956 1304 1042 καλεομένην

158 1049 360 1141 ἀπεβίβαζον
382 1055 450 1122 τοῖν
467 1054 643 1142 Περσέων,
667 1055 776 1122 τοῖνδε
794 1059 939 1142 εἵνεκεν,
965 1047 1026 1142 ὧς,
1051 1049 1151 1122 ἐπεὰν
1168 1056 1303 1142 γένηται

158 1251 357 1318 promontorio,
380 1250 450 1316 quod
474 1251 509 1300 ml
531 1266 659 1302 oceasum
678 1254 705 1300 et
756 1253 900 1314 nuntians,
924 1267 972 1314 ea,
992 1267 1062 1318 qnae
1075 1251 1230 1303 Herodotus
1243 1251 1269 1302 lr.
1283 1252 1300 1303 l.

158 1319 372 1384 septentrionem
403 1320 562 1384 Megaricae
598 1319 704 1384 regioni
756 1321 884 1384 tradidit,
904 1335 965 1370 oum
978 1319 1039 1385 ipsu
1053 1319 1224 1386 geographia
1237 1336 1302 1370 eon-

159 1386 303 1436 obversum
317 1391 371 1450 eat,
390 1387 469 1436 brevi
487 1387 571 1436 maria
584 1391 674 1436 tractu
688 1403 705 1436 a
756 1388 866 1438 cillere:
890 1388 961 1438 uude
974 1388 1131 1452 suspicatur
1145 1393 1250 1452 patrem
1262 1387 1302 1437 hi-

157 1455 280 1518 Megaris
298 1459 456 1520 separatum
475 1453 704 1519 eoquebrevisei-
756 1457 858 1506 ateriae
881 1457 909 1505 in
934 1471 1052 1513 errorem
1076 1455 1216 1506 inductum
1239 1471 1300 1506 ease

157 1537 230 1571 mum
241 1522 386 1572 transitum
399 1522 549 1587 praebeua3
567 1521 619 1572 hoc
639 1521 702 1570 inde
756 1539 788 1573 eo
807 1523 877 1588 quorl
895 1522 1012 1588 maxime
1031 1523 1149 1588 cupierit
1162 1522 1301 1573 oraculum

157 1589 219 1638 loco
231 1589 368 1640 indicavit
379 1604 484 1654 quoque
495 1589 578 1640 Caum
590 1589 618 1638 iu
628 1605 702 1654 map·
753 1591 883 1648 Barcinis,
913 1590 985 1640 nuda
1015 1589 1174 1655 Cynosurae
1204 1605 1302 1640 nomen

157 1672 195 1721 pa
213 1657 402 1722 geographica
418 1671 459 1706 nr.
477 1656 533 1706 lll.
568 1657 604 1706 At
621 1657 702 1706 nimia
754 1658 912 1724 sumpserit,
931 1657 1026 1708 videre
1040 1658 1186 1723 expletum.
1224 1657 1303 1719 Quod

157 1729 290 1774 remotum
312 1723 363 1774 hoe
387 1725 495 1774 videtur
520 1725 554 1774 ab
577 1740 609 1774 eo
630 1724 700 1786 loco,
753 1741 818 1776 vero
831 1725 927 1776 Leuke
945 1725 965 1774 l.
978 1724 996 1773 l.
1011 1726 1137 1784 coniicit,
1156 1717 1209 1790 τὴν
1226 1719 1302 1776 Κέον

158 1807 211 1856 quo
224 1792 369 1842 Persarum
382 1791 480 1842 classis
498 1792 643 1842 stationem
656 1791 703 1841 ba·
755 1793 872 1844 forsitan
884 1793 984 1843 mutari
998 1808 1079 1858 pesae
1097 1785 1191 1858 ἰατὴν
1204 1791 1300 1858 νῆσον,

157 1859 249 1912 baisse
258 1859 381 1924 putanda
392 1865 442 1920 cst,
456 1875 545 1924 neque
557 1875 624 1910 saue
636 1875 702 1924 opus
754 1861 772 1910 i.
788 1877 812 1912 e.
831 1859 1009 1926 Psyttaliam‚
1028 1875 1126 1911 vereor
1143 1868 1173 1910 nt
1189 1861 1302 1926 probari

157 1933 218 1975 erat
242 1928 387 1976 circumire
411 1926 591 1989 Salaminem,
621 1929 645 1976 ai
671 1943 703 1977 eo
754 1930 841 1994 possit
853 1928 897 1978 vel
910 1933 1021 1994 propter
1033 1927 1185 1993 particulas
1198 1943 1228 1978 τε
1240 1925 1300 1991 καὶ,

157 1993 232 2056 loco,
252 2009 304 2058 quo
317 1995 401 2044 ceum
419 1995 497 2059 pouit
515 1995 619 2056 Krnae‚
638 1995 702 2044 Per·
756 1997 853 2062 quibus
869 2001 985 2060 uterque
1003 1995 1080 2045 loona
1096 1995 1143 2046 hie
1159 1996 1301 2062 coniungi-

156 2076 248 2111 sarum
267 2077 353 2112 naves
372 2063 427 2112 iam
440 2061 596 2112 collocatae
615 2067 702 2112 erant.
755 2071 812 2125 tur,
838 2065 908 2114 adeo
930 2069 974 2124 ut,
999 2064 1023 2113 ai
1041 2063 1184 2127 Cynosura
1204 2079 1302 2114 revera

156 2129 255 2194 Itaque
279 2129 373 2178 malim
397 2145 457 2180 cum
475 2129 564 2196 Angla
580 2130 640 2179 viro
657 2129 703 2179 do·
755 2132 808 2181 fuit
824 2131 1036 2196 promontorium
1058 2130 1165 2182 insulae
1184 2131 1301 2182 Salami-

157 2200 216 2254 eto,
240 2196 349 2246 Leukio
370 2197 434 2258 (Die
458 2197 564 2247 Demeu
587 2198 704 2247 Attica'a
755 2200 835 2260 niae,
858 2199 942 2249 Oeum
965 2197 1054 2248 simile
1077 2198 1141 2262 quid
1159 2198 1256 2248 eadem
1273 2200 1301 2248 in

155 2263 367 2330 psaltem),
379 2265 605 2330 Cenmqnnerere
616 2264 703 2314 inSa·
755 2267 847 2316 insula
865 2267 952 2316 fuisse
969 2265 1114 2330 probabile
1131 2266 1225 2330 ntique
1242 2263 1299 2315 liat

157 2333 289 2382 taminiae
309 2332 417 2382 insulae
429 2339 509 2398 parte
523 2333 704 2382 adorientem
756 2335 796 2382 Au
814 2349 931 2398 sequeus
949 2329 1039 2382 τοῖνδε
1052 2325 1084 2382 δὲ
1098 2333 1170 2383 conf.
1184 2338 1251 2383 nott.
1266 2333 1301 2382 ad

156 2404 186 2448 et
202 2399 344 2450 meridiem
360 2415 455 2461 versa,
480 2399 553 2449 hand
574 2401 669 2465 procul
688 2415 705 2450 u
756 2401 834 2464 vill,
849 2399 882 2450 40
900 2405 928 2450 et
941 2400 975 2448 ad
988 2389 1230 2464 ἀπολαμφθέντες
1245 2399 1299 2451 vid.

157 2465 301 2530 Cynosura
314 2467 436 2534 etpanlo
449 2467 573 2517 inferius.
593 2470 635 2518 De
649 2467 701 2530 Cy·
754 2467 844 2518 alluta
857 2467 892 2516 ad
903 2468 935 2526 V,
954 2465 1008 2516 llll.
1037 2467 1196 2518 Transitum
1209 2467 1300 2518 modo-

155 2549 259 2584 noaura
278 2535 350 2585 euim
370 2535 458 2584 minus
479 2535 600 2584 dubitari
621 2549 701 2600 posse
754 2551 811 2585 rum
836 2533 897 2598 (inu
922 2527 958 2600 δὴ
982 2559 1013 2567 -
1040 2524 1100 2599 ἐξῇ
1122 2559 1153 2568 -
1174 2523 1247 2584 citt&
1267 2561 1300 2570 -

156 2602 278 2662 videtnr;
294 2602 576 2668 significaturopiuor
589 2602 636 2652 ille
650 2607 702 2651 ter·
755 2601 866 2666 δοῖεν)
890 2603 954 2652 hinc
980 2602 1074 2666 attigit
1098 2602 1130 2652 G.
1149 2602 1298 2652 Hermann.

156 2683 205 2719 rae
228 2674 334 2720 tractus
356 2671 385 2719 in
406 2685 481 2720 mare
504 2676 645 2736 porrectus
667 2669 702 2719 ab
755 2671 791 2721 ad
807 2672 901 2736 Viget.
918 2685 982 2735 pag.
1000 2668 1059 2719 851.
1095 2669 1137 2718 Tu
1158 2670 1213 2720 vid.
1230 2675 1298 2720 nott.

156 2753 207 2787 ora
224 2737 355 2787 orientali
377 2743 405 2788 et
426 2739 547 2802 proxime
565 2737 702 2788 accedeus

156 2805 192 2854 ad
204 2811 305 2854 terram
315 2805 450 2866 Atticam,
464 2821 520 2855 nou
530 2805 611 2870 longe
623 2805 657 2855 ab
670 2819 703 2854 eo

155 2872 229 2933 loco,
243 2871 290 2922 nbi
303 2872 367 2922 olim
379 2867 512 2938 πορθμὸς
524 2873 577 2922 luit
589 2872 701 2937 (Herod.

157 2939 237 3001 VIII,
251 2938 295 3002 nr)
313 2956 335 2992 a.
348 2941 482 2991 traiectus
495 2940 530 2990 ab
542 2941 610 2990 urbe
624 2939 703 2991 Sala·

156 3007 244 3057 miuia
262 3007 291 3056 iu
303 3008 440 3058 Atticam:
464 3023 537 3058 nuno
548 3013 703 3074 promonto-

155 3075 226 3124 rium
239 3091 336 3126 nomeu
348 3075 434 3126 babet
443 3091 460 3126 a
470 3077 530 3126 vico
544 3078 572 3125 in
584 3076 636 3126 hoc
649 3081 704 3126 tra·

156 3147 204 3192 ctu
217 3144 284 3202 aito,
300 3145 344 3192 cui
357 3159 455 3194 nemen
469 3145 554 3209 ΑμΙιία
569 3145 703 3194 Varudra:

156 3210 213 3260 vid.
231 3209 327 3260 Leuke
345 3209 364 3260 l.
378 3211 397 3260 l.
410 3209 472 3261 coll.
485 3213 585 3262 Krnaio
603 3229 629 3277 p.
643 3211 703 3262 304.

156 3275 217 3328 ³07.
253 3279 326 3340 Quin
339 3279 488 3328 etiamnum
501 3280 529 3328 in
541 3279 627 3330 bocca
641 3293 702 3344 pro-

156 3345 292 3396 montorio
314 3347 422 3411 tropaei
442 3361 459 3396 a
477 3345 592 3396 Graecia
612 3347 641 3396 iu
662 3347 702 3396 vi·

156 3413 263 3464 ctoriae
287 3414 443 3464 memoriam
465 3415 550 3470 erecti
571 3415 703 3478 reliquias

156 3481 290 3546 quarelam
319 3481 437 3532 inveniri
469 3487 589 3532 testatur
618 3481 700 3542 (rein,

157 3564 238 3614 quem
256 3549 325 3598 citat
342 3549 430 3599 Krnse
448 3547 466 3598 l.
485 3549 503 3598 l.
521 3565 547 3614 p.
566 3548 626 3600 307.
660 3549 702 3598 Ab

156 3617 210 3666 bae
233 3617 317 3681 igitur
336 3615 398 3667 loeo
418 3621 534 3680 utroque
557 3618 702 3668 Persarum

156 3699 257 3745 naves,
279 3699 350 3749 qnae
373 3685 401 3734 in
423 3686 543 3734 statione
562 3685 602 3735 ibi
620 3683 702 3734 collo·

157 3755 239 3802 eatae
258 3756 349 3808 erant,
373 3757 502 3816 evectae,
526 3767 556 3802 ae
577 3751 702 3818 reliquae

156 3819 243 3869 classi
257 3818 448 3882 adiunxerant,
461 3821 502 3870 ita
514 3825 543 3870 nt
555 3836 641 3870 omne·
649 3820 702 3869 ire-

156 3893 227 3950 tum,
252 3887 324 3950 qnod
347 3887 419 3937 inter
442 3887 610 3939 Salaminem
633 3887 704 3937 Atti·

157 3967 273 4019 camque
284 3959 335 4015 est,
349 3955 466 4006 navibus
477 3955 658 4021 compleretur
668 3953 703 4004 ad

155 4021 334 4086 Munychiam
355 4037 441 4086 nsque
463 4028 611 4074 retrorsum
628 4037 703 4073 mare

155 4089 324 4156 tegentibus.
371 4089 450 4150 Quae
480 4105 541 4140 cnm
570 4093 611 4142 ita
638 4091 703 4152 sint,

157 4157 293 4208 accedere
313 4167 420 4222 nequeo
437 4157 484 4219 iia,
511 4175 581 4222 quae
604 4159 704 4208 statuit

157 4227 257 4276 Grote:
271 4224 384 4288 History
397 4225 429 4274 ol
440 4225 545 4276 Graece
558 4226 589 4276 V.
603 4243 629 4290 p.
645 4224 702 4282 173,

158 4297 233 4344 vena
245 4297 274 4342 et
287 4291 442 4356 Ομαοααοαι
454 4293 578 4344 reterens
593 4294 627 4343 ad
640 4292 702 4343 loea

156 4361 247 4410 minue
259 4362 372 4426 cognita
385 4362 414 4410 in
425 4359 520 4411 Attica
531 4361 600 4420 sita,
614 4375 701 4426 neque

156 4429 185 4478 in
204 4427 361 4492 Salamine,
379 4427 546 4494 difficileque
564 4443 624 4478 ease
642 4443 702 4494 pro-

755 2740 790 2789 ad
802 2740 829 2802 1,
847 2737 971 2788 1850011.
985 2737 1030 2798 1V,
1046 2735 1103 2788 139.
1117 2738 1169 2799 IX,
1183 2736 1224 2786 51.
1245 2753 1300 2802 φν-

754 2807 817 2872 petr
829 2823 844 2856 e
858 2805 1019 2856 Florentino
1032 2804 1096 2854 dedi
1109 2820 1158 2870 pro
1171 2798 1298 2871 φαγέειν,

754 2881 785 2924 ut
801 2875 881 2936 VIII,
898 2873 931 2922 81
950 2877 978 2921 et
995 2871 1029 2922 88
1047 2870 1216 2937 διαφυγεῖν,
1243 2873 1299 2923 vid.

754 2942 870 2992 Bredov.
884 2959 911 3008 p.
924 2940 982 2992 325.
1019 2941 1052 2990 In
1069 2941 1299 2990 antecedentibus

755 3010 818 3059 dedi
842 3011 976 3074 κατεῖχον
996 3007 1135 3072 plerisque
1158 3008 1234 3060 codd.
1258 3010 1299 3058 ita

754 3077 912 3128 iubentibus
923 3093 970 3142 pro
981 3070 1111 3142 κατέχον,
1126 3075 1196 3140 quod
1207 3091 1240 3125 ex
1251 3092 1298 3125 au-

754 3145 839 3210 tiqnis
863 3144 1030 3196 editionibus
1052 3141 1203 3193 retinuerat
1220 3143 1299 3193 Gais-

755 3212 868 3262 lordiua.
908 3211 992 3262 Faeit
1013 3225 1119 3261 mecum
1142 3226 1240 3261 censor
1256 3211 1301 3260 Ie·

753 3281 848 3330 nansia
874 3277 949 3329 1828.
970 3293 1010 3328 nr.
1032 3277 1086 3328 186.
1105 3293 1131 3343 p.
1148 3276 1194 3340 46,
1220 3293 1299 3342 quem

753 3347 898 3411 Stegerum
911 3361 971 3396 esse
986 3346 1112 3396 coniicio.

786 3408 962 3480 ἀπεβίβαζον
987 3412 1043 3462 τῶν
1065 3405 1209 3475 Περσέων]
1237 3410 1299 3460 acil.

752 3475 843 3542 τινάς.
880 3482 922 3530 Λᾶ
935 3472 1122 3546 ἐξοισομένων
1134 3479 1207 3528 conl.
1221 3477 1297 3540 V111,

752 3548 786 3600 49
798 3549 892 3614 ibique
905 3552 974 3598 nott.
989 3553 1017 3597 et
1029 3547 1129 3596 ianaon
1141 3545 1169 3594 in
1180 3544 1297 3594 Jahrbb.
1343 3555 1344 3558 ’

754 3618 773 3668 r'.
791 3615 926 3682 Philolog.
945 3614 1038 3680 Suppl.
1056 3613 1130 3663 XIX.
1154 3627 1217 3677 pag.
1239 3611 1299 3662 515.

753 3684 794 3734 Ad
818 3685 870 3734 hoe
893 3698 958 3734 vero
982 3680 1159 3748 participium
1179 3679 1325 3745 pertinet¹

753 3742 803 3815 ὥς,
823 3751 894 3817 quod
907 3751 1025 3815 strange
1042 3747 1119 3809 (ibid.
1132 3747 1182 3797 111.
1198 3764 1223 3812 p.
1237 3747 1298 3810 590)

754 3821 792 3870 alc
817 3819 909 3884 accipi
929 3817 1002 3878 vult,
1027 3820 1057 3865 ut
1078 3831 1140 3865 mox
1157 3819 1299 3880 repetatur

754 3887 891 3954 particula
907 3883 956 3935 iun
969 3883 1060 3934 etloei
1074 3883 1213 3933 sententia
1227 3883 1298 3933 hace

755 3956 804 4006 ait:
828 3955 1015 4010 existimantes,
1039 3953 1140 4018 quando
1162 3953 1235 4010 sucta
1258 3967 1298 4000 ea·

754 4029 794 4072 ret
804 4038 890 4087 papae
902 4022 1010 4078 ναναὶἰε,
1028 4019 1075 4069 buc
1086 4022 1239 4084 pollutarum
1253 4020 1297 4068 rie·

755 4095 831 4140 lutam
858 4091 894 4138 iri
919 4095 944 4138 et
972 4089 1082 4138 nonanes
1104 4093 1130 4135 er
1153 4087 1247 4150 norasru
1269 4088 1298 4135 'a.

755 4157 834 4220 Quod
855 4156 977 4220 sequitur
1000 4145 1032 4206 ἒν
1052 4151 1091 4220 τῷ
1111 4145 1190 4218 πόρῳ
1208 4101 1298 4204 vaie'r:

753 4227 835 4284 irata,
847 4226 918 4289 apud
925 4227 1058 4274 transitum
1066 4223 1221 4272 muritlmarn.
1234 4221 1298 4270 Vid.

755 4291 828 4342 Gall.
847 4292 881 4342 ad
899 4292 1006 4356 Scymu.
1024 4290 1121 4340 Chinm
1138 4287 1196 4340 518.
1214 4289 1246 4338 T.
1260 4289 1296 4337 11.

753 4375 817 4425 pag.
834 4358 884 4410 374
901 4374 959 4423 aeq.
983 4356 1124 4408 Plutarch.
1142 4356 1255 4406 Arietid.
1267 4354 1296 4404 9:

752 4421 806 4492 τήν
822 4417 1015 4486 Ψυττάλειαν,
1032 4411 1052 4488 ἣ
1069 4415 1124 4486 πρὸ
1141 4421 1191 4486 τῆς
1203 4419 1297 4470 Σαλα·

1052 4507 1095 4572 8.
