3068 4964
233 399 297 462 232
670 387 937 450 HERODO'I'I

189 574 317 658 1οπρίν
333 594 364 636 τι
381 561 461 634 ἄλλο
476 559 690 652 Ἀθηναίοισι
710 559 818 648 δόξαι,
843 558 977 650 σφάλμα
994 562 1098 650 φέρον
1115 561 1157 649 τῇ
1174 553 1313 628 Ἑλλάδι.
1339 552 1376 628 ‘0

235 673 297 762 μέν
314 689 374 756 σφι
391 669 496 736 ταῦτα
512 662 745 752 συνεβούλευε.
778 669 813 733 ολ
834 665 871 732 δὲ
894 665 994 753 φρενὶ
1013 659 1169 749 λαβόντες
1187 657 1245 730 τὸν
1263 657 1375 748 λόγον,

236 767 355 842 αὐτίκα
373 766 561 859 φράσαντες
578 763 679 837 οὐδὲν
696 781 781 835 τοῖσι
799 760 966 854 ἀγγέλοισι
984 781 1069 834 τοῖσι
1084 759 1293 852 ἀπιγμένοισι
1310 757 1376 830 άπὸ

236 876 303 943 τοῖν
321 877 463 958 πολίων,
482 865 602 949 ννκτός
621 874 667 937 ἔτι
686 869 888 956 ἐκπέμπουσι
906 871 1191 954 πεντακισχιλίους
1208 875 1377 953 Σπαρτιη-

236 975 336 1062 τέων,
355 974 412 1042 καὶ
431 968 513 1040 ἑπτά
531 972 607 1060 περὶ
626 972 764 1040 ἕκαστον
782 967 937 1052 τάξαντες
953 971 1021 1037 των
1040 967 1221 1053 εἱλωτέων,
1240 975 1377 1034 Παυσα-

271 1161 389 1235 σφάλμα
408 1161 497 1234 φέρον
514 1165 549 1234 τῇ
561 1158 687 1230 Ἑλλάδι]
705 1167 749 1216 Ita
767 1180 782 1214 e
833 1166 960 1217 tarchus:
973 1157 1074 1224 νυκτὸς
1087 1157 1120 1214 ct
1130 1161 1378 1230 πεντακισχιλίους

236 1237 395 1289 Florentino
407 1242 434 1286 et
444 1235 583 1285 Sancroiti
596 1235 667 1284 libro
680 1234 782 1283 editum
834 1232 1023 1299 Σπαρτιατῶν
1036 1224 1232 1312 ἐπιλέξαντεςι
1244 1219 1288 1281 aiv
1303 1225 1377 1282 iau·

237 1323 285 1372 pro
306 1304 380 1370 vulg.
398 1303 433 1369 τῇ
450 1295 565 1353 Ἑλλάδι
583 1295 687 1366 φέρον,
713 1299 783 1366 quod
834 1315 914 1360 στος
939 1293 1023 1352 έπτά
1048 1295 1130 1364 περὶ
1151 1291 1258 1350 αὐτον
1279 1296 1377 1350 εἵλω-

238 1389 299 1424 cum
312 1373 464 1422 Schaeiero
478 1387 510 1420 ex
522 1370 676 1420 Matthiaeo
688 1372 784 1418 teuent
834 1386 895 1428 τας
908 1363 1018 1435 εἶχεν,
1034 1361 1199 1432 ἐξέπεμψαν
1210 1384 1237 1418 τι.
1249 1383 1272 1417 τ.
1287 1365 1321 1432 λ]
1335 1383 1377 1417 re·

238 1445 354 1491 recenti.
369 1439 428 1490 edd.
443 1437 686 1488 indeaBekkero.
718 1437 784 1501 Ipsa
834 1439 967 1502 spiciena
992 1452 1136 1502 perperam
1158 1436 1228 1488 haec
1245 1435 1377 1487 verbain

238 1508 340 1558 locutio
365 1507 448 1557 obvia
471 1506 572 1555 Herod.
594 1505 660 1566 VII,
682 1503 711 1565 6,
736 1503 784 1552 nbi
834 1506 890 1555 illis
901 1503 1043 1555 codicibus
1053 1505 1143 1554 omitti
1153 1504 1384 1565 statuit:‚,Tuen-

238 1575 294 1626 vid.
308 1580 376 1624 nott.
406 1575 449 1624 De
467 1574 550 1624 verbo
564 1564 714 1623 έσαιιοάειν
726 1571 782 1620 diri
834 1579 879 1622 tur
892 1589 957 1624 vero
972 1572 1098 1630 eadem,“
1112 1573 1153 1620 ait
1167 1571 1378 1635 Schweighaeu-

240 1642 334 1703 adili,
348 1640 389 1691 uo.
415 1641 482 1692 lnde
496 1642 578 1691 totius
591 1640 645 1690 loci
657 1641 727 1690 haec
742 1645 784 1688 est
835 1656 926 1702 serus,
940 1640 1060 1704 „reliqui
1072 1639 1136 1688 libri
1148 1654 1254 1690 omnes:
1274 1654 1326 1688 nee
1337 1639 1379 1688 vi-

239 1709 392 1759 sententia:
412 1715 439 1758 at
451 1710 563 1758 audietis
576 1709 744 1757 Athenienses
760 1719 782 1755 ε.
835 1709 899 1769 (leo,
925 1723 973 1757 cnr
990 1723 1043 1757 non
1062 1711 1090 1756 et
1106 1706 1158 1756 hoc
1175 1706 1237 1758 loco
1254 1721 1377 1772 percom-

238 1792 330 1826 rnorem
351 1779 450 1840 peratis
473 1775 683 1836 Atheniensibus,
711 1780 782 1824 ante·
835 1777 912 1826 mode
938 1776 1061 1825 adiicere
1084 1776 1206 1839 potuerit
1223 1774 1380 1824 Herodotus

240 1860 312 1910 qnam
329 1846 399 1894 aliud
415 1845 476 1912 quid
495 1845 534 1893 nis
549 1847 675 1906 placuerit
698 1841 784 1903 (aliud
836 1849 864 1894 et
877 1844 986 1904 eadem,
1000 1841 1141 1907 paulisper
1153 1843 1260 1906 quidem
1274 1847 1380 1891 mutata

240 1910 384 1962 consilium
401 1911 430 1960 lii
448 1910 595 1976 ceperint),
620 1911 688 1975 puori
705 1910 784 1959 Grae·
835 1912 972 1970 oratione,
998 1910 1074 1960 inira
1097 1909 1257 1974 repetere.“
1301 1909 1380 1970 Quod

239 1981 295 2030 ciac
312 1978 386 2044 (toti)
407 1982 495 2030 οιαλωα
512 1976 723 2042 (calamitatem)
744 1977 784 2040 af·
835 1980 908 2030 idem
925 1979 993 2028 mihi
1008 1978 1117 2028 videtur
1133 1976 1181 2041 (ci.
1199 1981 1267 2028 nott.
1283 1977 1318 2026 ad
1330 1977 1377 2036 IX,

236 2047 317 2110 serat.
835 2047 894 2110 55),
918 2061 970 2096 nec
988 2045 1111 2096 offendor
1130 2049 1267 2096 structura
1290 2045 1380 2094 minus

836 2114 975 2166 commode
987 2113 1167 2179 procedente,
1187 2128 1272 2179 quae,
1293 2117 1325 2163 ut
1336 2127 1380 2162 re·

454 2214 573 2264 θεν-Χ·
835 2180 1382 2313 Ιίἒλίἲλὲἷ“ἳλῖλλὲλλλ“Ξλῗῖἲῗλλλζ

275 2313 361 2382 φρενὶ
378 2308 513 2380 λαβόντες
529 2309 580 2366 τὸν
600 2307 696 2383 λόγον]
721 2316 784 2367 Vid.
837 2335 889 2385 quo
911 2323 1003 2367 tamen
1025 2318 1070 2367 vix
1088 2331 1155 2382 opus
1172 2317 1294 2376 videtur,
1319 2331 1381 2365 oum

241 2390 309 2435 nott.
324 2385 359 2434 ad
371 2385 425 2446 ΙΙΙ,
439 2385 479 2436 41.
836 2387 900 2437 aliis
918 2400 1026 2451 quoqne
1042 2384 1113 2433 locis
1133 2384 1213 2448 plura
1229 2384 1381 2450 participia

275 2449 324 2502 καλ
341 2445 412 2503 ἑπτά
431 2448 498 2518 περὶ
516 2446 635 2503 ἕκαστον
647 2443 784 2514 τάξαντες
835 2457 876 2506 sie
900 2455 978 2504 iuxta
1006 2453 1098 2518 posita
1126 2453 1307 2517 reperiantur.
1349 2451 1382 2501 Id

241 2519 298 2570 aeia
310 2515 456 2586 εῑλωτέων]
471 2521 594 2582 „Vereor
606 2535 660 2570 una
672 2519 785 2569 cumOl.
834 2537 901 2574 vero
932 2519 1030 2570 lubens
1062 2520 1211 2570 concedam
1243 2519 1381 2584 Schweig.

242 2589 275 2638 de
293 2590 384 2646 Paua,
409 2595 439 2638 ut
456 2588 526 2638 haec
542 2587 697 2637 Herodotus
718 2588 785 2636 scri·
835 2591 979 2648 haeusero,
990 2589 1045 2638 scri
1066 2592 1121 2636 tum
1132 2587 1196 2637 olim
1206 2587 1293 2637 luisse
1303 2580 1380 2636 ελλω-

261 2657 336 2706 serit.
372 2655 454 2706 Valla
470 2660 581 2720 tresque
605 2655 703 2720 scripti
720 2653 785 2704 libri
836 2651 907 2708 τέων
920 2672 937 2705 a
949 2671 1017 2706 voce
1032 2603 1147 2719 εέλτάτης
1159 2655 1217 2718 (lx,
1229 2653 1270 2704 28.
1281 2655 1326 2710 vl.
1337 2653 1380 2704 58.

241 2672 393 2787 fb'ancrotti
410 2722 492 2784 liber,
507 2723 674 2780 vindobon,
692 2719 785 2787 Eton]
837 2725 878 2774 75.
903 2722 960 2786 80),
1008 2738 1154 2786 numquam
1183 2723 1272 2772 altera
1296 2723 1382 2772 etiam

242 2791 371 2838 omittunt
394 2789 551 2854 habentque
581 2805 641 2854 cap.
666 2787 699 2838 28
728 2787 786 2854 [ubi
838 2794 926 2843 forma
949 2783 1381 2852 testacinveniturvl1‚22it.

242 2855 313 2906 haec
331 2860 453 2906 exstant:
482 2851 589 2907 τούτων
607 2856 678 2918 (scil.
696 2857 786 2906 Ααιιε·
837 2861 889 2922 Vl,
907 2857 949 2908 81.
967 2859 1020 2915 IX,
1034 2857 1081 2919 80,
1099 2859 1147 2908 nbi
1160 2859 1276 2923 utrique
1294 2857 1382 2908 sormi

243 2920 411 2988 δαιμονίων)
437 2917 469 2972 tl
492 2918 558 2981 τοὺς
579 2923 786 3002 πεντακισχιλέ-
836 2929 938 2978 Noster
953 2928 1047 2975 utitur.
1090 2925 1158 2976 aad.
1175 2925 1292 2976 Bredov.
1314 2940 1381 2990 pap.

243 3005 307 3054 ονς,
326 2983 425 3048 έάντοις
444 2984 640 3056 Σπαρτιήτας,
664 2984 786 3056 έφνλασ-
837 2995 896 3046 233.
913 2993 981 3044 lidd.
995 2998 1111 3044 reeentt.
1124 2994 1187 3043 inde
1200 3009 1217 3042 a
1230 2993 1382 3044 Schneiero

243 3073 294 3108 τον
305 3053 386 3120 ψιλοὶ
396 3056 451 3107 τῶν
460 3052 596 3108 εἱλωτέων
607 3057 786 3123 πεντακισχί-
837 3063 907 3112 haeo
929 3063 1015 3111 verba
1036 3067 1169 3125 tanquam
1186 3062 1281 3126 spuria
1302 3060 1382 3110 uncis

243 3127 300 3176 λιοι
317 3121 366 3175 καὶ
383 3117 557 3191 τρισμύριοι,
575 3122 655 3190 περὶ
672 3117 786 3190 ἄνδρα
837 3131 1020 3190 incluserunt,
1035 3130 1170 3196 probante
1182 3129 1318 3178 Bredovio
1332 3127 1349 3176 l.
1360 3127 1381 3177 l.

244 3187 390 3244 ἕκαστον
408 3185 492 3244 ἔπτὰ
506 3189 725 3260 τεταγμένοι]
743 3210 785 3244 se·
837 3199 880 3248 Do
897 3198 966 3263 ipsis
978 3197 1086 3248 Helotis
1100 3198 1252 3262 Spartanos
1270 3195 1305 3245 ad
1322 3195 1383 3246 bel-

243 3263 304 3312 rlem
313 3262 402 3327 magis
412 3267 599 3327 opportunam.
615 3263 651 3312 Et
661 3265 704 3314 cui
714 3263 785 3312 bono
837 3266 892 3316 lum
905 3263 1112 3331 proficiscentes
1129 3263 1326 3314 comitantibus
1343 3263 1382 3313 cs.

243 3323 380 3393 τάξαντες
403 3335 466 3396 post
495 3321 687 3395 έκπέμπονσιλ
726 3332 786 3381 Non
838 3333 1304 3397 nott.adVlI‚·202:quaminrem
1317 3331 1383 3380 Val-

243 3397 654 3532 {¹:83r.t¹¹.‘'.l.⁰.⁰.¹.it}.¹¹¹'³.}t.
669 3413 786 3516 titi*
837 3402 985 3520 {iiiiii
1000 3398 1382 3518 ttttvtlii'slli‘ll·

569 3504 575 3517 ¹
657 3501 662 3514 ¹
765 3502 784 3515 '¹
879 3507 885 3531 ι
934 3508 940 3520 ·
980 3507 986 3530 ι
1035 3507 1040 3519 ·
1091 3505 1096 3516 ·
1165 3505 1171 3525 ι
1220 3503 1226 3515 ·
1373 3497 1382 3506 “

243 3535 292 3585 sed
302 3535 365 3585 hino
376 3535 582 3585 derivataunde
594 3534 693 3584 confit?
705 3533 784 3584 Tolle
837 3537 932 3588 rodoto
946 3539 974 3586 in
987 3537 1041 3596 his,
1060 3543 1091 3584 ut
1104 3537 1234 3592 diximus,
1253 3535 1384 3584 convenit

244 3604 336 3652 omnia
349 3609 377 3652 et
390 3604 509 3653 orationi
521 3603 555 3652 ad
568 3603 703 3653 culturam
716 3600 785 3651 nihil
836 3605 909 3654 Plut.
927 3604 1038 3654 Aristid.
1059 3602 1097 3652 10.
1117 3605 1138 3652 I.
1157 3620 1183 3668 p.
1201 3602 1251 3654 325
1269 3601 1330 3652 coll.
1345 3603 1382 3652 ΙΙ.

244 3669 347 3728 deerit,
370 3670 449 3720 modo
467 3663 670 3735 ἐπιτρέψαντες
689 3670 785 3736 probe·
837 3689 862 3738 p.
875 3671 962 3721 Silii.
998 3672 1072 3719 Vera
1091 3675 1182 3720 autem
1201 3672 1230 3720 in
1242 3671 1285 3720 his
1298 3670 1383 3719 trudi-

244 3740 296 3784 tur.
332 3736 363 3784 ld
381 3752 448 3786 sane
467 3755 527 3788 cum
545 3739 683 3788 exercitus
701 3740 786 3803 impe·
837 3740 911 3790 disse
923 3739 1012 3788 videri
1024 3738 1193 3788 Herodotum
1206 3738 1303 3788 statuit
1316 3753 1382 3802 quo·

244 3803 314 3850 rium
330 3804 460 3864 traditur,
480 3806 565 3856 multo
579 3806 744 3856 commodius
758 3811 787 3854 et
838 3823 889 3872 que
912 3806 1008 3855 Grote:
1038 3807 1152 3869 History
1174 3806 1203 3856 ol
1223 3805 1329 3856 Greece
1348 3806 1381 3855 V.

244 3867 342 3918 lenius.
372 3870 785 3933 vid0111‚155.V11‚5·teto.“
838 3889 901 3939 pag.
914 3871 965 3922 209
977 3887 1033 3936 seq.
1068 3873 1383 3924 Necsaneullavide-

250 3937 438 4002 Wesselinp.
473 3940 555 3989 Hand
580 3942 700 3991 accessit
723 3939 787 3990 Val-
837 3941 1320 3998 turcausa,curhoeeeHolotarum
1333 3955 1382 3990 uu-

245 4001 402 4062 arenarius,
416 4007 463 4070 qui
473 4007 506 4056 ad
517 4007 659 4058 Plutarchi
668 4008 687 4058 l.
698 4007 716 4056 1.
730 4006 789 4072 [ubi
840 4024 927 4068 mero,
948 4009 994 4072 qui
1012 4009 1047 4058 ud
1064 4010 1180 4074 triginta
1197 4013 1316 4075 quinque
1333 4010 1383 4058 mi·

244 4069 358 4135 legitur:
379 4061 504 4138 έξῆλθον
521 4067 788 4134 έςΠλαταιάςπεν-
839 4075 879 4125 lio
907 4075 1046 4140 ascendit,
1081 4076 1161 4127 simul
1189 4069 1384 4141 νεοδαμώδεις

245 4151 328 4188 τακισ
347 4135 413 4189 iiior
432 4139 499 4191 Σπα
518 4141 626 4200 τιάται,
651 4139 716 4206 περὶ
738 4135 788 4193 αὖ·
840 4144 886 4208 qui
904 4149 1035 4194 vocantur
1053 4143 1101 4206 (ei.
1120 4144 1150 4195 O.
1168 4145 1213 4194 Fr.
1227 4145 1382 4194 Hermann:

244 4199 295 4255 τὸν
326 4221 383 4271 prov
401 4198 476 4274 α’νήρ
495 4159 611 4268 ἕκαστος
626 4201 696 4260 έπτά
710 4207 788 4261 eilm-
841 4211 951 4261 Griech.
965 4211 1171 4264 Staatsalterth.
1189 4213 1213 4272 ξ.
1226 4213 1267 4262 47.
1285 4217 1341 4262 not.
1354 4211 1382 4275 7)

245 4269 308 4341 τας]
327 4279 355 4323 et
366 4275 395 4324 in
410 4277 464 4326 Vit.
477 4278 668 4344 Aristid..eap.
685 4277 714 4328 10
732 4277 788 4344 [ubi
841 4279 1032 4344 comprehendi
1050 4287 1187 4346 putemus,
1207 4295 1276 4345 quae
1291 4279 1383 4330 Lach-

247 4341 275 4392 in
287 4343 383 4394 eadem
401 4360 431 4396 re
445 4345 599 4396 enarranda
616 4347 713 4398 scribit
725 4346 787 4396 Plu·
839 4347 933 4398 manui
949 4348 1039 4414 opinio
1058 4353 1101 4400 est
1120 4347 1259 4414 (Spartan.
1277 4347 1384 4399 Staots·
