2984 4962
284 419 346 482 464
691 413 1004 476 ΟΟΜΜΕΝΤΑΤΙΟ

283 588 426 641 absolvere
447 587 568 656 studuit,
588 587 686 640 emisso
708 587 860 658 copiosiore
880 588 1019 640 doctrinae
1046 595 1195 657 apparatu,
1217 603 1296 658 quem
1317 603 1407 638 aseae

283 673 442 742 scriptionis
457 672 571 725 consilio
591 672 707 726 alienum
728 691 790 726 esse
809 673 938 742 putabet,
960 689 1019 726 cum
1041 672 1107 724 nibil
1125 671 1199 724 eliud
1220 673 1273 726 sibi
1288 672 1407 741 proposi-

282 767 338 810 tum
364 769 451 825 essct,
480 775 561 828 quam
585 765 616 810 ut
639 758 744 810 tirones
765 758 899 826 probabili
916 758 997 810 buius
1018 757 1124 810 dialecti
1139 757 1254 810 scientia
1270 757 1407 820 imbueret,

282 842 446 912 eosdemque
462 851 592 910 moneret,
610 849 640 894 ut
651 844 684 894 ab
696 843 888 911 superstitiosa
903 841 956 894 sibi
971 849 1100 896 caverent
1114 844 1270 894 reverentie
1282 841 1407 894 codicum.

281 927 427 980 Praemisit
452 927 538 996 igitur
564 929 591 979 in
619 943 651 980 ea
664 927 796 978 Herodoti
822 927 956 995 editione,
979 945 1049 998 quae
1069 927 1159 997 ipsius
1182 927 1256 979 curis
1272 926 1408 993 recognita

282 1013 384 1082 prodiit
395 1011 511 1065 Parisiis
526 1029 598 1064 anno
617 1010 850 1078 Mucccxtm
867 1012 1131 1079 commentationem,
1150 1028 1221 1081 quae
1237 1012 1408 1064 inscribitur:

281 1098 417 1152 Diulcctus
437 1099 526 1151 lunico
545 1098 672 1151 Herodoti
691 1115 750 1150 cum
767 1099 880 1152 dialecto
901 1100 987 1152 Attico
1008 1099 1089 1150 ueteri
1108 1101 1284 1167 cumpurota“
1311 1094 1409 1166 pag.V

282 1201 371 1252 seqq,
393 1182 422 1234 in
444 1199 593 1251 quassus,
620 1199 689 1251 quae
705 1181 757 1233 sibi
772 1191 955 1252 proposuerat
970 1181 1013 1234 vir
1027 1181 1225 1251 peritissimus,
1251 1199 1282 1234 ea
1305 1196 1409 1250 quoque

282 1267 431 1336 praestitit,
448 1267 475 1319 in
492 1267 562 1336 ipsis
582 1265 716 1320 Herodoti
731 1266 824 1319 verbis
840 1267 954 1320 edendis
970 1267 1041 1319 baud
1057 1283 1144 1335 pauca
1155 1266 1189 1318 ad
1206 1266 1345 1318 meliorem
1360 1265 1408 1316 lor·

280 1369 348 1405 mem
364 1369 506 1405 revocans.
538 1351 659 1404 Eandem
680 1353 738 1403 fere
762 1351 892 1405 rationem
913 1352 941 1404 iu
963 1351 1076 1404 edendis
1091 1351 1226 1404 Herodoti
1247 1351 1344 1403 verbis
1358 1366 1410 1402 cum

281 1437 369 1489 secuti
391 1444 486 1489 essent
505 1436 651 1489 Bekkerus
673 1442 700 1488 et
720 1436 893 1504 Dietscbius,
915 1437 1023 1488 exstitit
1037 1435 1121 1488 uero.
1140 1435 1192 1488 Iul.
1209 1435 1291 1488 Caes.
1312 1434 1411 1487 Bredo·

281 1521 354 1590 vius,
371 1537 425 1591 quo
440 1537 506 1572 sane
521 1521 651 1574 neminem
667 1529 695 1572 et
710 1521 865 1574 accuratius
880 1529 908 1574 et
918 1521 1078 1590 diligentius
1093 1521 1161 1573 banc
1176 1528 1260 1572 totam
1273 1517 1410 1589 quaestio

282 1623 341 1657 nem
364 1606 398 1657 de
412 1605 546 1658 Herodoti
568 1606 683 1658 dialecto
706 1612 889 1675 pertractasse
911 1607 1007 1659 merito
1020 1605 1123 1658 dixeris
1132 1603 1175 1672 *):
1196 1605 1270 1674 quod
1295 1603 1411 1658 enimin

281 1690 376 1759 paucis
395 1690 557 1760 quibusdam
577 1691 671 1742 formis
690 1691 859 1760 vocibusque
881 1698 1031 1744 monstrare
1055 1696 1170 1742 conatus
1188 1695 1231 1742 est
1247 1689 1368 1755 Str-uve,
1388 1687 1412 1738 id

281 1775 374 1828 eidem
393 1777 477 1828 ferme
495 1775 540 1828 vit
554 1791 720 1845 progressus
736 1775 904 1842 Bredovius‚
927 1787 1053 1844 quartam
1064 1777 1134 1828 libris
1148 1777 1333 1843 conminuunt
1348 1775 1413 1826 criti·

281 1879 373 1913 corum
382 1864 414 1914 de
426 1863 537 1914 dialecto
551 1863 701 1914 Herodolcu
712 1859 822 1928 Lipsiae
834 1877 905 1912 anno
918 1859 1137 1912 Mucccxhvt
1149 1859 1240 1926 editis,
1256 1877 1309 1929 per
1324 1876 1413 1912 omnes

281 1953 417 2014 quotquot
437 1945 509 2014 apud
523 1945 691 1998 Herodotum
713 1953 860 1997 occurrunt
879 1953 907 1997 et
928 1963 1009 1998 voces
1031 1951 1058 1997 et
1074 1945 1175 1996 formas
1196 1944 1235 1996 Ha
1249 1951 1413 2012 persecutus

282 2035 339 2097 est,
359 2037 402 2094 ut,
419 2037 550 2098 quantum
564 2029 591 2082 id
606 2029 666 2082 ficri
682 2036 791 2099 posset,
809 2047 824 2080 e
840 2028 958 2097 singulis
973 2029 1108 2082 Herodoti
1125 2029 1192 2082 locis
1207 2028 1361 2096 diligenter
1374 2047 1413 2080 se·

281 2131 341 2166 cum
356 2112 477 2182 collatis,
496 2113 570 2167 iuste
585 2113 663 2167 simul
678 2113 768 2185 ipsius
784 2113 891 2167 dialecti
906 2115 1012 2166 ratione
1028 2114 1134 2180 habita,
1150 2120 1273 2180 erueret,
1292 2131 1376 2184 quam
1389 2113 1412 2164 iu

281 2215 390 2270 quaque
406 2215 474 2251 voce
495 2206 523 2251 et
548 2199 700 2253 adhibenda
720 2205 748 2250 et
764 2198 899 2252 flectenda
920 2201 1031 2252 formam
1046 2207 1159 2252 secutus
1175 2198 1239 2250 inde
1254 2198 1338 2254 etiam
1353 2215 1413 2252 con·

281 2291 388 2337 stanter
402 2290 430 2337 et
441 2284 564 2336 omnibus
580 2284 647 2338 iocis
661 2285 700 2336 ita
714 2283 871 2338 adhibuisse
886 2285 991 2337 Noster
1006 2283 1144 2352 putandus
1160 2284 1211 2350 sit,
1229 2289 1260 2335 ut
1275 2301 1414 2354 nunquam

280 2370 315 2421 ab
332 2386 364 2422 aa
377 2369 521 2422 deflexerit
534 2369 658 2440 duasque
673 2371 774 2422 formes
790 2369 943 2422 admiserit:
964 2385 1019 2438 qua
1035 2385 1100 2421 vere
1110 2368 1185 2420 vocis
1201 2369 1290 2420 forma
1302 2370 1413 2422 invente

282 2455 306 2506 si
328 2471 399 2524 quae
418 2453 487 2506 aliae
508 2455 571 2506 binc
587 2455 760 2507 discedentes
784 2453 873 2506 adbuc
892 2455 920 2506 in
938 2453 1015 2506 libris
1033 2453 1273 2506 invenirentur-
1288 2471 1322 2506 ac
1341 2471 1413 2506 neno

281 2539 383 2606 nescit,
407 2547 537 2608 quantum
558 2538 620 2592 libri
640 2540 688 2592 hac
708 2539 736 2591 in
757 2557 788 2592 re
808 2539 917 2592 varient
929 2569 964 2579 -
979 2555 1025 2590 eas
1045 2539 1080 2591 ad
1100 2537 1170 2590 illem
1184 2539 1312 2606 formam,
1340 2555 1414 2609 quan

280 2641 372 2676 veram
389 2631 417 2675 et
432 2624 577 2690 genuinam
598 2624 651 2676 sibi
665 2623 806 2677 invenisse
830 2624 906 2676 risus
928 2631 1001 2689 erat,
1028 2623 1151 2676 revocari
1166 2622 1269 2690 voluit,
1296 2640 1415 2677 norman

281 2707 475 2778 quodammodo
491 2708 680 2775 constituens,
703 2725 783 2778 quum
802 2707 830 2760 in
847 2707 960 2760 edendis
977 2707 1110 2760 Herodoti
1128 2707 1221 2760 verbis
1236 2707 1318 2776 sequi
1339 2726 1415 2778 opor-

281 2799 345 2846 teat.
378 2791 490 2845 Minime
513 2792 583 2845 enim
600 2793 678 2846 nobis
699 2801 821 2846 statuere
839 2793 922 2846 licere
941 2791 1045 2845 iudicat
1066 2793 1110 2845 vir
1131 2793 1227 2844 doctus
1240 2789 1303 2858 **),
1328 2793 1416 2846 Hero-

281 2876 374 2928 dotum
387 2876 456 2928 idem
475 2877 633 2930 vocabulum
649 2877 895 2946 vocabulorumque
910 2895 999 2945 genus
1017 2877 1093 2929 modo
1111 2877 1160 2930 buo
1171 2877 1250 2930 modo
1264 2875 1311 2928 ille
1333 2879 1416 2930 forms

282 2977 448 3028 usurpasse,
469 2978 584 3031 comque
597 2979 691 3030 parum
711 2961 842 3032 praesidii
861 2962 1018 3016 inveniatur
1032 2961 1241 3015 ebHerodoteis
1262 2961 1416 3014 codicibus.

281 3045 328 3114 qui
351 3045 508 3114 plerumque
526 3046 566 3098 sic
586 3047 731 3117 comparati
753 3054 834 3115 sunt,
865 3054 896 3098 ut
920 3047 997 3099 modo
1020 3048 1090 3100 banc
1110 3047 1186 3100 modo
1210 3045 1282 3098 illam
1302 3047 1416 3100 formam

280 3130 444 3199 praebeant,
468 3130 619 3202 iidemque,
641 3131 689 3201 qui
705 3131 795 3202 aliquo
810 3132 838 3184 in
853 3131 912 3184 loco
927 3149 984 3184 eam
995 3134 1120 3200 sormam,
1144 3149 1215 3202 quae
1229 3131 1359 3200 genuine
1374 3132 1416 3183 ba·

280 3215 376 3284 betur,
399 3215 541 3282 exhibent,
566 3216 652 3270 altero
668 3217 695 3268 in
714 3215 773 3270 loco
793 3217 858 3270 inde
874 3217 1004 3270 recedant
1018 3217 1236 3287 contrariamque
1256 3217 1417 3278 ostendent,

279 3371 479 3382 ——--—-.

346 3462 371 3528 ¹⁸)
390 3465 502 3516 Interea
515 3465 564 3516 elii
582 3481 687 3532 quoque
705 3467 756 3517 viri
774 3465 847 3518 docti
860 3466 976 3532 siugulis
988 3465 1148 3532 quibusdam
1164 3465 1287 3532 pertibus
1300 3465 1417 3516 dialecti

279 3531 454 3584 Herodoteae
473 3534 647 3600 exquirendis
664 3535 757 3586 utilem
778 3536 974 3600 praestiterant
991 3549 1108 3599 operam.
1144 3533 1189 3584 Sic
1211 3533 1244 3583 do
1267 3541 1416 3598 augmento

280 3601 357 3650 verbi
371 3601 522 3652 Herodotei
536 3603 660 3668 exposuit
672 3603 762 3653 Brrnlre
780 3603 808 3652 iu
820 3607 1021 3669 programmate
1039 3601 1216 3652 scholiastioo
1230 3601 1299 3666 quod
1314 3603 1416 3668 prodiit

280 3667 465 3735 Braunsberg.
485 3668 557 3720 1835.
577 3671 609 3733 4,
632 3671 751 3735 itemque
771 3671 800 3722 G.
819 3671 920 3736 Kloppe
938 3671 1011 3720 Dies.
1035 3669 1068 3720 de
1091 3676 1239 3736 errgmeuto
1256 3669 1416 3719 Herodoteo

270 3735 453 3804 'Schleusiupp
474 3736 545 3787 1848.
568 3739 596 3797 4,
614 3737 666 3788 Ed.
685 3739 814 3789 Wentzel:
832 3740 873 3788 De
891 3739 1123 3804 praepositionum
1141 3738 1234 3798 tmesi,
1253 3753 1326 3802 quae
1346 3736 1417 3803 apud

280 3803 448 3854 Herodotum
466 3806 650 3856 inveniuntur.
673 3805 908 3857 Vratislav.18'lll.
926 3807 954 3866 4,
974 3807 1007 3858 Β.
1020 3806 1056 3855 H.
1069 3807 1191 3870 Lbordp:
1216 3805 1415 3868 Quaestionum

281 3869 314 3920 de
327 3871 449 3921 dialecto
461 3873 593 3924 Herodoti
606 3889 667 3939 cap.
681 3875 694 3923 1
707 3879 735 3924 et
748 3874 784 3923 ΙΙ.
801 3873 921 3924 Berolin,
939 3872 1009 3923 1844.
1026 3871 1097 3924 1846.
1121 3872 1282 3923 scholarum
1294 3873 1325 3923 in
1339 3888 1415 3922 usum

281 3937 314 3987 (le
327 3939 460 3988 Herodoti
472 3941 592 3991 dialecto
606 3945 788 4006 exposuerunt
800 3941 824 3994 I.
836 3943 937 3992 Classen
955 3943 984 3991 in
996 3941 1114 4006 septima
1126 3941 1246 3991 editione
1260 3941 1415 3990 Atticorum

282 4005 565 4074 tacebsiiusstttpag.
573 4007 623 4058 344
633 4025 720 4074 seqq:
735 4008 941 4075 „Abtveichung
952 4009 1000 4060 des
1011 4008 1154 4060 ioniachen
1165 4007 1295 4059 Dielekte
1308 4009 1346 4058 im
1360 4009 1414 4057 Ho-

281 4073 359 4122 rodot
376 4089 429 4123 von
442 4073 502 4124 dem
515 4076 678 4126 Attischeu“
696 4083 723 4126 et
735 4077 760 4130 C.
776 4077 805 4126 H.
819 4078 904 4127 Lucos
920 4079 948 4126 iu
965 4077 1049 4128 libro:
1067 4076 1261 4126 Formenlehre
1279 4076 1329 4126 des
1348 4079 1415 4126 ioui·
1452 4127 1453 4132 ,

281 4139 365 4190 soban
381 4141 510 4192 Dialekts
528 4144 565 4192 im
583 4145 683 4194 Homer
700 4146 780 4194 ucbst
797 4145 885 4195 eiuem
902 4145 1034 4210 Aulrauge
1052 4145 1100 4195 der
1116 4144 1339 4210 vcrziigliohsten
1358 4145 1416 4194 din-

282 4205 347 4260 ielrt.
358 4208 678 4273 Bigeuthiimlichkciten
691 4213 739 4262 des
751 4213 882 4262 Herodot.
901 4212 1121 4262 Uebersicbtlich
1133 4211 1305 4276 dergestellt.
1327 4213 1414 4261 Bono.

282 4275 324 4324 ed.
339 4281 401 4325 tert.
422 4274 495 4327 1853.
525 4279 564 4328 Ao
581 4279 680 4328 referri
696 4279 749 4329 huc
767 4295 872 4344 quoque
890 4281 992 4345 poterit
1006 4281 1048 4331 ct.
1062 4279 1283 4330 F.'Stodelmonrs:
1301 4279 1345 4329 De
1360 4281 1414 4328 lle·

282 4343 633 4474 rodoqq)eiusqu37dialaoto
647 4347 689 4398 111
700 4347 806 4398 Partes.
826 4349 942 4398 Dessav.
957 4346 1030 4398 1830.
1045 4347 1126 4400 1832:
1135 4347 1207 4398 1835.
1226 4349 1251 4397 4.

407 4427 470 4478 pag.
519 4449 526 4464 .
