2980 4978
279 443 341 506 499
691 441 1005 504 ΟΟΜΜΕΝΤΑΤΙΟ

210 673 212 680 .
278 621 367 668 autem
383 613 426 666 iric
440 613 525 668 codex
540 615 662 668 eiusdem
676 613 791 669 familiae
807 631 866 668 cum
882 633 928 682 eo,
944 615 1124 686 quamprimo
1142 615 1200 668 ioco
1216 616 1365 682 nominari,
1380 626 1400 668 et

277 698 342 752 iicet
356 705 445 752 aetate
463 699 501 752 sit
521 699 567 752 iiio
587 702 738 768 recentior,
763 707 850 754 tamen
867 701 988 754 bonitate
1005 701 1076 754 haud
1096 701 1207 754 muitum
1224 701 1311 754 eidem
1326 701 1400 766 cedit3

276 791 360 854 atque
374 801 425 838 usa
441 784 520 838 etiam
539 787 618 838 nobis
634 785 769 839 interdum
783 785 875 854 venit,
901 793 932 839 ut
950 786 1155 856 probatissimas
1170 785 1305 839 lectiones
1321 805 1352 839 ex
1364 787 1400 838 iiio

276 869 446 938 potuerimus
467 871 606 939 proferro,
636 887 705 942 quas
727 889 760 923 ex
782 871 868 924 altero
890 889 943 924 non
969 871 1120 942 reperimus
1141 877 1278 923 enotrnu.
1323 871 1400 924 Tenet

276 959 366 1008 autem
382 956 447 1008 haec
467 954 567 1009 familia
582 957 662 1028 qussi
683 955 817 1026 quoddam
831 957 946 1009 medium
968 956 1041 1010 inter
1054 955 1132 1009 codd.
1151 959 1227 1011 Arcis.
1243 956 1401 1026 (Saueroiti

276 1045 304 1092 et
322 1041 432 1096 Vindod.
453 1041 487 1092 ab
507 1058 560 1094 una
575 1045 653 1111 parte
670 1047 698 1094 et
713 1044 786 1096 Paos.
803 1044 863 1096 Asis.
883 1043 954 1096 Mea.
976 1047 1004 1093 et
1017 1044 1091 1096 Fior.
1108 1041 1142 1094 ab
1157 1041 1258 1108 aitera,
1284 1041 1400 1094 modoad

276 1123 325 1177 hos
347 1126 425 1179 modo
447 1125 481 1178 ad
500 1125 562 1178 iiios
581 1127 667 1194 magis
683 1126 849 1187 inclinans.“
883 1127 963 1196 Apud
976 1126 1190 1195 Wesseiingiuru
1208 1126 1294 1179 huius
1311 1126 1401 1178 codicis

275 1209 407 1264 lectiones
434 1209 549 1264 indicari
577 1209 657 1265 literd
678 1211 717 1279 A,
745 1211 818 1281 apud
838 1211 1128 1280 Schweighaeuserum
1156 1209 1221 1264 notri
1243 1213 1268 1265 G
1297 1211 1355 1264 sive
1374 1213 1402 1264 Pr

279 1295 438 1349 mododei.

362 1400 479 1465 Quartus
502 1397 586 1450 codex
601 1397 746 1452 Parisinus
767 1401 791 1452 D
810 1398 869 1452 sire
884 1397 925 1452 Pd
941 1401 1052 1450 notatus
1074 1396 1147 1467 apud
1167 1397 1403 1466 Schweighaeuse—

276 1497 333 1533 rum
349 1482 453 1552 etipse
470 1483 630 1536 chartaceus
646 1490 704 1551 est,
723 1501 795 1537 anno
813 1487 878 1538 1474
894 1489 1022 1536 exaratus
1040 1501 1082 1535 nr.
1098 1481 1346 1536 MMOMXXXIII.

361 1585 473 1650 Quietus
488 1584 573 1636 codex
589 1602 630 1636 nr.
644 1585 765 1653 MCDV,
780 1585 828 1655 qui
843 1583 905 1637 libr.
923 1585 946 1638 i.
962 1601 1020 1654 cap.
1036 1586 1117 1637 1-87
1135 1583 1267 1638 continet.
1302 1585 1405 1654 Deque

275 1667 313 1720 ita
329 1667 609 1736 Schweighaeuserus
623 1669 641 1723 i.
656 1669 674 1722 1.
691 1687 718 1738 p.
732 1669 844 1722 XXXV:
867 1669 1034 1736 „Admodum
1050 1668 1157 1738 quidem
1173 1687 1272 1722 recens
1289 1669 1314 1722 is
1329 1671 1405 1722 codor

275 1757 335 1818 est,
358 1768 437 1823 quem
456 1771 506 1806 nos
523 1753 587 1806 notd
601 1753 690 1806 Paris.
707 1756 731 1808 a·
748 1755 806 1807 sive
825 1757 860 1808 Pe
873 1753 1064 1807 distinximus=
1091 1761 1133 1822 at,
1153 1771 1223 1825 quae
1240 1755 1351 1824 quidem
1367 1755 1405 1806 iiis

274 1835 431 1890 Herodotea
451 1838 574 1904 exhibet,
600 1856 632 1891 ea
653 1857 668 1892 e
689 1840 881 1908 probatissimo
902 1845 996 1892 vetere
1014 1839 1107 1892 codice
1130 1839 1270 1909 descripta
1288 1858 1353 1892 esse
1367 1858 1405 1892 co-

274 1921 389 1986 gnovi.“
425 1923 534 1986 Quibus
550 1923 654 1976 accedit
668 1923 738 1976 eiius
752 1925 896 1977 Parisinus
911 1923 993 1992 iiber,
1009 1931 1136 1992 excerpta
1152 1943 1185 1977 ex
1198 1925 1337 1977 Herodoti
1351 1925 1406 1978 Itiu-

275 2004 315 2057 sis
333 2006 493 2074 continens,
516 2011 628 2080 Fragor.
648 2010 731 2063 Poris.
748 2027 792 2078 ap.
808 2007 991 2076 Wesseiing.,
1016 2009 1043 2061 in
1061 2009 1182 2062 editione
1197 2008 1406 2078 Schweighaeu-

274 2090 345 2158 seri,
362 2091 388 2144 in
408 2091 487 2145 cuium
506 2110 583 2146 usum
599 2094 715 2146 contniit
729 2095 762 2147 L.
778 2094 814 2148 H.
830 2093 950 2162 Heyier,
966 2095 1018 2146 sub
1034 2093 1098 2146 notai
1116 2095 1157 2165 Ps.

357 2191 409 2244 His
430 2194 593 2262 subiungam
612 2195 803 2248 indicationem
821 2195 934 2248 aliorum
950 2194 1120 2266 quorundam
1138 2194 1274 2248 Herodoti
1291 2197 1407 2248 codicum

275 2275 406 2345 noudum,
432 2287 563 2350 quantum
585 2280 656 2349 scio,
678 2279 851 2334 collatorum:
876 2279 911 2332 ad
934 2279 1088 2333 recentiora
1108 2287 1229 2350 tempora
1246 2281 1313 2334 mihi
1329 2281 1406 2350 perti-

274 2379 339 2414 nere
356 2361 395 2414 iiii
415 2363 544 2417 ridentur
563 2363 683 2436 indeque
704 2365 783 2419 etiam
804 2365 932 2418 minorem
948 2366 1134 2418 auctoritatem
1152 2365 1252 2418 habere
1274 2365 1305 2418 in
1323 2367 1407 2418 Herc-

273 2445 330 2498 doti
348 2447 439 2502 verbis
455 2450 558 2502 rectius
573 2451 783 2504 constituendis.

357 2549 390 2602 Ia
405 2549 583 2606 Mediraorum
600 2551 764 2605 bibliotheca
784 2555 892 2622 praeter
910 2551 984 2604 iiiunr
999 2550 1133 2606 Herodoti
1148 2551 1283 2620 codicem,
1309 2553 1344 2606 de
1359 2569 1407 2622 qao

273 2633 504 2704 supradiximus,
529 2645 582 2690 tres
596 2636 641 2688 aiii
661 2643 841 2690 asservantur
855 2635 990 2690 Herodoti
1008 2637 1130 2703 codices,
1155 2641 1326 2691 attestatur
1343 2639 1408 2692 Ban-

273 2716 330 2770 dini
345 2717 373 2770 in
387 2718 519 2788 Cstaiogo
535 2721 614 2774 codd.
627 2720 693 2774 bibi.
710 2721 843 2774 Laurent.
859 2721 919 2772 Voi.
935 2721 971 2772 11.
990 2738 1052 2790 pag.
1067 2724 1134 2776 665:

309 2820 332 2870 1.
355 2817 427 2870 Piut.
443 2820 525 2874 LXX.
546 2821 607 2877 cod.
622 2821 670 2875 VI.
687 2823 904 2876 membranaceus
924 2822 1026 2876 sacculi
1053 2822 1148 2876 decimi
1167 2823 1274 2895 quarti,
1303 2825 1354 2894 qai
1373 2827 1409 2876 io

356 2902 399 2955 iiis
417 2911 527 2957 constat
546 2909 597 2961 340
619 2911 647 2959 et
663 2906 772 2959 Nicolai
786 2907 912 2959 Triciinii
933 2925 1013 2961 manu
1034 2908 1155 2978 scriptus
1178 2913 1222 2960 est
1241 2925 1320 2962 anno
1346 2913 1408 2964 1318

355 2989 433 3043 form.
449 2998 556 3059 quart,
576 2997 605 3044 ut
623 2997 741 3044 testatur
756 2992 932 3062 subscriptio.
1101 3000 1103 3006 ’

306 3093 331 3142 2.
356 3089 428 3146 Piut.
440 3090 522 3144 LXX.
534 3092 593 3146 cod.
604 3091 701 3145 XXIX.
713 3094 931 3147 membranaceus
943 3093 1045 3146 saeculi
1056 3093 1150 3146 decimi
1163 3094 1262 3164 quinti,
1273 3103 1408 3148 constans

357 3173 431 3228 ioiiis
448 3179 497 3230 192
513 3181 541 3228 et
555 3176 764 3245 diligentissime
779 3185 924 3248 exaratus,
944 3185 974 3231 ut
989 3179 1028 3230 ait
1043 3179 1161 3232 Bandini
1177 3179 1194 3234 1.
1211 3178 1229 3229 i.
1245 3197 1313 3248 pag.
1325 3183 1389 3234 888.

305 3279 331 3330 3.
354 3275 426 3328 Piut.
442 3277 523 3332 LXX.
540 3279 599 3330 cod.
614 3277 724 3336 XXXII.
740 3281 899 3334 chartaceus
916 3283 1017 3334 formae
1036 3287 1161 3348 octavae,
1184 3279 1287 3332 decimo
1311 3283 1408 3352 quinto

356 3361 465 3414 saeculo
482 3363 602 3432 scriptus
619 3371 647 3416 et
661 3371 791 3418 constans
807 3364 879 3418 ioiiis
898 3369 964 3420 345:
988 3366 1104 3436 optimae
1121 3371 1201 3417 notae
1218 3383 1279 3417 eum
1295 3383 1408 3437 quoque

355 3465 418 3499 esse
432 3448 533 3500 asserit
547 3448 666 3502 Bandini
681 3448 698 3501 i.
712 3449 729 3501 i.
746 3467 808 3519 pag.
824 3453 885 3505 689.

355 3565 480 3634 inspexit
501 3566 549 3619 hos
570 3566 678 3620 codices
693 3567 791 3620 nbicho
810 3567 956 3638 (philolog.
972 3568 1034 3621 XII.
1049 3587 1076 3638 p.
1092 3568 1158 3636 204)
1179 3567 1353 3639 eosdemque
1366 3589 1408 3624 ae·

271 3655 328 3702 tate
344 3656 372 3703 et
388 3649 522 3719 dignitate
536 3651 660 3705 Mediceo
675 3651 748 3721 illo,
758 3669 835 3722 quem
851 3653 937 3723 primo
952 3652 1010 3706 ioco
1027 3653 1100 3706 inter
1114 3670 1206 3706 omnes
1225 3653 1339 3708 codices
1354 3656 1406 3708 He

271 3734 400 3787 redoteos
414 3751 499 3805 supra
512 3737 670 3806 posuimus,
694 3737 773 3804 ionga
795 3737 942 3791 inferiores
958 3737 1097 3792 habendos
1113 3755 1175 3791 esse
1189 3739 1326 3806 affirmat,
1353 3739 1406 3809 ple

270 3835 384 3889 rumque
399 3835 459 3874 cum
474 3821 525 3874 hoc
540 3821 600 3890 ipso
617 3821 740 3876 Medicco
762 3827 811 3872 ant
827 3823 986 3876 Florentino
1003 3823 1217 3878 consentientes.
1254 3823 1408 3878 Praeterea

271 3903 341 3956 idem
359 3903 400 3956 vir
421 3904 519 3958 doctus
539 3906 567 3958 in
585 3908 760 3960 Riocordiona
779 3906 942 3960 bibliotheca
962 3908 1081 3961 codicem
1095 3907 1230 3960 Herodoti
1251 3909 1406 3962 sevidisse

271 3993 405 4054 testatur,
426 4005 505 4058 quem
520 3990 628 4044 saeculo
645 3991 860 4060 decimoquarto
876 3995 934 4046 iere
949 3993 1133 4062 conscriptum
1148 3993 1190 4046 his
1208 3993 1299 4046 tribus
1316 3993 1405 4046 Medi·

271 4071 328 4122 ceis
342 4089 434 4140 parern
449 4073 535 4126 videri
550 4075 634 4128 addit.

355 4171 432 4224 inter
453 4172 560 4226 codices
582 4177 757 4230 Boroccs'nnos
778 4177 901 4230 Oxoniac
922 4185 1047 4232 servatos
1069 4186 1290 4232 commemoratur
1313 4181 1405 4233 Hero

271 4253 329 4306 doti
345 4254 429 4307 codex
450 4256 608 4312 chartaceus
625 4260 727 4312 sacculi
742 4261 805 4328 XV,
830 4279 871 4315 nr.
889 4262 989 4329 CXIV,
1016 4265 1134 4334 itemque
1154 4264 1223 4316 aiter
1240 4265 1405 4318 chartaceus

271 4337 373 4392 saeculi
383 4337 432 4390 XV
445 4343 571 4394 exeuntis
586 4343 659 4395 inter
674 4345 752 4396 codd.
765 4345 876 4397 misceii.
893 4365 934 4400 nr.
948 4346 1000 4400 CII
1016 4349 1158 4417 signatus.
1174 4347 1229 4401 vid.
1242 4349 1334 4402 Cox'c:
1352 4350 1403 4402 Ca-

271 4423 374 4492 taiogg.
391 4423 469 4474 codd·
484 4443 538 4464 m·
565 4427 630 4480 bibi.
645 4428 750 4481 Bodiei.
769 4429 791 4482 I.
809 4445 837 4497 p.
851 4433 901 4484 188
916 4437 944 4484 et
954 4433 1015 4486 879.
