<?xml version="1.0" encoding="UTF-8"?>
<!DOCTYPE html PUBLIC "-//W3C//DTD XHTML 1.0 Transitional//EN"
    "http://www.w3.org/TR/xhtml1/DTD/xhtml1-transitional.dtd">
<html xmlns="http://www.w3.org/1999/xhtml" xml:lang="en" lang="en">
 <head>
  <title>
</title>
<meta http-equiv="Content-Type" content="text/html;charset=utf-8" />
  <meta name='ocr-system' content='tesseract 3.04.00' />
  <meta name='ocr-capabilities' content='ocr_page ocr_carea ocr_par ocr_line ocrx_word'/>
</head>
<body>
  <div class='ocr_page' id='page_1' title='image "./herodotihalicar02bhgoog/herodotihalicar02bhgoog_0484.png"; bbox 0 0 2984 4962; ppageno 0'>
   <div class='ocr_carea' id='block_1_1' title="bbox 284 434 1215 502">
    <p class='ocr_par' dir='ltr' id='par_1_1' title="bbox 284 434 1215 502">
     <span class='ocr_line' id='line_1_1' title="bbox 284 434 1215 502; baseline 0.003 -5"><span class='ocrx_word' id='word_1_1' title='bbox 284 439 342 497; x_wconf 80' lang='lat' dir='ltr'>DE</span> <span class='ocrx_word' id='word_1_2' title='bbox 366 439 470 498; x_wconf 80' lang='lat' dir='ltr'>VI&#39;PA</span> <span class='ocrx_word' id='word_1_3' title='bbox 491 437 549 496; x_wconf 87' lang='grc' dir='ltr'>ΕΤ</span> <span class='ocrx_word' id='word_1_4' title='bbox 571 436 762 496; x_wconf 83' lang='lat' dir='ltr'>SCRIPTIS</span> <span class='ocrx_word' id='word_1_5' title='bbox 785 434 1019 496; x_wconf 83' lang='lat' dir='ltr'>HERODOTI.</span> <span class='ocrx_word' id='word_1_6' title='bbox 1154 440 1215 502; x_wconf 83' lang='grc'>465</span> 
     </span>
    </p>
   </div>
   <div class='ocr_carea' id='block_1_2' title="bbox 80 607 1230 3645">
    <p class='ocr_par' dir='ltr' id='par_1_2' title="bbox 80 607 1230 3645">
     <span class='ocr_line' id='line_1_2' title="bbox 82 607 1214 677; baseline 0 -17"><span class='ocrx_word' id='word_1_7' title='bbox 82 607 124 660; x_wconf 89' lang='lat' dir='ltr'>sic</span> <span class='ocrx_word' id='word_1_8' title='bbox 138 607 334 662; x_wconf 86' lang='lat' dir='ltr'>occurrendum</span> <span class='ocrx_word' id='word_1_9' title='bbox 349 608 459 660; x_wconf 80' lang='lat' dir='ltr'>videtur</span> <span class='ocrx_word' id='word_1_10' title='bbox 470 608 622 676; x_wconf 85' lang='lat' dir='ltr'>Bredovio,</span> <span class='ocrx_word' id='word_1_11' title='bbox 641 613 693 677; x_wconf 88' lang='lat' dir='ltr'>„ut</span> <span class='ocrx_word' id='word_1_12' title='bbox 708 607 829 660; x_wconf 88' lang='lat' dir='ltr'>collectis</span> <span class='ocrx_word' id='word_1_13' title='bbox 845 607 927 660; x_wconf 88' lang='lat' dir='ltr'>unius</span> <span class='ocrx_word' id='word_1_14' title='bbox 942 607 1120 676; x_wconf 88' lang='lat' dir='ltr'>eiusdemque</span> <span class='ocrx_word' id='word_1_15' title='bbox 1134 625 1214 660; x_wconf 86' lang='lat' dir='ltr'>voca·</span> 
     </span>
     <span class='ocr_line' id='line_1_3' title="bbox 82 691 1216 764; baseline -0.002 -20"><span class='ocrx_word' id='word_1_16' title='bbox 82 693 161 760; x_wconf 90' lang='lat' dir='ltr'>„buli</span> <span class='ocrx_word' id='word_1_17' title='bbox 174 692 422 764; x_wconf 81' lang='lat' dir='ltr'>vocabulorumque</span> <span class='ocrx_word' id='word_1_18' title='bbox 436 693 547 762; x_wconf 74' lang='lat' dir='ltr'>generis</span> <span class='ocrx_word' id='word_1_19' title='bbox 564 692 691 762; x_wconf 82' lang='lat' dir='ltr'>exemplis</span> <span class='ocrx_word' id='word_1_20' title='bbox 707 693 845 760; x_wconf 90' lang='lat' dir='ltr'>omnibus,</span> <span class='ocrx_word' id='word_1_21' title='bbox 866 692 973 746; x_wconf 86' lang='lat' dir='ltr'>ratione</span> <span class='ocrx_word' id='word_1_22' title='bbox 989 709 1099 762; x_wconf 91' lang='lat' dir='ltr'>quoque</span> <span class='ocrx_word' id='word_1_23' title='bbox 1113 693 1141 744; x_wconf 93' lang='lat' dir='ltr'>in</span> <span class='ocrx_word' id='word_1_24' title='bbox 1156 691 1216 744; x_wconf 83' lang='lat' dir='ltr'>loco</span> 
     </span>
     <span class='ocr_line' id='line_1_4' title="bbox 81 776 1213 848; baseline -0.005 -18"><span class='ocrx_word' id='word_1_25' title='bbox 81 778 224 844; x_wconf 88' lang='lat' dir='ltr'>„codicum</span> <span class='ocrx_word' id='word_1_26' title='bbox 242 779 396 848; x_wconf 88' lang='lat' dir='ltr'>scripturae</span> <span class='ocrx_word' id='word_1_27' title='bbox 408 779 514 845; x_wconf 85' lang='lat' dir='ltr'>babitu,</span> <span class='ocrx_word' id='word_1_28' title='bbox 533 795 659 832; x_wconf 88' lang='lat' dir='ltr'>summam</span> <span class='ocrx_word' id='word_1_29' title='bbox 674 778 809 847; x_wconf 86' lang='lat' dir='ltr'>quandam</span> <span class='ocrx_word' id='word_1_30' title='bbox 825 777 866 830; x_wconf 81' lang='lat' dir='ltr'>vel</span> <span class='ocrx_word' id='word_1_31' title='bbox 883 777 1093 846; x_wconf 65' lang='lat' dir='ltr'><strong>depravatorum</strong></span> <span class='ocrx_word' id='word_1_32' title='bbox 1110 776 1152 830; x_wconf 82' lang='lat' dir='ltr'>vel</span> <span class='ocrx_word' id='word_1_33' title='bbox 1168 795 1213 830; x_wconf 90' lang='lat' dir='ltr'>re.</span> 
     </span>
     <span class='ocr_line' id='line_1_5' title="bbox 82 862 1215 934; baseline -0.002 -18"><span class='ocrx_word' id='word_1_34' title='bbox 82 871 205 928; x_wconf 85' lang='lat' dir='ltr'>„ctsrum</span> <span class='ocrx_word' id='word_1_35' title='bbox 219 864 366 917; x_wconf 86' lang='lat' dir='ltr'>formarum</span> <span class='ocrx_word' id='word_1_36' title='bbox 387 863 570 916; x_wconf 74' lang='lat' dir='ltr'>subducamus</span> <span class='ocrx_word' id='word_1_37' title='bbox 589 869 672 934; x_wconf 88' lang='lat' dir='ltr'>atque</span> <span class='ocrx_word' id='word_1_38' title='bbox 688 864 859 916; x_wconf 86' lang='lat' dir='ltr'>conferamus</span> <span class='ocrx_word' id='word_1_39' title='bbox 879 862 997 932; x_wconf 79' lang='lat' dir='ltr'>indeque</span> <span class='ocrx_word' id='word_1_40' title='bbox 1013 862 1122 914; x_wconf 91' lang='lat' dir='ltr'>codices</span> <span class='ocrx_word' id='word_1_41' title='bbox 1138 862 1215 930; x_wconf 90' lang='lat' dir='ltr'>ipsos</span> 
     </span>
     <span class='ocr_line' id='line_1_6' title="bbox 81 945 1215 1018; baseline -0.003 -18"><span class='ocrx_word' id='word_1_42' title='bbox 81 948 175 1014; x_wconf 91' lang='lat' dir='ltr'>„inter</span> <span class='ocrx_word' id='word_1_43' title='bbox 192 965 222 1001; x_wconf 90' lang='lat' dir='ltr'>se</span> <span class='ocrx_word' id='word_1_44' title='bbox 240 948 446 1002; x_wconf 84' lang='lat' dir='ltr'>conciliemus.“</span> <span class='ocrx_word' id='word_1_45' title='bbox 483 947 565 1011; x_wconf 83' lang='lat' dir='ltr'>Quod</span> <span class='ocrx_word' id='word_1_46' title='bbox 580 949 626 1002; x_wconf 87' lang='lat' dir='ltr'>ubi</span> <span class='ocrx_word' id='word_1_47' title='bbox 642 963 757 1018; x_wconf 86' lang='lat' dir='ltr'>prorsus</span> <span class='ocrx_word' id='word_1_48' title='bbox 773 947 834 1000; x_wconf 88' lang='lat' dir='ltr'>lieri</span> <span class='ocrx_word' id='word_1_49' title='bbox 849 947 961 1017; x_wconf 89' lang='lat' dir='ltr'>nequit,</span> <span class='ocrx_word' id='word_1_50' title='bbox 978 948 1103 1002; x_wconf 87' lang='lat' dir='ltr'>omnibus</span> <span class='ocrx_word' id='word_1_51' title='bbox 1115 945 1215 998; x_wconf 91' lang='lat' dir='ltr'>codici·</span> 
     </span>
     <span class='ocr_line' id='line_1_7' title="bbox 82 1032 1215 1102; baseline -0.001 -18"><span class='ocrx_word' id='word_1_52' title='bbox 82 1033 134 1086; x_wconf 90' lang='lat' dir='ltr'>bus</span> <span class='ocrx_word' id='word_1_53' title='bbox 148 1049 249 1088; x_wconf 88' lang='lat' dir='ltr'>summo</span> <span class='ocrx_word' id='word_1_54' title='bbox 270 1049 408 1086; x_wconf 90' lang='lat' dir='ltr'>consensu</span> <span class='ocrx_word' id='word_1_55' title='bbox 425 1032 628 1100; x_wconf 87' lang='lat' dir='ltr'>obnitentibus,</span> <span class='ocrx_word' id='word_1_56' title='bbox 653 1032 695 1086; x_wconf 80' lang='lat' dir='ltr'>vel</span> <span class='ocrx_word' id='word_1_57' title='bbox 717 1032 838 1086; x_wconf 86' lang='lat' dir='ltr'>codicum</span> <span class='ocrx_word' id='word_1_58' title='bbox 858 1033 1021 1086; x_wconf 85' lang='lat' dir='ltr'>auctoritate</span> <span class='ocrx_word' id='word_1_59' title='bbox 1036 1049 1152 1102; x_wconf 86' lang='lat' dir='ltr'>prorsas</span> <span class='ocrx_word' id='word_1_60' title='bbox 1168 1049 1215 1084; x_wconf 88' lang='lat' dir='ltr'>ne-</span> 
     </span>
     <span class='ocr_line' id='line_1_8' title="bbox 81 1112 1215 1186; baseline 0 -18"><span class='ocrx_word' id='word_1_61' title='bbox 81 1117 170 1186; x_wconf 81' lang='lat' dir='ltr'>glecta</span> <span class='ocrx_word' id='word_1_62' title='bbox 190 1118 291 1170; x_wconf 86' lang='lat' dir='ltr'>rationi</span> <span class='ocrx_word' id='word_1_63' title='bbox 310 1125 338 1170; x_wconf 93' lang='lat' dir='ltr'>et</span> <span class='ocrx_word' id='word_1_64' title='bbox 357 1117 500 1186; x_wconf 74' lang='lat' dir='ltr'><strong>analogiae</strong></span> <span class='ocrx_word' id='word_1_65' title='bbox 523 1117 703 1170; x_wconf 89' lang='lat' dir='ltr'>obediendum</span> <span class='ocrx_word' id='word_1_66' title='bbox 723 1135 785 1170; x_wconf 86' lang='lat' dir='ltr'>esse</span> <span class='ocrx_word' id='word_1_67' title='bbox 805 1112 954 1184; x_wconf 79' lang='lat' dir='ltr'>mavult*).</span> <span class='ocrx_word' id='word_1_68' title='bbox 992 1117 1102 1170; x_wconf 81' lang='lat' dir='ltr'>Etenim</span> <span class='ocrx_word' id='word_1_69' title='bbox 1115 1117 1145 1170; x_wconf 90' lang='lat' dir='ltr'>in</span> <span class='ocrx_word' id='word_1_70' title='bbox 1166 1117 1215 1168; x_wconf 86' lang='lat' dir='ltr'>bac</span> 
     </span>
     <span class='ocr_line' id='line_1_9' title="bbox 82 1202 1215 1272; baseline 0 -18"><span class='ocrx_word' id='word_1_71' title='bbox 82 1203 142 1271; x_wconf 90' lang='lat' dir='ltr'>ipsa</span> <span class='ocrx_word' id='word_1_72' title='bbox 162 1202 353 1270; x_wconf 84' lang='lat' dir='ltr'>convenientia</span> <span class='ocrx_word' id='word_1_73' title='bbox 375 1211 458 1272; x_wconf 88' lang='lat' dir='ltr'>atque</span> <span class='ocrx_word' id='word_1_74' title='bbox 473 1202 768 1272; x_wconf 45' lang='lat' dir='ltr'>concinnitate„quae</span> <span class='ocrx_word' id='word_1_75' title='bbox 788 1203 815 1254; x_wconf 98' lang='lat' dir='ltr'>in</span> <span class='ocrx_word' id='word_1_76' title='bbox 839 1202 964 1254; x_wconf 87' lang='lat' dir='ltr'>omnibus</span> <span class='ocrx_word' id='word_1_77' title='bbox 986 1202 1128 1254; x_wconf 84' lang='lat' dir='ltr'>vocabulis</span> <span class='ocrx_word' id='word_1_78' title='bbox 1149 1219 1215 1254; x_wconf 90' lang='lat' dir='ltr'>con-</span> 
     </span>
     <span class='ocr_line' id='line_1_10' title="bbox 82 1287 1213 1358; baseline 0 -20"><span class='ocrx_word' id='word_1_79' title='bbox 82 1287 209 1338; x_wconf 74' lang='lat' dir='ltr'>stantium</span> <span class='ocrx_word' id='word_1_80' title='bbox 225 1287 360 1357; x_wconf 85' lang='lat' dir='ltr'>quandam</span> <span class='ocrx_word' id='word_1_81' title='bbox 374 1288 408 1339; x_wconf 87' lang='lat' dir='ltr'>ab</span> <span class='ocrx_word' id='word_1_82' title='bbox 425 1288 487 1358; x_wconf 84' lang='lat' dir='ltr'>ipsa</span> <span class='ocrx_word' id='word_1_83' title='bbox 505 1295 603 1340; x_wconf 88' lang='lat' dir='ltr'>natura</span> <span class='ocrx_word' id='word_1_84' title='bbox 620 1288 768 1356; x_wconf 89' lang='lat' dir='ltr'>profectam</span> <span class='ocrx_word' id='word_1_85' title='bbox 783 1293 892 1355; x_wconf 79' lang='lat' dir='ltr'>servat,</span> <span class='ocrx_word' id='word_1_86' title='bbox 918 1305 1008 1356; x_wconf 86' lang='lat' dir='ltr'>neque</span> <span class='ocrx_word' id='word_1_87' title='bbox 1028 1287 1120 1340; x_wconf 90' lang='lat' dir='ltr'>eadem</span> <span class='ocrx_word' id='word_1_88' title='bbox 1135 1287 1213 1340; x_wconf 91' lang='lat' dir='ltr'>modo</span> 
     </span>
     <span class='ocr_line' id='line_1_11' title="bbox 83 1365 1230 1442; baseline 0.001 -19"><span class='ocrx_word' id='word_1_89' title='bbox 83 1371 132 1424; x_wconf 89' lang='lat' dir='ltr'>bac</span> <span class='ocrx_word' id='word_1_90' title='bbox 150 1372 227 1424; x_wconf 90' lang='lat' dir='ltr'>modo</span> <span class='ocrx_word' id='word_1_91' title='bbox 248 1371 294 1424; x_wconf 79' lang='lat' dir='ltr'>int</span> <span class='ocrx_word' id='word_1_92' title='bbox 309 1371 394 1426; x_wconf 82' lang='lat' dir='ltr'>formd</span> <span class='ocrx_word' id='word_1_93' title='bbox 409 1374 531 1442; x_wconf 87' lang='lat' dir='ltr'>profert,</span> <span class='ocrx_word' id='word_1_94' title='bbox 554 1372 630 1424; x_wconf 89' lang='lat' dir='ltr'>cerni</span> <span class='ocrx_word' id='word_1_95' title='bbox 652 1371 711 1424; x_wconf 83' lang='lat' dir='ltr'>vult</span> <span class='ocrx_word' id='word_1_96' title='bbox 723 1372 872 1425; x_wconf 89' lang='lat' dir='ltr'>Herodotei</span> <span class='ocrx_word' id='word_1_97' title='bbox 894 1373 986 1442; x_wconf 88' lang='lat' dir='ltr'>operis</span> <span class='ocrx_word' id='word_1_98' title='bbox 1005 1365 1230 1442; x_wconf 78' lang='lat' dir='ltr'>artificium**).·</span> 
     </span>
     <span class='ocr_line' id='line_1_12' title="bbox 81 1455 1216 1527; baseline 0.002 -21"><span class='ocrx_word' id='word_1_99' title='bbox 81 1455 141 1510; x_wconf 91' lang='lat' dir='ltr'>Hac</span> <span class='ocrx_word' id='word_1_100' title='bbox 161 1456 248 1524; x_wconf 81' lang='lat' dir='ltr'>igitur</span> <span class='ocrx_word' id='word_1_101' title='bbox 268 1457 311 1510; x_wconf 81' lang='lat' dir='ltr'>vis</span> <span class='ocrx_word' id='word_1_102' title='bbox 328 1475 494 1527; x_wconf 79' lang='lat' dir='ltr'>progressus</span> <span class='ocrx_word' id='word_1_103' title='bbox 515 1457 559 1509; x_wconf 84' lang='lat' dir='ltr'>vir</span> <span class='ocrx_word' id='word_1_104' title='bbox 579 1457 677 1509; x_wconf 85' lang='lat' dir='ltr'>doctus</span> <span class='ocrx_word' id='word_1_105' title='bbox 697 1456 814 1509; x_wconf 87' lang='lat' dir='ltr'>infinitis</span> <span class='ocrx_word' id='word_1_106' title='bbox 835 1457 903 1510; x_wconf 88' lang='lat' dir='ltr'>locis</span> <span class='ocrx_word' id='word_1_107' title='bbox 926 1473 1004 1510; x_wconf 82' lang='lat' dir='ltr'>veros</span> <span class='ocrx_word' id='word_1_108' title='bbox 1022 1455 1216 1510; x_wconf 77' lang='lat' dir='ltr'>vocabulorum</span> 
     </span>
     <span class='ocr_line' id='line_1_13' title="bbox 83 1541 1214 1612; baseline 0.001 -21"><span class='ocrx_word' id='word_1_109' title='bbox 83 1541 183 1594; x_wconf 88' lang='lat' dir='ltr'>formas</span> <span class='ocrx_word' id='word_1_110' title='bbox 193 1541 300 1594; x_wconf 84' lang='lat' dir='ltr'>invenit</span> <span class='ocrx_word' id='word_1_111' title='bbox 313 1551 396 1612; x_wconf 84' lang='lat' dir='ltr'>atque</span> <span class='ocrx_word' id='word_1_112' title='bbox 412 1541 529 1596; x_wconf 70' lang='lat' dir='ltr'>feliciter</span> <span class='ocrx_word' id='word_1_113' title='bbox 541 1541 683 1594; x_wconf 83' lang='lat' dir='ltr'>Herodoto</span> <span class='ocrx_word' id='word_1_114' title='bbox 695 1542 833 1596; x_wconf 69' lang='lat' dir='ltr'>restituite</span> <span class='ocrx_word' id='word_1_115' title='bbox 854 1559 940 1612; x_wconf 85' lang='lat' dir='ltr'>quare</span> <span class='ocrx_word' id='word_1_116' title='bbox 954 1542 1027 1594; x_wconf 88' lang='lat' dir='ltr'>bunc</span> <span class='ocrx_word' id='word_1_117' title='bbox 1043 1541 1145 1606; x_wconf 82' lang='lat' dir='ltr'>virum,</span> <span class='ocrx_word' id='word_1_118' title='bbox 1170 1541 1214 1592; x_wconf 91' lang='lat' dir='ltr'>cni</span> 
     </span>
     <span class='ocr_line' id='line_1_14' title="bbox 82 1626 1213 1696; baseline 0 -19"><span class='ocrx_word' id='word_1_119' title='bbox 82 1632 214 1694; x_wconf 88' lang='lat' dir='ltr'>quantum</span> <span class='ocrx_word' id='word_1_120' title='bbox 235 1626 409 1694; x_wconf 75' lang='lat' dir='ltr'>deberemus,</span> <span class='ocrx_word' id='word_1_121' title='bbox 434 1629 486 1680; x_wconf 88' lang='lat' dir='ltr'>iam</span> <span class='ocrx_word' id='word_1_122' title='bbox 507 1627 534 1679; x_wconf 94' lang='lat' dir='ltr'>in</span> <span class='ocrx_word' id='word_1_123' title='bbox 551 1626 722 1696; x_wconf 76' lang='lat' dir='ltr'>praefatione</span> <span class='ocrx_word' id='word_1_124' title='bbox 742 1626 814 1696; x_wconf 85' lang='lat' dir='ltr'>(Vol.</span> <span class='ocrx_word' id='word_1_125' title='bbox 830 1627 853 1679; x_wconf 93' lang='lat' dir='ltr'>l.</span> <span class='ocrx_word' id='word_1_126' title='bbox 868 1645 896 1696; x_wconf 90' lang='lat' dir='ltr'>p.</span> <span class='ocrx_word' id='word_1_127' title='bbox 911 1626 947 1694; x_wconf 87' lang='lat' dir='ltr'>X)</span> <span class='ocrx_word' id='word_1_128' title='bbox 970 1626 1091 1696; x_wconf 74' lang='lat' dir='ltr'>professi</span> <span class='ocrx_word' id='word_1_129' title='bbox 1109 1641 1213 1692; x_wconf 87' lang='lat' dir='ltr'>sumus,</span> 
     </span>
     <span class='ocr_line' id='line_1_15' title="bbox 82 1709 1213 1782; baseline 0.002 -22"><span class='ocrx_word' id='word_1_130' title='bbox 82 1711 161 1780; x_wconf 88' lang='lat' dir='ltr'>sequi</span> <span class='ocrx_word' id='word_1_131' title='bbox 176 1710 205 1764; x_wconf 93' lang='lat' dir='ltr'>in</span> <span class='ocrx_word' id='word_1_132' title='bbox 220 1711 342 1781; x_wconf 87' lang='lat' dir='ltr'>plurimis</span> <span class='ocrx_word' id='word_1_133' title='bbox 362 1712 433 1764; x_wconf 88' lang='lat' dir='ltr'>baud</span> <span class='ocrx_word' id='word_1_134' title='bbox 448 1712 650 1780; x_wconf 72' lang='lat' dir='ltr'>dubitavimus,</span> <span class='ocrx_word' id='word_1_135' title='bbox 672 1727 742 1782; x_wconf 89' lang='lat' dir='ltr'>quae</span> <span class='ocrx_word' id='word_1_136' title='bbox 762 1713 795 1764; x_wconf 88' lang='lat' dir='ltr'>ab</span> <span class='ocrx_word' id='word_1_137' title='bbox 810 1712 870 1781; x_wconf 90' lang='lat' dir='ltr'>ipso</span> <span class='ocrx_word' id='word_1_138' title='bbox 886 1711 926 1764; x_wconf 87' lang='lat' dir='ltr'>sic</span> <span class='ocrx_word' id='word_1_139' title='bbox 941 1711 1054 1764; x_wconf 82' lang='lat' dir='ltr'>inventa</span> <span class='ocrx_word' id='word_1_140' title='bbox 1069 1717 1097 1764; x_wconf 91' lang='lat' dir='ltr'>et</span> <span class='ocrx_word' id='word_1_141' title='bbox 1110 1709 1213 1764; x_wconf 91' lang='lat' dir='ltr'>consti-</span> 
     </span>
     <span class='ocr_line' id='line_1_16' title="bbox 81 1796 1213 1866; baseline 0.001 -21"><span class='ocrx_word' id='word_1_142' title='bbox 81 1801 142 1847; x_wconf 83' lang='lat' dir='ltr'>tuta</span> <span class='ocrx_word' id='word_1_143' title='bbox 161 1813 223 1848; x_wconf 87' lang='lat' dir='ltr'>esse</span> <span class='ocrx_word' id='word_1_144' title='bbox 239 1798 417 1866; x_wconf 86' lang='lat' dir='ltr'>putabamus,</span> <span class='ocrx_word' id='word_1_145' title='bbox 441 1805 473 1850; x_wconf 89' lang='lat' dir='ltr'>ut</span> <span class='ocrx_word' id='word_1_146' title='bbox 491 1796 602 1849; x_wconf 88' lang='lat' dir='ltr'>dubium</span> <span class='ocrx_word' id='word_1_147' title='bbox 623 1796 726 1848; x_wconf 85' lang='lat' dir='ltr'>nullum</span> <span class='ocrx_word' id='word_1_148' title='bbox 741 1805 817 1850; x_wconf 89' lang='lat' dir='ltr'>esset</span> <span class='ocrx_word' id='word_1_149' title='bbox 835 1796 973 1850; x_wconf 76' lang='lat' dir='ltr'>relicturus</span> <span class='ocrx_word' id='word_1_150' title='bbox 1001 1796 1110 1848; x_wconf 78' lang='lat' dir='ltr'>cautius</span> <span class='ocrx_word' id='word_1_151' title='bbox 1126 1803 1213 1848; x_wconf 83' lang='lat' dir='ltr'>tamen</span> 
     </span>
     <span class='ocr_line' id='line_1_17' title="bbox 81 1877 1214 1952; baseline 0.002 -22"><span class='ocrx_word' id='word_1_152' title='bbox 81 1877 109 1930; x_wconf 90' lang='lat' dir='ltr'>in</span> <span class='ocrx_word' id='word_1_153' title='bbox 125 1880 160 1932; x_wconf 91' lang='lat' dir='ltr'>iis</span> <span class='ocrx_word' id='word_1_154' title='bbox 175 1881 309 1949; x_wconf 77' lang='lat' dir='ltr'>agendum</span> <span class='ocrx_word' id='word_1_155' title='bbox 330 1899 392 1935; x_wconf 90' lang='lat' dir='ltr'>esse</span> <span class='ocrx_word' id='word_1_156' title='bbox 410 1881 581 1952; x_wconf 78' lang='lat' dir='ltr'>putavimus,</span> <span class='ocrx_word' id='word_1_157' title='bbox 605 1898 675 1950; x_wconf 87' lang='lat' dir='ltr'>quae</span> <span class='ocrx_word' id='word_1_158' title='bbox 691 1882 725 1933; x_wconf 88' lang='lat' dir='ltr'>ad</span> <span class='ocrx_word' id='word_1_159' title='bbox 745 1881 814 1933; x_wconf 89' lang='lat' dir='ltr'>banc</span> <span class='ocrx_word' id='word_1_160' title='bbox 828 1881 1018 1934; x_wconf 87' lang='lat' dir='ltr'>certitudinem</span> <span class='ocrx_word' id='word_1_161' title='bbox 1036 1880 1155 1934; x_wconf 88' lang='lat' dir='ltr'>nondum</span> <span class='ocrx_word' id='word_1_162' title='bbox 1167 1880 1214 1933; x_wconf 90' lang='lat' dir='ltr'>ad·</span> 
     </span>
     <span class='ocr_line' id='line_1_18' title="bbox 81 1963 1215 2036; baseline 0.002 -21"><span class='ocrx_word' id='word_1_163' title='bbox 81 1963 162 2016; x_wconf 83' lang='lat' dir='ltr'>ducta</span> <span class='ocrx_word' id='word_1_164' title='bbox 178 1981 237 2018; x_wconf 89' lang='lat' dir='ltr'>cum</span> <span class='ocrx_word' id='word_1_165' title='bbox 252 1975 347 2020; x_wconf 86' lang='lat' dir='ltr'>essent</span> <span class='ocrx_word' id='word_1_166' title='bbox 360 1983 450 2036; x_wconf 88' lang='lat' dir='ltr'>nequa</span> <span class='ocrx_word' id='word_1_167' title='bbox 468 1983 585 2036; x_wconf 89' lang='lat' dir='ltr'>unquam</span> <span class='ocrx_word' id='word_1_168' title='bbox 599 1983 631 2018; x_wconf 90' lang='lat' dir='ltr'>eo</span> <span class='ocrx_word' id='word_1_169' title='bbox 645 1965 744 2018; x_wconf 78' lang='lat' dir='ltr'>adduci</span> <span class='ocrx_word' id='word_1_170' title='bbox 757 1983 840 2036; x_wconf 82' lang='lat' dir='ltr'>pocae</span> <span class='ocrx_word' id='word_1_171' title='bbox 856 1966 936 2020; x_wconf 92' lang='lat' dir='ltr'>nobis</span> <span class='ocrx_word' id='word_1_172' title='bbox 951 1965 1128 2033; x_wconf 82' lang='lat' dir='ltr'>viderentur,</span> <span class='ocrx_word' id='word_1_173' title='bbox 1145 1965 1215 2018; x_wconf 89' lang='lat' dir='ltr'>satis</span> 
     </span>
     <span class='ocr_line' id='line_1_19' title="bbox 82 2049 1215 2120; baseline 0.002 -20"><span class='ocrx_word' id='word_1_174' title='bbox 82 2051 274 2120; x_wconf 71' lang='lat' dir='ltr'>ostenderent,</span> <span class='ocrx_word' id='word_1_175' title='bbox 302 2051 471 2104; x_wconf 88' lang='lat' dir='ltr'>Herodotum</span> <span class='ocrx_word' id='word_1_176' title='bbox 492 2051 521 2102; x_wconf 95' lang='lat' dir='ltr'>in</span> <span class='ocrx_word' id='word_1_177' title='bbox 537 2049 686 2102; x_wconf 84' lang='lat' dir='ltr'>-nonnullls</span> <span class='ocrx_word' id='word_1_178' title='bbox 706 2059 780 2104; x_wconf 84' lang='lat' dir='ltr'>certe</span> <span class='ocrx_word' id='word_1_179' title='bbox 802 2051 897 2104; x_wconf 87' lang='lat' dir='ltr'>formis</span> <span class='ocrx_word' id='word_1_180' title='bbox 918 2051 1089 2119; x_wconf 71' lang='lat' dir='ltr'>vocibusque</span> <span class='ocrx_word' id='word_1_181' title='bbox 1108 2050 1146 2102; x_wconf 88' lang='lat' dir='ltr'>ita</span> <span class='ocrx_word' id='word_1_182' title='bbox 1170 2067 1215 2104; x_wconf 81' lang='lat' dir='ltr'>va·</span> 
     </span>
     <span class='ocr_line' id='line_1_20' title="bbox 82 2133 1215 2205; baseline 0 -21"><span class='ocrx_word' id='word_1_183' title='bbox 82 2133 186 2204; x_wconf 88' lang='lat' dir='ltr'>riasae,</span> <span class='ocrx_word' id='word_1_184' title='bbox 201 2143 300 2188; x_wconf 92' lang='lat' dir='ltr'>utnon</span> <span class='ocrx_word' id='word_1_185' title='bbox 317 2152 396 2188; x_wconf 88' lang='lat' dir='ltr'>unam</span> <span class='ocrx_word' id='word_1_186' title='bbox 411 2138 521 2190; x_wconf 84' lang='lat' dir='ltr'>formam</span> <span class='ocrx_word' id='word_1_187' title='bbox 538 2141 697 2187; x_wconf 71' lang='lat' dir='ltr'>constanter</span> <span class='ocrx_word' id='word_1_188' title='bbox 711 2135 864 2204; x_wconf 86' lang='lat' dir='ltr'>admiserit,</span> <span class='ocrx_word' id='word_1_189' title='bbox 881 2136 930 2188; x_wconf 87' lang='lat' dir='ltr'>sed</span> <span class='ocrx_word' id='word_1_190' title='bbox 942 2135 1036 2205; x_wconf 85' lang='lat' dir='ltr'>plures</span> <span class='ocrx_word' id='word_1_191' title='bbox 1051 2134 1215 2202; x_wconf 87' lang='lat' dir='ltr'>adbibuerit,</span> 
     </span>
     <span class='ocr_line' id='line_1_21' title="bbox 81 2219 1215 2286; baseline 0.001 -18"><span class='ocrx_word' id='word_1_192' title='bbox 81 2219 158 2271; x_wconf 90' lang='lat' dir='ltr'>modo</span> <span class='ocrx_word' id='word_1_193' title='bbox 176 2220 282 2272; x_wconf 88' lang='lat' dir='ltr'>solutas</span> <span class='ocrx_word' id='word_1_194' title='bbox 296 2221 374 2274; x_wconf 88' lang='lat' dir='ltr'>modo</span> <span class='ocrx_word' id='word_1_195' title='bbox 389 2227 559 2286; x_wconf 88' lang='lat' dir='ltr'>contractas,</span> <span class='ocrx_word' id='word_1_196' title='bbox 577 2219 656 2270; x_wconf 92' lang='lat' dir='ltr'>modo</span> <span class='ocrx_word' id='word_1_197' title='bbox 670 2219 778 2272; x_wconf 90' lang='lat' dir='ltr'>lonicas</span> <span class='ocrx_word' id='word_1_198' title='bbox 790 2219 893 2272; x_wconf 85' lang='lat' dir='ltr'>aliasve</span> <span class='ocrx_word' id='word_1_199' title='bbox 905 2220 1018 2272; x_wconf 90' lang='lat' dir='ltr'>aliarum</span> <span class='ocrx_word' id='word_1_200' title='bbox 1030 2219 1215 2285; x_wconf 84' lang='lat' dir='ltr'>dialectorum,</span> 
     </span>
     <span class='ocr_line' id='line_1_22' title="bbox 80 2301 1215 2372; baseline -0.003 -17"><span class='ocrx_word' id='word_1_201' title='bbox 80 2304 159 2355; x_wconf 89' lang='lat' dir='ltr'>modo</span> <span class='ocrx_word' id='word_1_202' title='bbox 174 2321 345 2372; x_wconf 88' lang='lat' dir='ltr'>communes,</span> <span class='ocrx_word' id='word_1_203' title='bbox 360 2305 406 2358; x_wconf 82' lang='lat' dir='ltr'>vix</span> <span class='ocrx_word' id='word_1_204' title='bbox 425 2304 479 2356; x_wconf 91' lang='lat' dir='ltr'>ullo</span> <span class='ocrx_word' id='word_1_205' title='bbox 495 2311 570 2356; x_wconf 86' lang='lat' dir='ltr'>certo</span> <span class='ocrx_word' id='word_1_206' title='bbox 584 2303 612 2354; x_wconf 92' lang='lat' dir='ltr'>in</span> <span class='ocrx_word' id='word_1_207' title='bbox 629 2302 762 2370; x_wconf 83' lang='lat' dir='ltr'>eligendis</span> <span class='ocrx_word' id='word_1_208' title='bbox 774 2304 848 2356; x_wconf 88' lang='lat' dir='ltr'>bisce</span> <span class='ocrx_word' id='word_1_209' title='bbox 860 2305 954 2356; x_wconf 87' lang='lat' dir='ltr'>formis</span> <span class='ocrx_word' id='word_1_210' title='bbox 966 2303 1084 2371; x_wconf 76' lang='lat' dir='ltr'>singulis</span> <span class='ocrx_word' id='word_1_211' title='bbox 1099 2301 1215 2355; x_wconf 85' lang='lat' dir='ltr'>consilio</span> 
     </span>
     <span class='ocr_line' id='line_1_23' title="bbox 81 2387 1215 2460; baseline -0.002 -20"><span class='ocrx_word' id='word_1_212' title='bbox 81 2387 197 2457; x_wconf 88' lang='lat' dir='ltr'>ductus,</span> <span class='ocrx_word' id='word_1_213' title='bbox 213 2389 263 2442; x_wconf 91' lang='lat' dir='ltr'>sed</span> <span class='ocrx_word' id='word_1_214' title='bbox 278 2405 310 2442; x_wconf 88' lang='lat' dir='ltr'>ea</span> <span class='ocrx_word' id='word_1_215' title='bbox 325 2389 475 2458; x_wconf 87' lang='lat' dir='ltr'>recipiens,</span> <span class='ocrx_word' id='word_1_216' title='bbox 495 2405 566 2460; x_wconf 85' lang='lat' dir='ltr'>quac</span> <span class='ocrx_word' id='word_1_217' title='bbox 579 2387 695 2440; x_wconf 86' lang='lat' dir='ltr'>animum</span> <span class='ocrx_word' id='word_1_218' title='bbox 707 2387 778 2440; x_wconf 88' lang='lat' dir='ltr'>ultro</span> <span class='ocrx_word' id='word_1_219' title='bbox 790 2388 917 2440; x_wconf 89' lang='lat' dir='ltr'>subirent</span> <span class='ocrx_word' id='word_1_220' title='bbox 927 2395 1080 2457; x_wconf 86' lang='lat' dir='ltr'>sponteque</span> <span class='ocrx_word' id='word_1_221' title='bbox 1089 2405 1120 2440; x_wconf 90' lang='lat' dir='ltr'>se</span> <span class='ocrx_word' id='word_1_222' title='bbox 1132 2387 1215 2438; x_wconf 82' lang='lat' dir='ltr'>offer·</span> 
     </span>
     <span class='ocr_line' id='line_1_24' title="bbox 82 2471 1217 2542; baseline 0 -18"><span class='ocrx_word' id='word_1_223' title='bbox 82 2479 158 2524; x_wconf 79' lang='lat' dir='ltr'>rents</span> <span class='ocrx_word' id='word_1_224' title='bbox 181 2479 214 2524; x_wconf 91' lang='lat' dir='ltr'>nt</span> <span class='ocrx_word' id='word_1_225' title='bbox 227 2473 296 2526; x_wconf 89' lang='lat' dir='ltr'>adeo</span> <span class='ocrx_word' id='word_1_226' title='bbox 310 2473 375 2526; x_wconf 87' lang='lat' dir='ltr'>baec</span> <span class='ocrx_word' id='word_1_227' title='bbox 389 2481 448 2526; x_wconf 86' lang='lat' dir='ltr'>tota</span> <span class='ocrx_word' id='word_1_228' title='bbox 464 2489 508 2526; x_wconf 87' lang='lat' dir='ltr'>res</span> <span class='ocrx_word' id='word_1_229' title='bbox 524 2490 540 2524; x_wconf 91' lang='lat' dir='ltr'>a</span> <span class='ocrx_word' id='word_1_230' title='bbox 554 2472 698 2542; x_wconf 89' lang='lat' dir='ltr'>scriptoris</span> <span class='ocrx_word' id='word_1_231' title='bbox 713 2473 800 2542; x_wconf 76' lang='lat' dir='ltr'>animo</span> <span class='ocrx_word' id='word_1_232' title='bbox 816 2489 847 2524; x_wconf 89' lang='lat' dir='ltr'>ac</span> <span class='ocrx_word' id='word_1_233' title='bbox 861 2489 946 2526; x_wconf 91' lang='lat' dir='ltr'>sensu</span> <span class='ocrx_word' id='word_1_234' title='bbox 962 2472 1081 2542; x_wconf 84' lang='lat' dir='ltr'>pendeat</span> <span class='ocrx_word' id='word_1_235' title='bbox 1096 2471 1217 2540; x_wconf 87' lang='lat' dir='ltr'>indeque</span> 
     </span>
     <span class='ocr_line' id='line_1_25' title="bbox 83 2551 1215 2628; baseline -0.001 -19"><span class='ocrx_word' id='word_1_236' title='bbox 83 2557 163 2610; x_wconf 90' lang='lat' dir='ltr'>unice</span> <span class='ocrx_word' id='word_1_237' title='bbox 182 2557 326 2610; x_wconf 86' lang='lat' dir='ltr'>diiudicari</span> <span class='ocrx_word' id='word_1_238' title='bbox 347 2551 517 2628; x_wconf 71' lang='lat' dir='ltr'>possit*&#39;*).</span> <span class='ocrx_word' id='word_1_239' title='bbox 554 2557 653 2626; x_wconf 87' lang='lat' dir='ltr'>Neque</span> <span class='ocrx_word' id='word_1_240' title='bbox 668 2574 735 2610; x_wconf 86' lang='lat' dir='ltr'>sene</span> <span class='ocrx_word' id='word_1_241' title='bbox 748 2557 918 2610; x_wconf 87' lang='lat' dir='ltr'>Herodotum</span> <span class='ocrx_word' id='word_1_242' title='bbox 933 2557 960 2610; x_wconf 86' lang='lat' dir='ltr'>in</span> <span class='ocrx_word' id='word_1_243' title='bbox 978 2556 1020 2608; x_wconf 88' lang='lat' dir='ltr'>bis</span> <span class='ocrx_word' id='word_1_244' title='bbox 1036 2556 1130 2609; x_wconf 92' lang='lat' dir='ltr'>formis</span> <span class='ocrx_word' id='word_1_245' title='bbox 1148 2571 1215 2624; x_wconf 88' lang='lat' dir='ltr'>eam,</span> 
     </span>
     <span class='ocr_line' id='line_1_26' title="bbox 82 2641 1211 2712; baseline 0 -18"><span class='ocrx_word' id='word_1_246' title='bbox 82 2657 162 2712; x_wconf 90' lang='lat' dir='ltr'>quam</span> <span class='ocrx_word' id='word_1_247' title='bbox 175 2641 287 2711; x_wconf 82' lang='lat' dir='ltr'>volunt,</span> <span class='ocrx_word' id='word_1_248' title='bbox 303 2645 483 2696; x_wconf 68' lang='lat' dir='ltr'>constantia·</span> <span class='ocrx_word' id='word_1_249' title='bbox 504 2641 628 2695; x_wconf 90' lang='lat' dir='ltr'>tenuisse</span> <span class='ocrx_word' id='word_1_250' title='bbox 646 2642 790 2712; x_wconf 88' lang='lat' dir='ltr'>omniaque</span> <span class='ocrx_word' id='word_1_251' title='bbox 810 2642 845 2696; x_wconf 88' lang='lat' dir='ltr'>ad</span> <span class='ocrx_word' id='word_1_252' title='bbox 862 2659 941 2694; x_wconf 88' lang='lat' dir='ltr'>unam</span> <span class='ocrx_word' id='word_1_253' title='bbox 963 2641 1130 2711; x_wconf 84' lang='lat' dir='ltr'>eandemque</span> <span class='ocrx_word' id='word_1_254' title='bbox 1147 2657 1211 2694; x_wconf 88' lang='lat' dir='ltr'>nor·</span> 
     </span>
     <span class='ocr_line' id='line_1_27' title="bbox 82 2725 1216 2797; baseline -0.003 -18"><span class='ocrx_word' id='word_1_255' title='bbox 82 2743 148 2780; x_wconf 89' lang='lat' dir='ltr'>mam</span> <span class='ocrx_word' id='word_1_256' title='bbox 169 2727 296 2796; x_wconf 81' lang='lat' dir='ltr'>exegisse</span> <span class='ocrx_word' id='word_1_257' title='bbox 316 2728 421 2782; x_wconf 85' lang='lat' dir='ltr'>credam</span> <span class='ocrx_word' id='word_1_258' title='bbox 431 2729 478 2797; x_wconf 81' lang='lat'>†)=</span> <span class='ocrx_word' id='word_1_259' title='bbox 507 2745 557 2780; x_wconf 92' lang='lat' dir='ltr'>nec</span> <span class='ocrx_word' id='word_1_260' title='bbox 576 2727 662 2796; x_wconf 79' lang='lat' dir='ltr'>magis</span> <span class='ocrx_word' id='word_1_261' title='bbox 686 2727 792 2781; x_wconf 88' lang='lat' dir='ltr'>credam</span> <span class='ocrx_word' id='word_1_262' title='bbox 813 2727 893 2780; x_wconf 90' lang='lat' dir='ltr'>nobis</span> <span class='ocrx_word' id='word_1_263' title='bbox 914 2727 996 2780; x_wconf 92' lang='lat' dir='ltr'>licere</span> <span class='ocrx_word' id='word_1_264' title='bbox 1019 2726 1122 2780; x_wconf 88' lang='lat' dir='ltr'>reiecta</span> <span class='ocrx_word' id='word_1_265' title='bbox 1143 2725 1216 2778; x_wconf 91' lang='lat' dir='ltr'>omni</span> 
     </span>
     <span class='ocr_line' id='line_1_28' title="bbox 81 2809 1215 2883; baseline -0.001 -20"><span class='ocrx_word' id='word_1_266' title='bbox 81 2811 210 2865; x_wconf 83' lang='lat' dir='ltr'>librorum</span> <span class='ocrx_word' id='word_1_267' title='bbox 225 2812 389 2883; x_wconf 87' lang='lat' dir='ltr'>scriptorum</span> <span class='ocrx_word' id='word_1_268' title='bbox 403 2813 566 2867; x_wconf 88' lang='lat' dir='ltr'>auctoritate</span> <span class='ocrx_word' id='word_1_269' title='bbox 585 2812 626 2865; x_wconf 90' lang='lat' dir='ltr'>sic</span> <span class='ocrx_word' id='word_1_270' title='bbox 638 2829 735 2881; x_wconf 82' lang='lat' dir='ltr'>agere,</span> <span class='ocrx_word' id='word_1_271' title='bbox 755 2821 787 2866; x_wconf 89' lang='lat' dir='ltr'>ut</span> <span class='ocrx_word' id='word_1_272' title='bbox 801 2813 889 2866; x_wconf 89' lang='lat' dir='ltr'>omnia</span> <span class='ocrx_word' id='word_1_273' title='bbox 903 2813 936 2866; x_wconf 86' lang='lat' dir='ltr'>ad</span> <span class='ocrx_word' id='word_1_274' title='bbox 953 2827 1047 2878; x_wconf 88' lang='lat' dir='ltr'>unam,</span> <span class='ocrx_word' id='word_1_275' title='bbox 1071 2827 1141 2879; x_wconf 90' lang='lat' dir='ltr'>quae</span> <span class='ocrx_word' id='word_1_276' title='bbox 1156 2809 1215 2862; x_wconf 89' lang='lat' dir='ltr'>sola</span> 
     </span>
     <span class='ocr_line' id='line_1_29' title="bbox 81 2894 1215 2968; baseline -0.002 -20"><span class='ocrx_word' id='word_1_277' title='bbox 81 2913 147 2948; x_wconf 84' lang='lat' dir='ltr'>vera</span> <span class='ocrx_word' id='word_1_278' title='bbox 163 2897 243 2950; x_wconf 90' lang='lat' dir='ltr'>nobis</span> <span class='ocrx_word' id='word_1_279' title='bbox 256 2897 367 2952; x_wconf 83' lang='lat' dir='ltr'>videtur</span> <span class='ocrx_word' id='word_1_280' title='bbox 383 2917 455 2966; x_wconf 89' lang='lat' dir='ltr'>esse,</span> <span class='ocrx_word' id='word_1_281' title='bbox 471 2915 589 2952; x_wconf 87' lang='lat' dir='ltr'>normam</span> <span class='ocrx_word' id='word_1_282' title='bbox 604 2897 755 2966; x_wconf 75' lang='lat' dir='ltr'>exigamus,</span> <span class='ocrx_word' id='word_1_283' title='bbox 771 2898 916 2968; x_wconf 89' lang='lat' dir='ltr'>ipsumque</span> <span class='ocrx_word' id='word_1_284' title='bbox 930 2895 1096 2950; x_wconf 80' lang='lat' dir='ltr'>Bredorium</span> <span class='ocrx_word' id='word_1_285' title='bbox 1107 2894 1215 2947; x_wconf 76' lang='lat' dir='ltr'>inceni-</span> 
     </span>
     <span class='ocr_line' id='line_1_30' title="bbox 80 2979 1214 3053; baseline -0.001 -20"><span class='ocrx_word' id='word_1_286' title='bbox 80 2982 183 3035; x_wconf 83' lang='lat' dir='ltr'>masin</span> <span class='ocrx_word' id='word_1_287' title='bbox 200 2982 340 3036; x_wconf 90' lang='lat' dir='ltr'>nonnullis</span> <span class='ocrx_word' id='word_1_288' title='bbox 355 2983 394 3036; x_wconf 88' lang='lat' dir='ltr'>ita</span> <span class='ocrx_word' id='word_1_289' title='bbox 409 2990 589 3051; x_wconf 86' lang='lat' dir='ltr'>statuentem,</span> <span class='ocrx_word' id='word_1_290' title='bbox 614 2989 644 3036; x_wconf 88' lang='lat' dir='ltr'>ut</span> <span class='ocrx_word' id='word_1_291' title='bbox 660 2983 829 3036; x_wconf 90' lang='lat' dir='ltr'>Herodotum</span> <span class='ocrx_word' id='word_1_292' title='bbox 845 2983 971 3053; x_wconf 84' lang='lat' dir='ltr'>pluribus</span> <span class='ocrx_word' id='word_1_293' title='bbox 987 2981 1015 3034; x_wconf 92' lang='lat' dir='ltr'>in</span> <span class='ocrx_word' id='word_1_294' title='bbox 1036 2997 1090 3034; x_wconf 93' lang='lat' dir='ltr'>uno</span> <span class='ocrx_word' id='word_1_295' title='bbox 1108 2979 1214 3033; x_wconf 87' lang='lat' dir='ltr'>eodem-</span> 
     </span>
     <span class='ocr_line' id='line_1_31' title="bbox 81 3064 1215 3138; baseline -0.003 -19"><span class='ocrx_word' id='word_1_296' title='bbox 81 3084 135 3136; x_wconf 90' lang='lat' dir='ltr'>que</span> <span class='ocrx_word' id='word_1_297' title='bbox 149 3066 282 3120; x_wconf 82' lang='lat' dir='ltr'>rocabulo</span> <span class='ocrx_word' id='word_1_298' title='bbox 298 3069 392 3122; x_wconf 83' lang='lat' dir='ltr'>formis</span> <span class='ocrx_word' id='word_1_299' title='bbox 406 3069 557 3138; x_wconf 88' lang='lat' dir='ltr'>promiscue</span> <span class='ocrx_word' id='word_1_300' title='bbox 574 3084 653 3121; x_wconf 88' lang='lat' dir='ltr'>naum</span> <span class='ocrx_word' id='word_1_301' title='bbox 668 3086 731 3122; x_wconf 87' lang='lat' dir='ltr'>esse</span> <span class='ocrx_word' id='word_1_302' title='bbox 745 3069 902 3122; x_wconf 85' lang='lat' dir='ltr'>affirmaret.</span> <span class='ocrx_word' id='word_1_303' title='bbox 934 3067 1031 3138; x_wconf 88' lang='lat' dir='ltr'>ltaque</span> <span class='ocrx_word' id='word_1_304' title='bbox 1046 3084 1073 3136; x_wconf 88' lang='lat' dir='ltr'>p.</span> <span class='ocrx_word' id='word_1_305' title='bbox 1088 3068 1152 3131; x_wconf 80' lang='lat'>196,</span> <span class='ocrx_word' id='word_1_306' title='bbox 1168 3064 1215 3116; x_wconf 92' lang='lat' dir='ltr'>ubi</span> 
     </span>
     <span class='ocr_line' id='line_1_32' title="bbox 81 3150 1214 3220; baseline -0.003 -17"><span class='ocrx_word' id='word_1_307' title='bbox 81 3152 115 3203; x_wconf 91' lang='lat' dir='ltr'>de</span> <span class='ocrx_word' id='word_1_308' title='bbox 128 3152 213 3204; x_wconf 88' lang='lat' dir='ltr'>forma</span> <span class='ocrx_word' id='word_1_309' title='bbox 225 3151 416 3204; x_wconf 87' lang='lat' dir='ltr'>nonnullorum</span> <span class='ocrx_word' id='word_1_310' title='bbox 427 3155 572 3206; x_wconf 83' lang='lat' dir='ltr'>verborum</span> <span class='ocrx_word' id='word_1_311' title='bbox 583 3153 611 3204; x_wconf 92' lang='lat' dir='ltr'>in</span> <span class='ocrx_word' id='word_1_312' title='bbox 624 3155 647 3206; x_wconf 82' lang='lat' dir='ltr'>oi</span> <span class='ocrx_word' id='word_1_313' title='bbox 657 3171 690 3206; x_wconf 88' lang='lat' dir='ltr'>ex</span> <span class='ocrx_word' id='word_1_314' title='bbox 702 3153 737 3215; x_wconf 76' lang='grc' dir='ltr'>ῆῖι</span> <span class='ocrx_word' id='word_1_315' title='bbox 749 3159 890 3206; x_wconf 85' lang='lat' dir='ltr'>contracta</span> <span class='ocrx_word' id='word_1_316' title='bbox 905 3151 977 3220; x_wconf 80' lang='lat' dir='ltr'>agit,</span> <span class='ocrx_word' id='word_1_317' title='bbox 993 3150 1127 3215; x_wconf 86' lang='lat' dir='ltr'>omnibus,</span> <span class='ocrx_word' id='word_1_318' title='bbox 1143 3165 1214 3220; x_wconf 87' lang='lat' dir='ltr'>quae</span> 
     </span>
     <span class='ocr_line' id='line_1_33' title="bbox 82 3233 1222 3306; baseline -0.002 -20"><span class='ocrx_word' id='word_1_319' title='bbox 82 3236 134 3287; x_wconf 90' lang='lat' dir='ltr'>buc</span> <span class='ocrx_word' id='word_1_320' title='bbox 155 3236 310 3304; x_wconf 89' lang='lat' dir='ltr'>pertinent,</span> <span class='ocrx_word' id='word_1_321' title='bbox 334 3236 401 3288; x_wconf 86' lang='lat' dir='ltr'>loeis</span> <span class='ocrx_word' id='word_1_322' title='bbox 428 3255 460 3289; x_wconf 86' lang='lat' dir='ltr'>ex</span> <span class='ocrx_word' id='word_1_323' title='bbox 480 3237 622 3289; x_wconf 86' lang='lat' dir='ltr'>Herodoto</span> <span class='ocrx_word' id='word_1_324' title='bbox 643 3236 763 3290; x_wconf 85' lang='lat' dir='ltr'>collectis</span> <span class='ocrx_word' id='word_1_325' title='bbox 784 3245 858 3290; x_wconf 89' lang='lat' dir='ltr'>recte</span> <span class='ocrx_word' id='word_1_326' title='bbox 884 3237 982 3306; x_wconf 86' lang='lat' dir='ltr'>opinor</span> <span class='ocrx_word' id='word_1_327' title='bbox 1002 3236 1068 3288; x_wconf 88' lang='lat' dir='ltr'>baec</span> <span class='ocrx_word' id='word_1_328' title='bbox 1088 3233 1222 3302; x_wconf 75' lang='lat' dir='ltr'>scripsitc.</span> 
     </span>
     <span class='ocr_line' id='line_1_34' title="bbox 82 3319 1214 3391; baseline -0.003 -20"><span class='ocrx_word' id='word_1_329' title='bbox 82 3319 186 3388; x_wconf 86' lang='lat' dir='ltr'>„Plura</span> <span class='ocrx_word' id='word_1_330' title='bbox 199 3320 285 3388; x_wconf 82' lang='lat' dir='ltr'>igitur</span> <span class='ocrx_word' id='word_1_331' title='bbox 299 3327 365 3372; x_wconf 88' lang='lat' dir='ltr'>sunt</span> <span class='ocrx_word' id='word_1_332' title='bbox 380 3320 514 3390; x_wconf 83' lang='lat' dir='ltr'>exempla,</span> <span class='ocrx_word' id='word_1_333' title='bbox 531 3322 576 3374; x_wconf 90' lang='lat' dir='ltr'>ubi</span> <span class='ocrx_word' id='word_1_334' title='bbox 590 3321 678 3373; x_wconf 86' lang='lat' dir='ltr'>nostri</span> <span class='ocrx_word' id='word_1_335' title='bbox 693 3322 800 3391; x_wconf 88' lang='lat' dir='ltr'>quidem</span> <span class='ocrx_word' id='word_1_336' title='bbox 816 3321 879 3374; x_wconf 85' lang='lat' dir='ltr'>libri</span> <span class='ocrx_word' id='word_1_337' title='bbox 894 3337 986 3372; x_wconf 89' lang='lat' dir='ltr'>omnes</span> <span class='ocrx_word' id='word_1_338' title='bbox 1000 3319 1028 3371; x_wconf 95' lang='lat' dir='ltr'>in</span> <span class='ocrx_word' id='word_1_339' title='bbox 1042 3321 1144 3371; x_wconf 86' lang='lat' dir='ltr'>formas</span> <span class='ocrx_word' id='word_1_340' title='bbox 1159 3333 1214 3368; x_wconf 91' lang='lat' dir='ltr'>nou</span> 
     </span>
     <span class='ocr_line' id='line_1_35' title="bbox 81 3399 1215 3476; baseline -0.006 -20"><span class='ocrx_word' id='word_1_341' title='bbox 81 3411 237 3457; x_wconf 84' lang='lat' dir='ltr'>contractas</span> <span class='ocrx_word' id='word_1_342' title='bbox 249 3405 440 3476; x_wconf 88' lang='lat' dir='ltr'>consentiunt,</span> <span class='ocrx_word' id='word_1_343' title='bbox 456 3422 534 3475; x_wconf 89' lang='lat' dir='ltr'>quam</span> <span class='ocrx_word' id='word_1_344' title='bbox 550 3405 596 3458; x_wconf 89' lang='lat' dir='ltr'>ubi</span> <span class='ocrx_word' id='word_1_345' title='bbox 610 3405 637 3456; x_wconf 94' lang='lat' dir='ltr'>in</span> <span class='ocrx_word' id='word_1_346' title='bbox 652 3413 820 3472; x_wconf 88' lang='lat' dir='ltr'>contractas,</span> <span class='ocrx_word' id='word_1_347' title='bbox 836 3411 867 3458; x_wconf 88' lang='lat' dir='ltr'>ut</span> <span class='ocrx_word' id='word_1_348' title='bbox 879 3421 969 3475; x_wconf 90' lang='lat' dir='ltr'>neque</span> <span class='ocrx_word' id='word_1_349' title='bbox 983 3404 1048 3456; x_wconf 86' lang='lat' dir='ltr'>baec</span> <span class='ocrx_word' id='word_1_350' title='bbox 1064 3417 1153 3470; x_wconf 90' lang='lat' dir='ltr'>neque</span> <span class='ocrx_word' id='word_1_351' title='bbox 1168 3399 1215 3451; x_wconf 89' lang='lat' dir='ltr'>illa</span> 
     </span>
     <span class='ocr_line' id='line_1_36' title="bbox 81 3485 1213 3562; baseline -0.004 -19"><span class='ocrx_word' id='word_1_352' title='bbox 81 3499 185 3543; x_wconf 89' lang='lat' dir='ltr'>mutare</span> <span class='ocrx_word' id='word_1_353' title='bbox 194 3489 313 3555; x_wconf 90' lang='lat' dir='ltr'>audeas,</span> <span class='ocrx_word' id='word_1_354' title='bbox 331 3490 381 3542; x_wconf 88' lang='lat' dir='ltr'>sed</span> <span class='ocrx_word' id='word_1_355' title='bbox 392 3491 540 3546; x_wconf 82' lang='lat' dir='ltr'>Herodotus</span> <span class='ocrx_word' id='word_1_356' title='bbox 550 3493 605 3562; x_wconf 83' lang='lat' dir='ltr'>ipse</span> <span class='ocrx_word' id='word_1_357' title='bbox 614 3493 664 3544; x_wconf 82' lang='lat' dir='ltr'>bae</span> <span class='ocrx_word' id='word_1_358' title='bbox 674 3492 701 3542; x_wconf 82' lang='lat' dir='ltr'>in</span> <span class='ocrx_word' id='word_1_359' title='bbox 715 3511 744 3544; x_wconf 83' lang='lat' dir='ltr'>re</span> <span class='ocrx_word' id='word_1_360' title='bbox 756 3493 872 3544; x_wconf 82' lang='lat' dir='ltr'>variasse</span> <span class='ocrx_word' id='word_1_361' title='bbox 883 3492 928 3544; x_wconf 84' lang='lat' dir='ltr'>tili</span> <span class='ocrx_word' id='word_1_362' title='bbox 938 3490 1081 3542; x_wconf 83' lang='lat' dir='ltr'>censendus</span> <span class='ocrx_word' id='word_1_363' title='bbox 1091 3487 1154 3538; x_wconf 85' lang='lat' dir='ltr'>sit.“</span> <span class='ocrx_word' id='word_1_364' title='bbox 1163 3485 1213 3550; x_wconf 71' lang='grc' dir='ltr'>Η)</span> 
     </span>
     <span class='ocr_line' id='line_1_37' title="bbox 81 3563 1213 3645; baseline -0.007 -18"><span class='ocrx_word' id='word_1_365' title='bbox 81 3575 180 3644; x_wconf 87' lang='lat' dir='ltr'>Neque</span> <span class='ocrx_word' id='word_1_366' title='bbox 195 3574 274 3626; x_wconf 88' lang='lat' dir='ltr'>aliter</span> <span class='ocrx_word' id='word_1_367' title='bbox 289 3592 319 3626; x_wconf 92' lang='lat' dir='ltr'>se</span> <span class='ocrx_word' id='word_1_368' title='bbox 335 3592 381 3626; x_wconf 91' lang='lat' dir='ltr'>res</span> <span class='ocrx_word' id='word_1_369' title='bbox 401 3575 481 3628; x_wconf 85' lang='lat' dir='ltr'>babet</span> <span class='ocrx_word' id='word_1_370' title='bbox 497 3576 525 3628; x_wconf 92' lang='lat' dir='ltr'>in</span> <span class='ocrx_word' id='word_1_371' title='bbox 542 3575 626 3628; x_wconf 79' lang='lat' dir='ltr'>verbo</span> <span class='ocrx_word' id='word_1_372' title='bbox 643 3571 749 3645; x_wconf 74' lang='grc' dir='ltr'>πλέειν,</span> <span class='ocrx_word' id='word_1_373' title='bbox 772 3575 844 3644; x_wconf 92' lang='lat' dir='ltr'>quod</span> <span class='ocrx_word' id='word_1_374' title='bbox 865 3574 958 3626; x_wconf 91' lang='lat' dir='ltr'>lonice</span> <span class='ocrx_word' id='word_1_375' title='bbox 975 3572 1075 3624; x_wconf 89' lang='lat' dir='ltr'>dicitur</span> <span class='ocrx_word' id='word_1_376' title='bbox 1094 3563 1213 3623; x_wconf 72' lang='lat' dir='ltr'>ulciaco:</span> 
     </span>
    </p>
   </div>
   <div class='ocr_carea' id='block_1_3' title="bbox 80 3753 1214 4282">
    <p class='ocr_par' dir='ltr' id='par_1_3' title="bbox 146 3753 466 3823">
     <span class='ocr_line' id='line_1_38' title="bbox 146 3753 466 3823; baseline -0.006 -15"><span class='ocrx_word' id='word_1_377' title='bbox 146 3753 171 3820; x_wconf 73' lang='lat'>⁸)</span> <span class='ocrx_word' id='word_1_378' title='bbox 189 3755 250 3808; x_wconf 86' lang='lat' dir='ltr'>Vid.</span> <span class='ocrx_word' id='word_1_379' title='bbox 264 3772 326 3823; x_wconf 75' lang='lat' dir='ltr'>pag.</span> <span class='ocrx_word' id='word_1_380' title='bbox 339 3754 372 3806; x_wconf 80' lang='lat'>87</span> <span class='ocrx_word' id='word_1_381' title='bbox 386 3755 466 3806; x_wconf 77' lang='lat' dir='ltr'>etat.</span> 
     </span>
    </p>

    <p class='ocr_par' dir='ltr' id='par_1_4' title="bbox 82 3821 1213 4026">
     <span class='ocr_line' id='line_1_39' title="bbox 146 3821 1213 3890; baseline -0.006 -14"><span class='ocrx_word' id='word_1_382' title='bbox 146 3821 186 3889; x_wconf 64' lang='lat'>⁸⁵¹)</span> <span class='ocrx_word' id='word_1_383' title='bbox 204 3825 264 3876; x_wconf 88' lang='lat' dir='ltr'>Vid.</span> <span class='ocrx_word' id='word_1_384' title='bbox 277 3839 342 3890; x_wconf 77' lang='lat' dir='ltr'>pag.</span> <span class='ocrx_word' id='word_1_385' title='bbox 355 3825 380 3885; x_wconf 83' lang='lat'>7,</span> <span class='ocrx_word' id='word_1_386' title='bbox 397 3825 445 3874; x_wconf 92' lang='lat' dir='ltr'>ubi</span> <span class='ocrx_word' id='word_1_387' title='bbox 456 3825 526 3876; x_wconf 85' lang='lat' dir='ltr'>baec</span> <span class='ocrx_word' id='word_1_388' title='bbox 539 3826 623 3874; x_wconf 87' lang='lat' dir='ltr'>etiam</span> <span class='ocrx_word' id='word_1_389' title='bbox 636 3823 713 3874; x_wconf 86' lang='lat' dir='ltr'>addit</span> <span class='ocrx_word' id='word_1_390' title='bbox 725 3822 766 3873; x_wconf 84' lang='lat' dir='ltr'>vir</span> <span class='ocrx_word' id='word_1_391' title='bbox 778 3823 888 3874; x_wconf 75' lang='lat' dir='ltr'>doctuaz</span> <span class='ocrx_word' id='word_1_392' title='bbox 907 3837 1014 3888; x_wconf 80' lang='lat' dir='ltr'>„neque</span> <span class='ocrx_word' id='word_1_393' title='bbox 1029 3823 1100 3874; x_wconf 87' lang='lat' dir='ltr'>enim</span> <span class='ocrx_word' id='word_1_394' title='bbox 1114 3835 1158 3872; x_wconf 86' lang='lat' dir='ltr'>ars</span> <span class='ocrx_word' id='word_1_395' title='bbox 1172 3835 1213 3871; x_wconf 87' lang='lat' dir='ltr'>es·</span> 
     </span>
     <span class='ocr_line' id='line_1_40' title="bbox 82 3889 1211 3956; baseline -0.004 -14"><span class='ocrx_word' id='word_1_396' title='bbox 82 3896 135 3954; x_wconf 87' lang='lat' dir='ltr'>set,</span> <span class='ocrx_word' id='word_1_397' title='bbox 155 3894 179 3943; x_wconf 88' lang='lat' dir='ltr'>si</span> <span class='ocrx_word' id='word_1_398' title='bbox 191 3907 269 3944; x_wconf 87' lang='lat' dir='ltr'>omne</span> <span class='ocrx_word' id='word_1_399' title='bbox 283 3893 342 3943; x_wconf 90' lang='lat' dir='ltr'>fere</span> <span class='ocrx_word' id='word_1_400' title='bbox 354 3893 518 3943; x_wconf 85' lang='lat' dir='ltr'>vocabulum</span> <span class='ocrx_word' id='word_1_401' title='bbox 530 3892 609 3942; x_wconf 88' lang='lat' dir='ltr'>modo</span> <span class='ocrx_word' id='word_1_402' title='bbox 623 3891 674 3942; x_wconf 88' lang='lat' dir='ltr'>bac</span> <span class='ocrx_word' id='word_1_403' title='bbox 689 3891 766 3942; x_wconf 89' lang='lat' dir='ltr'>modo</span> <span class='ocrx_word' id='word_1_404' title='bbox 779 3891 830 3941; x_wconf 80' lang='lat' dir='ltr'>illa</span> <span class='ocrx_word' id='word_1_405' title='bbox 842 3891 930 3942; x_wconf 74' lang='lat' dir='ltr'>formti</span> <span class='ocrx_word' id='word_1_406' title='bbox 942 3896 1102 3956; x_wconf 84' lang='lat' dir='ltr'>usurpasset</span> <span class='ocrx_word' id='word_1_407' title='bbox 1113 3889 1211 3954; x_wconf 80' lang='lat' dir='ltr'>(Hero-</span> 
     </span>
     <span class='ocr_line' id='line_1_41' title="bbox 83 3955 1038 4026; baseline 0 -18"><span class='ocrx_word' id='word_1_408' title='bbox 83 3959 185 4022; x_wconf 87' lang='lat' dir='ltr'>dotus),</span> <span class='ocrx_word' id='word_1_409' title='bbox 200 3959 248 4010; x_wconf 90' lang='lat' dir='ltr'>sed</span> <span class='ocrx_word' id='word_1_410' title='bbox 260 3959 446 4026; x_wconf 79' lang='lat' dir='ltr'>negligentia,</span> <span class='ocrx_word' id='word_1_411' title='bbox 460 3961 660 4020; x_wconf 87' lang='lat' dir='ltr'>inconstantia,</span> <span class='ocrx_word' id='word_1_412' title='bbox 676 3959 766 4024; x_wconf 86' lang='lat' dir='ltr'>qualis</span> <span class='ocrx_word' id='word_1_413' title='bbox 779 3965 821 4009; x_wconf 90' lang='lat' dir='ltr'>est</span> <span class='ocrx_word' id='word_1_414' title='bbox 833 3955 1038 4009; x_wconf 79' lang='lat' dir='ltr'>librariorum.“</span> 
     </span>
    </p>

    <p class='ocr_par' dir='ltr' id='par_1_5' title="bbox 80 4024 1214 4282">
     <span class='ocr_line' id='line_1_42' title="bbox 148 4024 1214 4094; baseline -0.004 -16"><span class='ocrx_word' id='word_1_415' title='bbox 148 4024 200 4090; x_wconf 51' lang='lat' dir='ltr'>m)</span> <span class='ocrx_word' id='word_1_416' title='bbox 219 4027 261 4078; x_wconf 85' lang='lat' dir='ltr'>Cf.</span> <span class='ocrx_word' id='word_1_417' title='bbox 275 4029 419 4078; x_wconf 84' lang='lat' dir='ltr'>Meierotto</span> <span class='ocrx_word' id='word_1_418' title='bbox 431 4028 448 4078; x_wconf 91' lang='lat' dir='ltr'>l.</span> <span class='ocrx_word' id='word_1_419' title='bbox 460 4029 477 4079; x_wconf 94' lang='lat' dir='ltr'>l.</span> <span class='ocrx_word' id='word_1_420' title='bbox 487 4044 551 4094; x_wconf 83' lang='lat' dir='ltr'>pag.</span> <span class='ocrx_word' id='word_1_421' title='bbox 564 4026 614 4078; x_wconf 76' lang='grc'>596</span> <span class='ocrx_word' id='word_1_422' title='bbox 627 4028 660 4077; x_wconf 89' lang='lat' dir='ltr'>de</span> <span class='ocrx_word' id='word_1_423' title='bbox 674 4027 808 4077; x_wconf 84' lang='lat' dir='ltr'>Herodoti</span> <span class='ocrx_word' id='word_1_424' title='bbox 821 4027 942 4077; x_wconf 86' lang='lat' dir='ltr'>dialecto</span> <span class='ocrx_word' id='word_1_425' title='bbox 954 4028 1027 4077; x_wconf 87' lang='lat' dir='ltr'>inter</span> <span class='ocrx_word' id='word_1_426' title='bbox 1040 4025 1096 4076; x_wconf 87' lang='lat' dir='ltr'>slis</span> <span class='ocrx_word' id='word_1_427' title='bbox 1108 4024 1137 4075; x_wconf 89' lang='lat' dir='ltr'>id</span> <span class='ocrx_word' id='word_1_428' title='bbox 1150 4039 1214 4089; x_wconf 84' lang='lat' dir='ltr'>quo·</span> 
     </span>
     <span class='ocr_line' id='line_1_43' title="bbox 82 4091 1213 4161; baseline -0.004 -15"><span class='ocrx_word' id='word_1_429' title='bbox 82 4109 134 4160; x_wconf 85' lang='lat' dir='ltr'>que</span> <span class='ocrx_word' id='word_1_430' title='bbox 146 4095 284 4146; x_wconf 80' lang='lat' dir='ltr'>scribens:</span> <span class='ocrx_word' id='word_1_431' title='bbox 303 4101 438 4161; x_wconf 89' lang='lat' dir='ltr'>„peut-on</span> <span class='ocrx_word' id='word_1_432' title='bbox 451 4095 587 4157; x_wconf 80' lang='lat' dir='ltr'>conclure,</span> <span class='ocrx_word' id='word_1_433' title='bbox 602 4095 667 4160; x_wconf 84' lang='lat' dir='ltr'>qu’il</span> <span class='ocrx_word' id='word_1_434' title='bbox 680 4096 735 4144; x_wconf 85' lang='lat' dir='ltr'>snit</span> <span class='ocrx_word' id='word_1_435' title='bbox 747 4096 784 4144; x_wconf 90' lang='lat' dir='ltr'>ici</span> <span class='ocrx_word' id='word_1_436' title='bbox 797 4111 850 4144; x_wconf 88' lang='lat' dir='ltr'>una</span> <span class='ocrx_word' id='word_1_437' title='bbox 864 4093 938 4159; x_wconf 71' lang='lat' dir='ltr'>regie</span> <span class='ocrx_word' id='word_1_438' title='bbox 949 4091 1094 4160; x_wconf 69' lang='lat' dir='ltr'>generale,</span> <span class='ocrx_word' id='word_1_439' title='bbox 1107 4093 1213 4156; x_wconf 77' lang='lat' dir='ltr'>l&#39;usage</span> 
     </span>
     <span class='ocr_line' id='line_1_44' title="bbox 81 4162 1213 4229; baseline -0.004 -16"><span class='ocrx_word' id='word_1_440' title='bbox 81 4175 158 4225; x_wconf 73' lang='lat' dir='ltr'>repo,</span> <span class='ocrx_word' id='word_1_441' title='bbox 173 4177 205 4215; x_wconf 85' lang='lat' dir='ltr'>sa</span> <span class='ocrx_word' id='word_1_442' title='bbox 216 4162 330 4228; x_wconf 83' lang='lat' dir='ltr'>langue,</span> <span class='ocrx_word' id='word_1_443' title='bbox 344 4179 393 4213; x_wconf 89' lang='lat' dir='ltr'>son</span> <span class='ocrx_word' id='word_1_444' title='bbox 406 4163 538 4226; x_wconf 87' lang='lat' dir='ltr'>dialecte,</span> <span class='ocrx_word' id='word_1_445' title='bbox 553 4179 587 4214; x_wconf 93' lang='lat' dir='ltr'>ou</span> <span class='ocrx_word' id='word_1_446' title='bbox 596 4163 687 4228; x_wconf 80' lang='lat' dir='ltr'>plutbt</span> <span class='ocrx_word' id='word_1_447' title='bbox 698 4179 730 4212; x_wconf 84' lang='lat' dir='ltr'>ne</span> <span class='ocrx_word' id='word_1_448' title='bbox 739 4164 893 4228; x_wconf 64' lang='lat' dir='ltr'>scedras-it</span> <span class='ocrx_word' id='word_1_449' title='bbox 901 4179 950 4227; x_wconf 82' lang='lat' dir='ltr'>pao</span> <span class='ocrx_word' id='word_1_450' title='bbox 962 4163 1018 4214; x_wconf 75' lang='lat' dir='ltr'>dire</span> <span class='ocrx_word' id='word_1_451' title='bbox 1031 4165 1091 4229; x_wconf 81' lang='lat' dir='ltr'>qu&#39;il</span> <span class='ocrx_word' id='word_1_452' title='bbox 1101 4163 1213 4212; x_wconf 81' lang='lat' dir='ltr'>consulte</span> 
     </span>
     <span class='ocr_line' id='line_1_45' title="bbox 80 4231 406 4282; baseline 0 0"><span class='ocrx_word' id='word_1_453' title='bbox 80 4247 126 4282; x_wconf 84' lang='lat' dir='ltr'>son</span> <span class='ocrx_word' id='word_1_454' title='bbox 138 4231 226 4280; x_wconf 72' lang='lat' dir='ltr'>oreitte</span> <span class='ocrx_word' id='word_1_455' title='bbox 240 4237 265 4279; x_wconf 84' lang='lat' dir='ltr'>et</span> <span class='ocrx_word' id='word_1_456' title='bbox 278 4234 302 4280; x_wconf 81' lang='lat' dir='ltr'>ln</span> <span class='ocrx_word' id='word_1_457' title='bbox 313 4232 406 4282; x_wconf 79' lang='lat' dir='ltr'>autte.“</span> 
     </span>
    </p>
   </div>
   <div class='ocr_carea' id='block_1_4' title="bbox 149 4294 1213 4365">
    <p class='ocr_par' dir='ltr' id='par_1_6' title="bbox 149 4294 1213 4365">
     <span class='ocr_line' id='line_1_46' title="bbox 149 4294 1213 4365; baseline -0.002 -19"><span class='ocrx_word' id='word_1_458' title='bbox 149 4296 178 4360; x_wconf 93' lang='lat'>†)</span> <span class='ocrx_word' id='word_1_459' title='bbox 197 4297 275 4348; x_wconf 84' lang='lat' dir='ltr'>Gonf.</span> <span class='ocrx_word' id='word_1_460' title='bbox 288 4299 372 4349; x_wconf 85' lang='lat' dir='ltr'>etiam</span> <span class='ocrx_word' id='word_1_461' title='bbox 390 4315 460 4365; x_wconf 85' lang='lat' dir='ltr'>quse</span> <span class='ocrx_word' id='word_1_462' title='bbox 478 4299 536 4350; x_wconf 82' lang='lat' dir='ltr'>disi</span> <span class='ocrx_word' id='word_1_463' title='bbox 552 4300 580 4348; x_wconf 89' lang='lat' dir='ltr'>in</span> <span class='ocrx_word' id='word_1_464' title='bbox 593 4299 708 4350; x_wconf 86' lang='lat' dir='ltr'>Jahrbb.</span> <span class='ocrx_word' id='word_1_465' title='bbox 722 4299 740 4348; x_wconf 86' lang='lat' dir='ltr'>l.</span> <span class='ocrx_word' id='word_1_466' title='bbox 754 4297 891 4364; x_wconf 80' lang='lat' dir='ltr'>Philolog.</span> <span class='ocrx_word' id='word_1_467' title='bbox 905 4298 963 4349; x_wconf 91' lang='lat' dir='ltr'>Vol.</span> <span class='ocrx_word' id='word_1_468' title='bbox 978 4299 1001 4348; x_wconf 87' lang='lat' dir='ltr'>L</span> <span class='ocrx_word' id='word_1_469' title='bbox 1014 4297 1110 4362; x_wconf 79' lang='lat'>(1847).</span> <span class='ocrx_word' id='word_1_470' title='bbox 1122 4313 1149 4363; x_wconf 92' lang='lat' dir='ltr'>p.</span> <span class='ocrx_word' id='word_1_471' title='bbox 1163 4294 1213 4346; x_wconf 76' lang='lat' dir='ltr'>tta</span> 
     </span>
    </p>
   </div>
   <div class='ocr_carea' id='block_1_5' title="bbox 81 4381 654 4500">
    <p class='ocr_par' dir='ltr' id='par_1_7' title="bbox 81 4381 654 4500">
     <span class='ocr_line' id='line_1_47' title="bbox 81 4381 654 4500; baseline 0.002 -18"><span class='ocrx_word' id='word_1_472' title='bbox 81 4381 197 4496; x_wconf 57' lang='lat' dir='ltr'>seqqffl</span> <span class='ocrx_word' id='word_1_473' title='bbox 217 4431 293 4484; x_wconf 88' lang='lat' dir='ltr'>Conf.</span> <span class='ocrx_word' id='word_1_474' title='bbox 308 4437 391 4486; x_wconf 86' lang='lat' dir='ltr'>etiam</span> <span class='ocrx_word' id='word_1_475' title='bbox 406 4441 475 4486; x_wconf 88' lang='lat' dir='ltr'>nott.</span> <span class='ocrx_word' id='word_1_476' title='bbox 489 4436 524 4486; x_wconf 89' lang='lat' dir='ltr'>ad</span> <span class='ocrx_word' id='word_1_477' title='bbox 536 4435 617 4500; x_wconf 89' lang='lat' dir='ltr'>V111,</span> <span class='ocrx_word' id='word_1_478' title='bbox 632 4434 654 4483; x_wconf 91' lang='lat' dir='ltr'>l.</span> 
     </span>
    </p>
   </div>
   <div class='ocr_carea' id='block_1_6' title="bbox 128 4523 1011 4584">
    <p class='ocr_par' dir='ltr' id='par_1_8' title="bbox 128 4523 1011 4584">
     <span class='ocr_line' id='line_1_48' title="bbox 128 4523 1011 4584; baseline 0.006 -5"><span class='ocrx_word' id='word_1_479' title='bbox 128 4537 288 4579; x_wconf 79' lang='lat' dir='ltr'>noaoooc.</span> <span class='ocrx_word' id='word_1_480' title='bbox 304 4539 345 4581; x_wconf 89' lang='grc' dir='ltr'>ιν.</span> <span class='ocrx_word' id='word_1_481' title='bbox 972 4523 1011 4584; x_wconf 88' lang='grc'>30</span> 
     </span>
    </p>
   </div>
   <div class='ocr_carea' id='block_1_7' title="bbox 0 0 1496 4962">
    <p class='ocr_par' dir='ltr' id='par_1_9' title="bbox 0 0 1496 4962">
     <span class='ocr_line' id='line_1_49' title="bbox 0 0 1496 4962; baseline 0 0"><span class='ocrx_word' id='word_1_482' title='bbox 0 0 1496 4962; x_wconf 95' lang='lat' dir='ltr'> </span> 
     </span>
    </p>
   </div>
  </div>
 </body>
</html>
