3066 4964
228 435 290 498 366
662 429 925 492 HERODOTI

226 599 327 692 ὄρθια
344 591 387 692 ἦν
404 599 444 672 τά
460 605 578 692 γέρρα,
603 597 769 691 ἠμύνοντό
791 630 826 672 τε
849 606 904 673 καὶ
927 599 1029 674 οὐδὲν
1051 609 1190 674 ἔλασσον
1214 601 1303 692 εἶχον
1318 605 1361 693 τῇ

226 704 322 795 μάχῃ.
352 706 422 775 ἐπεὶ
446 705 483 774 δὲ
505 707 572 774 ταῖν
594 699 781 792 Ἀθηναίων
803 707 858 774 καὶ
881 708 948 776 των
970 707 1158 796 προσεχέων
1174 699 1192 774 ὁ
1210 701 1359 796 στρατὸς,

225 803 310 888 ὅκως
334 807 469 877 έωυτοῖν
486 809 618 894 γένηται
636 803 671 876 τδ
691 812 788 896 ἔργον
806 809 860 876 καὶ
878 804 922 896 μὴ
940 813 1229 896 Λακεδαιμονίων,
1256 833 1359 896 παρα-

226 906 460 998 κελευσάμενοι
479 915 577 1001 ἐργου
597 918 723 997 ελχοντο
741 906 1010 1000 προθυμότερον,
1035 911 1195 980 ἐνθεῦτεν
1209 901 1273 996 ἤδη
1292 911 1359 978 ἐτε-

226 1015 356 1100 ροιοῦτο
373 1007 410 1080 τδ
427 1009 569 1100 πρῆγμα.
606 1007 803 1100 διωσάμενοι
820 1007 883 1100 γάρ
901 1007 940 1080 τά
957 1014 1058 1101 γέρρα
1074 999 1165 1080 οὗτοι
1183 1008 1359 1102 φερόμενοι

226 1115 383 1184 ἐσέπεσον
404 1106 497 1192 άλέες
522 1115 554 1192 ἐς
575 1109 652 1192 τούς
669 1114 815 1202 Πέρσας·
849 1114 883 1182 οἱ
905 1113 941 1182 δὲ
966 1110 1137 1202 δεξάμενοι
1161 1114 1216 1182 καὶ
1235 1110 1360 1202 ’χρόνον

225 1211 351 1304 συχνὸν
367 1210 570 1303 ἀμυνόμενοι
592 1216 684 1294 τέλος
708 1220 852 1303 ἔφευγον
877 1217 908 1295 ἐς
926 1211 962 1284 τό
980 1231 1092 1303 τεῖχος.
1128 1209 1297 1302 Ἀθηναῖοι
1321 1215 1359 1283 δὲ

226 1317 280 1386 καὶ
299 1324 477 1408 Κορίνθιοι
495 1317 550 1386 κα1
568 1313 750 1386 Σικυώνιοι
773 1317 828 1384 καλ
857 1312 1054 1406 Τροιζήνιοι,
1078 1311 1165 1385 οὕτω
1188 1313 1251 1405 γάρ
1275 1304 1359 1402 ἦσαν

226 1421 341 1504 ἐπεξῆς
358 1421 566 1508 τεταγμένοι,
584 1414 863 1506 συνεπισπόμενοι
881 1420 1121 1488 συνεσέπιπτον
1140 1420 1172 1498 ές
1189 1415 1226 1487 τδ
1243 1433 1357 1507 τεῖχος.

226 1514 270 1600 τάς
289 1520 326 1589 δὲ
344 1522 399 1589 καὶ
417 1517 453 1589 cd
470 1536 576 1608 τεῖχος
593 1515 768 1610 άραίρητο,
791 1515 858 1589 οὔτ’
883 1525 930 1588 ἐτι
954 1515 1034 1608 πρὸς
1057 1515 1163 1608 άλκήν
1181 1517 1359 1609 ἐτράποντο

225 1627 259 1690 ολ
274 1619 454 1714 βάρβαροι,
477 1617 559 1712 πρδς
576 1619 689 1710 φυγήν
706 1648 742 1690 τε
760 1617 907 1711 ὦρμέατο
924 1625 959 1690 οἱ
973 1617 1066 1691 άλλοι
1083 1617 1171 1708 πλὴν
1187 1623 1356 1711 Περσέων.

226 1711 317 1792 οὗτοι
342 1723 395 1810 δὲ,
421 1718 494 1793 κατ’
519 1718 652 1810 ὀλίγους
674 1720 861 1812 γινόμενοι,
887 1720 1043 1812 ἐμάχοντο
1067 1738 1152 1792 τοῖσι
1176 1724 1241 1792 αἰεὶ
1266 1725 1298 1804 ἐς
1320 1717 1357 1792 τδ

225 1840 331 1914 τεῖχος
349 1827 543 1896 ἐσπίπτουσι
561 1819 736 1912 Ἑλλήνων.
764 1826 819 1894 καὶ
845 1827 912 1895 τοῖν
935 1826 1127 1914 στρατηγῶν
1149 1827 1216 1894 των
1238 1833 1358 1917 Περσι-

226 2026 280 2074 nisi
304 2015 409 2074 adriane
427 2016 467 2088 δὴ
493 2024 588 2074 forsan
611 2023 765 2089 legendum,
818 2023 910 2089 ibique
923 2028 991 2074 nott.
1011 2029 1039 2074 et
1055 2024 1090 2073 ad
1102 2023 1188 2073 verba
1205 2015 1358 2089 φερόμενοι

227 2081 485 2158 οολῆδηιιαλδή.“
510 2093 766 2157 Hoegeroindctt.
819 2083 952 2143 ἐσέπεσον
973 2097 1041 2142 nott.
1066 2090 1100 2142 ad
1121 2090 1258 2152 VI1‚210.
1282 2093 1356 2152 VIII,

244 2160 437 2210 hiltbtonace.
451 2159 501 2209 III.
515 2175 579 2226 pag.
592 2159 641 2208 527
654 2159 768 2209 voculas
818 2159 860 2210 ²8.
895 2161 936 2210 Ad
952 2175 1048 2210 rocem
1065 2147 1147 2216 άλεες
1164 2159 1220 2210 vid.
1238 2163 1305 2210 nott
1323 2159 1358 2210 sd

225 2177 329 2280 δτικαλ
342 2224 378 2294 δὴ
397 2233 527 2293 tauquam
540 2228 648 2293 spurias
667 2227 766 2276 eiicere
819 2229 845 2290 1,
866 2227 923 2280 133.

226 2311 373 2362 eurumque
387 2297 415 2346 in
427 2295 517 2346 locum
529 2296 697 2346 substituere
709 2283 767 2360 ἤδη

225 2365 338 2432 placuit.
364 2364 510 2430 Equidem,
529 2365 553 2414 si
567 2364 631 2429 quid
644 2364 709 2413 eiiei
722 2364 768 2413 de-

227 2435 304 2491 beat,
326 2448 408 2482 unam
427 2432 555 2482 eiecerim
573 2431 698 2481 voculam
717 2424 766 2492 ἐτι,

852 2323 1067 2396 συνεσέπιπτον]
1088 2331 1106 2383 1.
1121 2347 1144 2382 e.
1162 2331 1234 2380 εὺαολ
1244 2329 1293 2379 und
1305 2345 1358 2380 αυτ

818 2399 867 2448 iuis
883 2401 952 2448 intra
968 2415 1061 2448 murum
1077 2399 1215 2448 irruerunt.
1248 2399 1290 2447 De
1308 2413 1359 2447 usu

226 2507 313 2552 ortam
326 2501 443 2551 forsitan
462 2515 476 2550 e
493 2515 655 2565 praegresso
673 2490 766 2564 ἕτέρῳ.
817 2465 1219 2597 ἒῖῖξὶοἷῧιιῗξὲἓῧῖῐῆῑὸῑῗέ
1236 2464 1357 2592 {Rq}

225 2565 368 2698 Htmlnx’foess·
380 2563 416 2696 δέ
428 2569 535 2694 {⁰⁸32
545 2567 766 2684 Βῗῗᾟθξὲθὲζ
819 2601 924 2662 Quibus
934 2601 1210 2668 Schweighaeuserus
1223 2601 1299 2650 addit
1307 2602 1359 2650 Po-

818 2669 873 2732 lyb.
898 2669 950 2732 IV,
976 2670 1021 2730 72,
1049 2669 1080 2718 12
1106 2675 1133 2718 et
1156 2669 1274 2752 Appiae.
1299 2669 1358 2718 lnd.

818 2737 939 2787 Graecit.
957 2736 999 2786 Au
1009 2738 1122 2787 sormam
1135 2727 1274 2800 α’ραιρητυ
1284 2736 1358 2786 conf.

818 2805 840 2860 Ι.
851 2804 895 2854 191
907 2805 998 2870 ibique
1008 2809 1078 2855 nott.
1096 2806 1276 2855 Locutionem
1288 2799 1360 2868 πρὸς

816 2864 908 2938 άλκήν
925 2867 1083 2936 τρέπεσθαι
1101 2873 1183 2938 attigi
1201 2873 1235 2935 11,
1249 2873 1291 2923 45.
1309 2873 1358 2934 lx,

819 2939 858 2990 18.
881 2941 926 3003 IV,
943 2940 1003 3003 1253
1027 2941 1060 2990 dc
1078 2940 1222 3006 particulis
1244 2931 1308 2991 οὔτε
1326 2967 1358 2976 -·

817 3023 847 3058 τε
863 3009 919 3058 vid.
942 3013 1010 3058 nott.
1033 3009 1067 3058 ad
1085 3009 1135 3071 VI,
1157 3008 1178 3058 1.
1214 3007 1256 3058 1)ε
1274 3007 1358 3058 verbo

816 3069 944 3142 ω’ρμέατο
957 3077 1012 3127 vid.
1027 3077 1074 3140 lx,
1088 3075 1120 3126 61
1134 3077 1225 3141 ibique
1238 3081 1306 3126 nott.

225 2705 291 2754 Inde
304 2705 383 2752 uncis
393 2703 629 2752 circumdederunt
641 2703 767 2752 voculam

227 2766 267 2822 ἔτι
278 2771 401 2820 Diodori.
416 2770 577 2820 etDietsch.
602 2771 699 2834 Itaque
713 2769 766 2819 1οοί

226 2840 365 2889 sententia
378 2839 432 2886 erit
443 2837 525 2887 haec:
539 2839 602 2886 Dum
615 2853 636 2888 s.
648 2854 695 2903 quo
708 2845 766 2887 lem-

223 2921 288 2971 pore
299 2907 495 2955 Lacedaemonii
505 2905 667 2956 circumibant
680 2907 766 2968 (mon-

226 2981 268 3024 tes
286 2979 314 3022 et
330 2973 515 3037 voraginem),
533 2974 565 3035 it,
584 2975 626 3038 ραὶ
642 2979 666 3021 in
684 2977 766 3024 altere

226 3058 305 3092 cornu
317 3047 390 3090 erant
402 3043 531 3102 collocati,
548 3056 634 3090 uranus
646 3043 694 3090 ιάνι
706 3058 765 3091 σοπ-

225 3109 353 3174 εετεδοαλ.
389 3109 560 3173 Quamquam
577 3107 621 3158 vel
640 3109 681 3158 sic
698 3108 766 3158 iilud

227 3169 283 3228 ἐπὶ
295 3175 333 3236 τῷ
346 3167 430 3240 έτέρῳ
443 3169 533 3239 κέρεϊ,
552 3176 599 3226 ubi
617 3166 630 3226 ἐ
636 3191 653 3224 ν
670 3191 764 3242 exspe-
850 3169 916 3228 κατ’
925 3167 1038 3242 ὀλίγους
1051 3169 1207 3244 γενόμενοι]
1219 3178 1278 3231 Vid.
1288 3183 1357 3228 nott.

153 3295 156 3300 ,
227 3246 335 3308 stabas,
356 3245 493 3309 displicet.
526 3244 585 3294 Nec
603 3250 696 3295 tamen
712 3245 766 3294 dis·
818 3247 852 3296 ad
864 3245 991 3306 VIII‚ll3
1005 3245 1185 3297 etSchaefer.
1199 3247 1233 3296 ad
1243 3247 1358 3311 Dionys.

226 3314 356 3364 cesserim
374 3313 402 3362 in
419 3312 502 3362 Eltzii
519 3311 646 3375 (Jahrbb.
665 3313 685 3362 f.
703 3312 766 3362 Phi·
816 3314 959 3364 Halicarn.
984 3315 1026 3364 De
1040 3331 1157 3380 compos.
1170 3313 1264 3364 verbb.
1277 3331 1303 3378 p.
1315 3315 1357 3376 44,

225 3383 308 3448 lolog.
322 3381 414 3448 Suppi.
428 3381 473 3430 lx.
488 3397 514 3446 p.
528 3379 588 3443 ³44)
601 3381 766 3431 sententiam
818 3383 864 3447 qui
884 3382 1024 3446 vulgatam
1049 3383 1303 3447 interpretationem
1324 3383 1361 3432 ud

225 3451 372 3502 scribentis
397 3437 474 3500 οὗτοι
498 3442 533 3498 οἳ
558 3441 605 3498 ἐπ1
628 3447 666 3513 τῷ
689 3442 769 3511 κέρεϊ
816 3465 912 3514 paucos
932 3452 1034 3500 redacti
1054 3448 1140 3514 (sive,
1157 3453 1188 3498 ut
1205 3448 1359 3514 Schweigh.

226 3513 294 3576 ἔπι,
317 3519 365 3568 nbi
383 3511 429 3568 ἐπι
446 3533 494 3583 pro
518 3509 607 3567 ἔπεισι
625 3517 682 3566 dici
698 3516 765 3577 vult,
818 3518 907 3568 reddit
922 3521 956 3568 ad
971 3521 1088 3582 εωίμαιιπι
1105 3521 1163 3567 licet
1181 3532 1305 3566 κιοιιεωαα
1316 3531 1358 3566 re·

224 3593 256 3637 ut
278 3581 320 3637 ένι
341 3586 413 3652 apud
430 3585 599 3635 Herodotum
620 3585 767 3649 aliquoties
818 3588 895 3646 ducti,
910 3586 982 3636 idom
995 3601 1056 3636 esse
1068 3585 1201 3636 adiiciens
1211 3589 1293 3649 atque
1303 3573 1359 3633 ὀλί-

244 3656 342 3706 ositum
366 3655 506 3704 invenitur
533 3669 582 3718 pro
606 3645 697 3703 ἔνεστι
720 3651 766 3702 vel
816 3646 1087 3718 γοιγενὸμενοι)ἰλε
1101 3654 1226 3718 corrigit:
1245 3653 1358 3716 inanipu-

225 3671 313 3774 δυεισι
326 3722 373 3783 (11,
389 3720 445 3771 138.
461 3721 517 3771 155.
531 3721 591 3778 VII,
600 3719 669 3784 112),
684 3721 765 3786 idque
817 3725 1063 3784 (παρατείνασαν,
1078 3737 1127 3771 ποιι
1137 3721 1262 3771 continua.
1276 3720 1360 3784 Equi·

226 3807 274 3855 pro
287 3791 437 3854 praeterito
450 3789 515 3854 poni
527 3788 618 3850 addit,
636 3793 666 3837 nt
678 3789 710 3850 V,
723 3787 766 3838 111.
817 3791 878 3839 dem
900 3789 993 3838 meiim
1017 3791 1095 3854 sequi
1116 3787 1359 3853 Schweighaeuse-

226 3859 304 3920 Quue
321 3855 388 3906 mihi
406 3862 479 3906 certe
497 3858 607 3906 minIme
629 3856 768 3922 persuasit
818 3873 889 3919 rum,
919 3858 966 3922 qui
995 3858 1023 3906 in
1049 3859 1143 3906 Lerio.
1168 3855 1298 3906 Herodot.
1323 3855 1360 3904 11.

226 3926 268 3976 vir
280 3925 384 3974 doctus.
818 3941 881 3990 pag.
898 3925 944 3974 145
956 3925 1025 3975 haec
1039 3925 1163 3990 scripsit:
1181 3925 1240 3986 „Hi
1253 3924 1359 3980 Persae,

260 3982 581 4058 οὖδὲνέλασσονεῖγον]
597 3993 765 4042 tenonis-
817 4010 870 4043 cum
893 3999 971 4057 pauci
990 4001 1075 4043 essent
1098 3999 1152 4043 etc.
1179 4007 1276 4056 nempe
1299 4009 1362 4056 quo·

224 4061 339 4124 seriores
350 4065 433 4110 erunt.
454 4060 537 4111 Cuius
551 4061 714 4110 contrarium
728 4059 766 4109 1ο-
817 4077 913 4127 cunque
925 4065 979 4112 λοαο
991 4061 1159 4126 perpendatur,
1173 4060 1273 4109 sorabi
1283 4065 1364 4123 pauci

227 4127 353 4192 giturIX‚
362 4127 407 4178 70:
421 4121 508 4178 πλέον
521 4121 608 4193 εἷγον,
621 4131 767 4192 superiores
818 4130 915 4179 Perseo
931 4136 1097 4194 supererant,
1116 4133 1160 4195 qui
1174 4134 1265 4178 contre
1278 4127 1361 4178 Grue-

226 4203 310 4246 erant.
328 4223 360 4231 —
377 4197 418 4246 Ad
431 4195 595 4246 locutionem
610 4189 694 4259 ἔργον
710 4188 766 4259 ἔχε·
817 4213 860 4247 cos
871 4198 998 4246 stercolf*
1016 4196 1219 4263 Adpartieulae
1233 4189 1292 4245 αἰεὶ
1305 4195 1362 4244 ele·

227 4264 297 4314 σθαι
315 4265 369 4315 vid.
388 4265 462 4322 VIII,
482 4263 512 4312 ll
531 4270 559 4314 et
575 4265 611 4324 Π,
634 4265 687 4314 121.
713 4263 764 4324 §.1
817 4270 927 4330 gentem
944 4281 1021 4316 usum
1038 4266 1067 4314 in
1084 4281 1159 4330 seqq.
1177 4264 1282 4314 attendi
1300 4263 1363 4314 vuit

224 4332 318 4398 ibique
331 4337 399 4382 nott.
418 4333 550 4381 Advoces
563 4322 702 4381 ἐνθεῦτεν
710 4324 766 4396 ἤδη
817 4331 949 4382 Valcken.
969 4333 1114 4384 conferens
1131 4333 1182 4395 IV,
1201 4331 1249 4382 162
1266 4331 1361 4397 ibique

227 4389 384 4464 ἑτεροιοῦτο
398 4391 428 4450 τὸ
441 4397 558 4463 πρῆγμα
571 4399 641 4448 coni.
652 4399 766 4461 vuaso
818 4404 885 4450 nott.
