3068 4964
247 469 310 530 aaa
683 461 948 524 aaronem
993 418 998 428 ’

249 641 319 724 dau,
356 637 456 724 μέγας
474 630 562 703 οὕτω
581 632 700 722 ἐρρύη,
738 631 822 703 ὥστε
839 631 916 714 τούς
935 635 1053 714 ἱππέας
1070 631 1115 723 μὴ
1132 639 1223 714 οἴους
1240 661 1276 703 τε
1294 637 1385 722 γενέ-

247 749 327 807 σθαι
353 739 517 823 διαβῆναι.
557 739 602 804 Oi
624 735 660 803 dl
683 731 877 824 ἀπικόμενοι
902 738 933 815 ἐς
951 732 1055 822 ἄλλην
1073 738 1137 823 γῆν
1154 738 1211 824 τῆς
1231 741 1384 806 Μακεδο-

246 845 320 926 νίης
344 848 485 924 οἴκησαν
507 839 607 916 πέλας
630 838 697 906 τῶν
721 834 838 924 κήπων
861 838 928 905 τοῖν
952 838 1142 925 λεγομένων
1161 835 1245 906 εἶναι
1264 843 1384 907 Μίδεω

246 943 307 1009 τοῦ
323 943 483 1028 Γορδίεω,
503 940 539 1007 ἐν
556 953 640 1006 τοῖσι
658 935 779 1026 φύεται
797 933 965 1026 αὐτόματα
983 935 1078 1026 ῥόδα,
1098 943 1135 1008 ἓν
1154 941 1292 1008 ἕκαστον
1310 945 1385 1028 ἔχον

247 1039 405 1128 ἑξήκοντα
423 1037 546 1128 φύλλα,
564 1035 653 1128 ὀδμῇ
668 1067 704 1108 τε
721 1034 953 1128 ὑπερφέροντα
969 1041 1037 1108 τοῖν
1054 1036 1173 1109 ἄλλων.
1193 1043 1229 1110 ἐν
1240 1038 1384 1109 τούτοισι

246 1144 301 1210 καὶ
319 1137 336 1212 ὁ
355 1137 499 1229 Σιληνὸς
516 1157 601 1210 τοῖσι
619 1138 752 1228 κήποισι
770 1136 851 1229 ἥλω,
871 1134 914 1220 ὡς
932 1142 1061 1228 λέγεται
1078 1137 1145 1211 ὑπὸ
1163 1139 1382 1211 Μακεδόνων.
1473 1181 1475 1186 v

246 1323 325 1370 gere,
355 1307 400 1371 qui
423 1306 493 1356 Axio
519 1305 553 1355 ab
578 1305 723 1355 occidente
748 1305 790 1354 ai·
843 1303 975 1354 aedoniae
993 1309 1073 1370 parte
1092 1307 1139 1355 siti
1157 1311 1185 1356 et
1202 1305 1383 1356 omniflorum

246 1376 320 1424 1111111.
841 1387 943 1434 genere
954 1373 1060 1434 referti,
1070 1373 1201 1423 nonnulla
1212 1375 1268 1424 iam
1280 1375 1384 1424 cxcita-

274 1439 405 1506 οἴκησαν]
418 1442 435 1490 1.
444 1457 468 1492 e.
479 1442 554 1492 aedes
563 1440 703 1490 lenbreeraat
709 1443 788 1502 ficar,
840 1440 930 1488 vimus
941 1440 1005 1500 adl,
1017 1439 1055 1500 14,
1070 1441 1167 1504 quibus
1178 1442 1241 1492 addi
1251 1441 1384 1500 voluimus,

244 1509 404 1560 habitarunt:
428 1525 481 1573 qua
503 1509 707 1574 significatione
729 1523 789 1558 vcr-
842 1521 912 1570 quae
932 1507 1012 1571 plura
1033 1507 1066 1556 de
1084 1508 1160 1557 Mida
1177 1513 1306 1558 enarrant
1323 1509 1384 1558 We·

246 1577 308 1626 bum
326 1571 418 1626 οἰκεῖν
436 1577 561 1626 absolute
579 1576 697 1640 positum
714 1576 789 1624 inve·
841 1579 981 1623 stermann
1003 1575 1044 1623 in:
1066 1575 1154 1638 Pauly
1170 1576 1383 1640 Realencyclop.

244 1645 319 1693 nitur
332 1659 438 1709 quoque
450 1645 501 1706 IV,
519 1641 651 1694 105.108:
672 1643 728 1692 alia
740 1641 789 1691 da·
841 1641 872 1690 V.
892 1657 956 1708 pag.
974 1642 1078 1708 lseqq.
1097 1647 1126 1692 et
1138 1643 1265 1693 Panosssa
1277 1645 1319 1692 in:
1336 1645 1384 1692 Ar-

245 1712 286 1761 bit
296 1711 530 1776 Bredov.pag.74.
550 1710 617 1760 Cum
629 1711 788 1760 accursativo
841 1709 983 1774 chaeolog.
996 1711 1122 1776 Zeitung.
1136 1711 1308 1762 1844.111.24.
1325 1711 1383 1760 Nec

245 1781 367 1828 iunctum
382 1780 519 1844 reperitur
530 1775 652 1842 οἴκησαν
665 1777 714 1838 IV,
731 1775 787 1825 116.
840 1776 928 1825 minus
940 1777 1084 1828 celebrata
1097 1779 1172 1828 fama
1189 1778 1222 1828 de
1235 1778 1337 1840 Sileno,
1355 1780 1384 1828 ia

278 1840 366 1904 πέλας
378 1846 434 1896 τῶν
446 1841 546 1911 annun
562 1845 618 1894 suiv
631 1839 789 1908 λεγομένων
839 1844 916 1894 hisee
934 1845 1020 1895 hortis
1034 1850 1115 1910 capto
1135 1861 1169 1895 ae
1186 1845 1293 1908 Midae,
1319 1846 1383 1910 quid

246 1907 322 1964 εἶναι
334 1913 437 1964 Μίδεω
454 1911 506 1964 τοῦ
523 1911 659 1976 Γορδίεω]
679 1912 788 1973 „Midae
840 1911 942 1961 homini
966 1913 1096 1977 optimum
1122 1917 1195 1963 essct
1214 1913 1382 1974 sciscitanti,

244 1981 339 2044 huius,
356 1982 429 2031 inter
441 1981 644 2045 superstitionis
663 1983 789 2030 auctores
839 1995 893 2028 non
906 1981 985 2030 nasci
997 1981 1181 2045 respondente
1193 1980 1302 2045 aliaque
1313 1981 1383 2031 vati-

245 2063 306 2100 eum
323 2049 432 2114 Orpheo
450 2055 479 2098 et
496 2047 787 2112 Eumolpoprineipis,
840 2049 965 2108 cinante;
994 2048 1073 2112 plura
1094 2048 1266 2098 tradiderunt
1290 2048 1382 2098 obser-

245 2117 317 2177 iata,
337 2132 424 2166 mores
442 2121 569 2180 artesque
587 2117 616 2164 in
634 2115 724 2164 Vossii
741 2115 789 2164 lib.
841 2119 924 2164 vante
942 2115 1128 2165 Valckenario
1149 2117 1246 2165 Daris.
1263 2116 1292 2164 in
1308 2116 1382 2166 Max.

245 2185 267 2234 1.
281 2185 323 2235 De
338 2183 429 2234 idolol.
443 2185 510 2234 1124
522 2189 550 2232 et
561 2183 703 2233 Bouhierii
715 2183 790 2232 lliss.
841 2182 904 2244 Tyr.
915 2183 962 2242 111,
979 2183 989 2231 1
1005 2189 1033 2232 et
1042 2183 1170 2234 Bouhier.
1182 2185 1254 2234 Dias.
1265 2198 1311 2233 sur
1323 2183 1382 2232 l'hi·

244 2252 365 2301 Herodd.
385 2268 408 2302 e.
428 2250 452 2300 8.
493 2252 609 2301 Fixcrat
626 2251 706 2300 sedes
724 2256 789 2301 ante
840 2251 924 2299 stoire
934 2250 1062 2300 d'Herod.
1072 2249 1128 2300 c.8.
1142 2251 1184 2300 Tu
1195 2250 1258 2300 vide
1269 2265 1339 2316 quae
1349 2251 1382 2300 de

155 2327 158 2332 ’
243 2319 357 2384 Brigum
382 2319 519 2379 coloniam
542 2320 571 2368 in
592 2320 686 2368 Asiam
707 2319 791 2368 dedu·
840 2316 893 2366 hac
910 2317 1008 2367 sabula
1026 2320 1139 2383 eiusque
1160 2318 1383 2368 sensurecondi·

244 2393 317 2436 ctam
340 2387 375 2436 ad
392 2387 530 2438 Thraciae
550 2387 788 2450 Macedoniaeque
839 2385 905 2434 tiori
922 2385 1107 2436 disseruerunt
1123 2387 1242 2436 Creuzer
1260 2387 1302 2435 in:
1321 2385 1382 2436 Stu-

244 2460 362 2504 montem
375 2455 523 2517 Bermium,
538 2455 649 2504 Conone
662 2455 789 2504 narratl
840 2451 1043 2517 dissupati
1055 2453 1381 2519 seqq.eoll.Symbol.lV.

244 2524 444 2572 consentiente.
469 2524 584 2587 Propter
596 2537 656 2571 eum
670 2527 789 2571 montem
839 2519 948 2584 pag.5l
968 2520 1010 2570 ed.
1023 2527 1086 2572 tert.
1101 2527 1130 2572 et
1141 2522 1255 2571 Wiener
1266 2521 1382 2571 Jahrbh.

244 2590 328 2652 horti,
347 2590 485 2640 notabiles
501 2605 655 2653 aeoeuyenam
669 2589 788 2651 soliorum
839 2587 899 2637 Vol.
914 2587 999 2638 cvss.
1017 2605 1080 2654 pag.
1097 2587 1143 2638 198
1156 2595 1226 2650 not,
1245 2588 1382 2639 lnasaulx:

242 2663 323 2719 roan,
350 2673 419 2722 quae
437 2656 609 2706 Tertulliano
630 2657 672 2704 De
695 2671 786 2706 curren.
839 2653 953 2704 Studien
966 2656 1015 2706 des
1029 2657 1111 2707 class.
1126 2657 1241 2707 Altarth.
1254 2673 1318 2722 pag.
1332 2655 1382 2705 484

247 2724 276 2774 14
289 2727 452 2774 centenariae
469 2739 544 2773 rosae
562 2725 594 2772 de
611 2725 685 2773 harto
699 2723 787 2773 Midae
838 2736 906 2786 seq,
920 2723 1066 2774 Michaelis
1079 2726 1121 2773 in:
1140 2725 1239 2774 anuali
1256 2725 1301 2774 del
1313 2725 1381 2774 Inst.

243 2796 337 2853 lectae,
363 2791 411 2842 sed
435 2791 626 2850 confundenti,
651 2791 676 2840 si
694 2796 787 2840 tamen
837 2790 965 2840 Areheol.
978 2792 1063 2842 XXX.
1076 2808 1102 2856 p.
1116 2791 1166 2842 314
1177 2809 1234 2857 seq.
1258 2792 1381 2842 litoonf.

243 2861 358 2924 primam
375 2873 471 2909 vocem
489 2859 567 2908 Beat.
586 2858 735 2908 Rhenanus
759 2865 787 2908 ot
838 2873 943 2922 quoque
956 2857 1068 2908 Hoeck:
1083 2859 1166 2909 Creta
1180 2877 1245 2926 pag.
1263 2858 1322 2920 tua,
1336 2861 1382 2925 qui

243 2926 381 2990 Rigaltius
404 2932 478 2976 recte
501 2926 658 2986 formarint,
681 2927 787 2990 centisa·
839 2925 993 2974 Thrsoieas
1010 2931 1107 2990 gentes
1123 2927 1175 2978 hoc
1193 2929 1243 2978 sub
1261 2927 1337 2977 Mida
1354 2928 1383 2976 in

243 2986 393 3057 11αο,όόὸα
406 2983 639 3058 ἑκατοντάφυλλα
652 2993 786 3058 Pangaei,
839 2991 987 3058 Phrygiam
1017 3009 1157 3058 regressos
1187 3010 1247 3045 esse
1274 2996 1381 3045 statuit.

243 3061 382 3110 Thraciae
407 3063 521 3123 montis,
551 3065 580 3110 ia
603 3061 785 3126 Theophrast.
837 3059 972 3109 Fabulam
996 3061 1069 3111 hane
1093 3063 1126 3111 de
1148 3061 1242 3113 Sileno
1267 3079 1284 3112 a
1306 3063 1382 3112 Mida

244 3130 315 3178 Hist.
327 3129 414 3194 plant.
427 3129 508 3190 vau.
528 3125 582 3194 [lie
596 3129 638 3177 his
650 3129 787 3190 centifoliia
838 3141 903 3191 rege
926 3132 1008 3192 capto
1029 3129 1139 3180 uberius
1161 3137 1301 3180 narratam
1318 3130 1382 3180 Phi-

242 3197 298 3247 vid,
315 3197 524 3245 Wuestemann:
549 3195 717 3247 Unterhaltt.
736 3213 786 3246 aus
836 3192 855 3241 li
877 3195 999 3258 picorum
1016 3197 1172 3247 inseruerat
1194 3203 1293 3248 octavo
1311 3197 1382 3247 libro

244 3265 269 3314 d.
283 3264 331 3316 alt.
344 3263 420 3314 Welt
433 3264 476 3312 fiir
489 3263 604 3313 Garten·
618 3279 643 3312 u.
658 3263 784 3313 Blumen-
836 3210 1056 3328 Tlleophrastus,
1081 3265 1253 3330 vituperatus
1278 3266 1340 3315 inde
1365 3281 1383 3314 a

244 3332 367 3382 ireunds.
388 3331 479 3382 Gotha
493 3329 566 3381 1854.
580 3347 644 3395 pag.
655 3329 707 3396 41]
726 3331 786 3380 Illis
837 3329 970 3394 Dionysio
988 3330 1007 3381 l.
1021 3348 1104 3398 supra
1115 3333 1146 3394 1.,
1166 3333 1213 3382 sed
1226 3334 1312 3398 ipsius
1325 3334 1382 3382 He·

244 3409 334 3450 autem
348 3387 784 3464 1111101111ἥλωεοριαοοιοαεα-
837 3397 926 3447 rodoti
943 3398 1014 3449 haee
1031 3392 1063 3451 ἐν
1075 3393 1193 3464 παρόδῳ
1211 3401 1289 3465 quasi
1303 3417 1382 3451 enar·

242 3475 339 3532 ceptus,
351 3469 392 3518 uti
405 3467 498 3528 Valla)
511 3467 619 3516 Silenus
633 3471 660 3515 et
673 3471 786 3516 coaetus
837 3467 925 3516 rantis
943 3469 1108 3518 auctoritate
1125 3475 1277 3534 permotus,
1296 3477 1326 3518 ut
1343 3469 1382 3516 vi·

243 3538 279 3586 ad
297 3551 331 3586 ea
348 3536 400 3584 init
417 3533 594 3600 explicanda,
613 3549 684 3599 quae
696 3534 786 3585 Theo·
838 3532 924 3586 detur.
960 3535 1239 3588 videaturaut.
1274 3536 1383 3586 Monuit

242 3603 334 3670 pompi
346 3603 411 3662 fide,
432 3604 486 3651 ista
498 3602 526 3651 in
540 3601 636 3652 labala
649 3602 785 3652 indicibus
836 3601 982 3653 Frommel.
1005 3605 1035 3652 in
1050 3603 1187 3655 'Creuzeri
1203 3603 1309 3654 Melett.
1329 3605 1382 3653 111.

243 3671 377 3733 Dionysio
389 3669 481 3718 Helie.
495 3669 527 3718 'l'.
537 3670 571 3719 11.
586 3686 611 3734 p.
624 3667 672 3720 132
685 3667 784 3734 [llpist.
836 3683 862 3732 p.
876 3668 924 3719 140
937 3676 965 3720 et
977 3671 1050 3721 coni.
1063 3671 1192 3722 Creuner:
1207 3673 1279 3722 Hist.
1292 3673 1383 3722 Kunst

243 3739 278 3786 ad
291 3738 415 3801 Pompei.
430 3753 494 3802 pag.
507 3735 556 3786 787
569 3737 664 3787 Reisk.
676 3753 739 3801 pag.
754 3738 787 3786 57
839 3735 863 3785 d.
878 3737 987 3787 Griech.
1001 3756 1037 3804 pa
1058 3777 1064 3788 .
1078 3739 1128 3791 318
1141 3739 1181 3794 ed.
1195 3755 1250 3790 see.

243 3805 286 3854 ed.
304 3802 447 3869 Krueger.]
466 3809 494 3854 et
510 3805 623 3855 'Phaone
641 3805 786 3870 Progymn.
873 3796 959 3868 ρ’όδα,
976 3799 1009 3856 ἲν
1042 3821 1147 3858 aaaron
1164 3801 1230 3872 ἔχον
1242 3798 1380 3872 ἑξήκοντα

243 3889 266 3921 e.
277 3873 293 3919 2
306 3871 373 3920 mire
383 3871 556 3938 luxuriantis,
566 3872 708 3938 Virgilius,
719 3871 785 3923 Ovi·
839 3869 946 3954 (pullu,
968 3867 1044 3942 ὀδμῇ
1060 3891 1090 3926 τε
1107 3867 1307 3940 ὑπερφέροντα
1324 3873 1380 3922 τῶν

242 3941 313 4002 dius,
324 3938 456 3989 Aelianus
468 3937 512 4004 [V.
519 3941 553 3989 H.
561 3941 609 3998 111,
621 3939 659 4002 18,
674 3939 720 3988 nbi
731 3941 786 3994 vid.
837 3939 939 4006 atlon]
954 3943 996 3992 De
1010 3959 1076 3994 voee
1088 3938 1206 3994 ἕκαστον
1216 3942 1270 3992 vid.
1280 3941 1379 3991 Matth.

242 4003 378 4072 Peritum]
397 4007 476 4058 nohis
488 4007 662 4072 prodidere.“
697 4007 786 4058 Wea-
838 4009 883 4059 Gr.
892 4009 1034 4072 Gr.§.302,
1046 4016 1111 4072 not,
1124 4011 1169 4076 qui
1180 4011 1250 4059 idem
1260 4011 1283 4070 ἕ.
1293 4009 1350 4072 358,
1364 4010 1380 4057 '2

242 4078 354 4137 aetina.
390 4075 534 4138 DsMida,
553 4075 785 4140 priscoMacedo:
838 4077 871 4127 de
889 4077 1012 4141 genitivo
1035 4079 1204 4140 consulatur,
1231 4077 1379 4142 quiverbo

242 4143 307 4191 niae
331 4157 410 4206 rege,
435 4144 482 4208 qui
504 4144 567 4192 inde
588 4143 616 4192 in
637 4143 785 4208 Phrygiam
836 4138 1010 4208 ὑπερφέρειν
1022 4144 1048 4193 h.
1062 4145 1079 4193 l.
1094 4145 1211 4194 additur.
1241 4143 1379 4208 1111111311-

241 4211 454 4276 transmigrasse
477 4211 576 4273 fertur,
602 4215 708 4260 mature
730 4213 785 4260 iam
836 4211 1378 4275 mentumpraeter'l'lreopliraathlvid.

243 4279 278 4328 ad
297 4277 405 4328 fabulas
422 4278 559 4342 traducto,
585 4279 625 4328 ita
645 4284 786 4329 tamen-ut
836 4279 1005 4343 potissimum
1017 4279 1114 4328 Athen.
1128 4279 1186 4328 XV.
1200 4295 1264 4344 pag.
1275 4277 1378 4342 68:513,

243 4346 302 4395 eius
318 4347 476 4396 memoriam
498 4345 542 4398 vel
561 4351 672 4412 postera
690 4351 784 4396 aetate
836 4347 883 4394 11111
897 4345 1036 4396 Nicander
1053 4348 1080 4394 in
1094 4345 1239 4410 Georgica.
1253 4347 1322 4396 libro
1335 4363 1379 4396 se·

242 4414 394 4466 retinerent
404 4414 478 4464 horti
491 4415 519 4462 in
531 4413 715 4477 pulcherrima
727 4413 785 4462 Ma·
837 4413 925 4463 eundo
938 4413 1002 4478 (vid.
1017 4413 1048 4464 0.
1060 4413 1210 4464 Schneider
1221 4414 1381 4468 Nicandroa
