3074 4960
238 414 299 474 114

670 402 940 466 HERODOTI

237 607 315 668 pov,
351 575 494 658 πολλοὺς
517 581 585 646 τοῖν
607 578 767 668 Περσέων
785 573 1011 664 ἀνεβίβασαν·
1047 578 1144 646 τοῦτο
1170 576 1223 664 δὲ,
1261 572 1376 664 ἐπειδὴ

238 684 387 768 ἐγίνοντο
404 681 500 770 μέσαι
518 676 651 767 νύκτες,
676 674 803 766 ἀνῆγον
820 678 881 767 μιν
899 674 935 746 sd
958 672 1017 747 ἆτ’
1038 679 1178 767 ἑσπέρης
1203 678 1300 768 κέρας
1318 705 1376 746 τιυ-

237 779 413 870 τιλούμενοι
436 779 518 870 πρὸς
540 778 602 869 τὴν
624 789 814 869 Σαλαμῖνα·
838 775 963 867 ἀνῆγον
988 779 1025 848 δὲ
1049 783 1084 848 oi
1098 773 1183 867 ἄμφι
1207 775 1269 866 τὴν
1286 775 1376 848 Κέον

237 911 272 953 τε
296 885 351 954 και
375 880 437 971 τὴν
455 880 676 973 Κυνόσουραν
697 884 908 972 τεταγμένοι,
935 878 1088 970 κατεῖχόν
1111 906 1146 950 τε
1163 882 1257 970 μέχρι
1275 889 1432 950 Meu-655

270 1039 381 1126 ἀνῆγον
392 1039 485 1114 μέν
457 1063 488 1098 ro
498 1040 540 1096 ιίττ
545 1036 727 1112 'ionicae'
694 1061 780 1110 aeque

236 1110 425 1183 κυκλούμενοι
442 1131 467 1166 ιι.
486 1131 509 1164 τ.
528 1113 565 1180 t]
584 1115 700 1165 Locus
692 1131 779 1180 rmpe-

237 1186 333 1243 ditior,
362 1201 441 1249 quem
470 1185 516 1234 vix
544 1187 620 1232 recte
644 1182 781 1232 intellexit

236 1221 468 1318 Wessdlingius.
486 1251 556 1300 Nam
579 1243 611 1300 τὸ
636 1244 722 1315 κέρας
745 1249 779 1300 de

235 1321 419 1386 promontorio
428 1318 599 1385 Megaridia'
592 1334 620 1367 ιιι
630 1333 705 1368 mare
718 1333 780 1367 con-

235 1395 279 1438 tra
292 1387 462 1438 Salaminem
480 1387 650 1452 prominente
667 1401 727 1434 curn
740 1385 779 1434 in-

235 1455 393 1505 tellexisset
416 1453 479 1519 (quo
503 1469 585 1504 sensu
606 1467 673 1502 sane
694 1445 780 1516 κέρας

237 1523 309 1588 apud
327 1522 453 1572 Strabou.
466 1522 549 1586 IX.p
552 1519 667 1570 ‚tola
685 1517 780 1570 3950.

236 1589 299 1639 οοιι.
318 1589 434 1639 Salmas.
456 1589 490 1637 ad
512 1588 598 1638 Solia.
621 1603 686 1668 pag
711 1586 779 1650 116),

236 1661 346 1722 postea,
367 1661 515 1706 commotus
532 1657 702 1720 potissimum
719 1654 780 1704 loco

236 1723 394 1773 Herodoteo
417 1723 494 1780 Vlll,
516 1721 562 1784 85,
587 1723 620 1772 de
643 1723 781 1772 Persarum

238 1790 335 1840 classis
349 1805 432 1839 corun
449 1791 507 1840 sive
525 1795 604 1854 perte
616 1789 687 1838 haec
701 1805 779 1839 acce·

236 1857 290 1922 pit,
309 1855 490 1906 dissentiente
509 1857 780 1921 Schweighaeusero,

237 1927 284 1990 qui
297 1925 331 1974 de
344 1925 510 1974 Graecorum
523 1923 613 1974 classe
632 1928 660 1974 et
673 1925 781 1988 quidem

239 2009 273 2042 ca
286 1997 380 2058 parte,
399 2007 469 2054 quae
488 1991 521 2040 ad
535 1991 706 2040 occidentem
719 2007 780 2057 spe·

238 2061 348 2120 etabat,
363 2073 443 2124 quam
453 2059 555 2108 Persae
569 2059 780 2108 circumventuri

238 2133 266 2178 et
288 2126 463 2176 interclusuri
473 2130 580 2204 erent,
606 2126 781 2190 cogitandum

237 2211 298 2246 esse
316 2193 437 2256 censuit,
461 2183 570 2259 α’νῆμον
591 2193 716 2248 absolute
734 2209 779 2244 ac-

237 2263 394 2329 cipiendum
408 2277 468 2311 esse
481 2267 557 2311 ratus
569 2261 630 2310 scil.
609 2253 692 2340 ,τὰς
704 2254 779 2320 νέας.

236 2331 371 2412 Equidem
384 2329 469 2379 malui
486 2345 569 2380 voces
586 2323 618 2377 τό
633 2344 675 2378 αττ
701 2319 779 2379 loai-

236 2415 289 2464 quc
305 2393 391 2462 κέρας
409 2397 513 2447 referre
531 2387 602 2447 ad’
582 2395 693 2462 ανῆγον
710 2395 780 2446 elas-

236 2481 347 2532 semque
371 2466 528 2530 intelligere
549 2465 709 2527 Persarum,
735 2463 781 2528 qui

237 2549 321 2584 cornu
334 2533 443 2596 (elassis
455 2531 534 2597 suae)
548 2533 575 2582 id
583 2533 676 2597 ,quod
688 2532 723 2580 nd
736 2547 780 2581 oc·

237 2617 331 2650 casum
349 2601 508 2664 spectabat,
527 2569 664 2649 moderiut
680 2615 701 2648 s.
721 2615 780 2664 pro-

236 2668 364 2717 duxerint
380 2667 548 2716 Salaminem
566 2681 674 2727 versus,
700 2682 780 2730 quam

236 2735 354 2784 insulam
364 2735 549 2784 circumirent.
562 2735 602 2782 Ae
612 2733 779 2782 benelilotz.

237 2800 284 2864 (ad
296 2801 554 2866 LucianiDialogg.
565 2805 655 2850 mortt.
665 2815 728 2864 pag
736 2800 780 2864 47)

236 2865 490 2946 breviloquentiam
495 2869 628 2917 orationis
638 2867 684 2916 hic
694 2872 779 2930 notat,

238 2951 292 2999 qua
303 2949 386 2984 voces
398 2929 429 2983 τὸ
442 2925 490 2984 oia’
504 2925 623 3014 ἑσπέρας
635 2929 720 3014 κέρας
733 2950 779 2999 po-

236 3005 337 3079 nentur
349 3017 409 3080 pro:
428 2994 460 3050 τὸ
470 2997 540 3064 πρὸς
550 2993 672 3064 ἑσπέραν
684 2997 779 3066 κέρας,

236 3058 280 3132 ιῖφ
286 3057 440 3131 έσιιέρας.
477 3069 549 3118 Ηιιιι·
567 3077 641 3119 recte
661 3071 700 3120 sic
719 3071 778 3119 red-

237 3135 278 3185 dit
290 3135 386 3184 Leuke
395 3136 459 3198 (Die
469 3136 575 3186 Demea
585 3137 685 3187 Attica
688 3153 700 3187 s
713 3154 777 3202 pag.

239 3201 311 3266 197);
334 3203 399 3265 „sie
417 3203 472 3267 (die
491 3205 599 3268 Perser)
620 3221 707 3269 augea
725 3206 779 3254 den

236 3271 337 3336 Pliigel
354 3271 429 3320 ihrer
440 3271 547 3332 Flotte,
565 3272 614 3320 der
630 3273 701 3322 nach
714 3273 778 3322 We-

236 3343 297 3390 sten
310 3339 403 3400 stand,
424 3340 509 3390 nither
526 3339 624 3400 heran,
643 3356 687 3390 um
700 3340 778 3390 Sala-

236 3409 287 3456 mis
300 3423 333 3456 zu
342 3407 501 3468 umstellcu;
515 3407 584 3456 auch
595 3408 640 3456 die
650 3408 695 3457 bei
706 3409 779 3458 Keos

234 3476 290 3524 und
300 3475 444 3538 Kynosura
452 3475 587 3540 postirten
598 3475 700 3524 Schiffe
711 3481 780 3526 seta-

235 3548 282 3592 tea
295 3543 354 3593 sich
367 3545 396 3592 in
406 3544 563 3608 Bewcgung
573 3543 627 3592 aad
637 3545 781 3594 besetzten

237 3610 281 3658 die
294 3625 382 3674 ganza
394 3612 473 3675 Euge
492 3611 534 3660 bis
547 3611 618 3660 nach
631 3611 780 3674 hirrnychia

235 3676 292 3725 hin.
296 3677 314 3700 “
342 3678 375 3726 lu
393 3693 445 3742 quo
462 3678 529 3728 illud
543 3675 731 3744 κυκλούμενοι
746 3679 779 3728 ad

236 3747 322 3790 toturn
334 3744 475 3794 insulam
462 3747 683 3796 circumeundam
696 3748 780 3796 reser-

236 3813 293 3870 tur
313 3810 382 3872 quod
396 3812 477 3860 Grote
495 3814 621 3878 (History
633 3815 663 3864 oi
674 3814 779 3863 Graece

237 3875 268 3924 V.
286 3891 312 3940 p
330 3876 386 3940 17⁸2)
406 3881 622 3931 assentienteC.
639 3882 722 3932 Petro
740 3880 779 3944 (iu

236 3941 371 4008 Philolog.
389 3945 465 3994 x111.
485 3963 511 4010 p.
525 3947 574 3998 673
591 3949 660 4012 seq.)
679 3949 778 3998 sicae-

237 4009 292 4074 cipi
305 4010 371 4072 valt,
383 4017 413 4060 ut
426 4013 528 4062 Perseo
541 4031 594 4065 nou
607 4017 712 4064 totam'
706 4032 779 4065 insu-

236 4076 291 4125 lam
313 4079 490 4129 circumvecti
508 4081 705 4145 concluserint
729 4083 778 4132 sed

236 4149 343 4194 tanturn
355 4147 449 4196 urbem
462 4153 620 4227 portumque
639 4166 672 4199 ac
689 4151 778 4199 sinum

237 4211 405 4262 Salaminiae
427 4213 517 4276 urbis,
542 4215 589 4264 uhi
611 4217 778 4268 Graecorum

237 4279 337 4330 classis
355 4281 502 4332 stationem
511 4252 649 4344 habebut,
670 4286 711 4334 sic
726 4287 776 4334 cir-

236 4347 400 4400 cumiverint
417 4349 638 4416 Graecorumque
660 4351 777 4402 classem

831 1047 873 1096 sic
894 1043 1137 1104 circumdederint,
1160 1048 1191 1094 ut
1208 1044 1375 1094 Graecorum

831 1129 917 1164 nares
935 1128 1024 1178 neque
1040 1113 1173 1163 orientem
1195 1128 1283 1177 neque
1301 1113 1374 1162 occi-

831 1182 941 1232 dentem
963 1195 1059 1231 versus
1076 1181 1218 1230 discedere
1241 1179 1304 1229 inde
1327 1196 1375 1245 po-

830 1249 948 1310 tuerint,
966 1248 1067 1314 quippe
1083 1248 1203 1313 undique
1217 1246 1373 1297 conclusae.

830 1317 866 1366 At
878 1285 1033 1367 Herddotus
1050 1315 1119 1365 nihil
1132 1315 1165 1366 de
1178 1315 1246 1366 urbo
1259 1313 1375 1364 Salami-

831 1385 878 1434 nia
891 1385 1003 1448 eiusque
1016 1388 1110 1449 portu,
1123 1383 1171 1432 sed
1184 1383 1217 1432 dc
1230 1385 1312 1432 ιιιιιιιο
1323 1387 1374 1432 cir·

831 1454 968 1502 cameuuda
989 1451 1106 1502 navibus
1128 1451 1260 1516 loquitur,
1285 1451 1325 1499 ita
1345 1455 1376 1498 at

832 1520 934 1570 Graeci
950 1519 1121 1570 occidentem
1144 1533 1239 1568 versus
1261 1533 1310 1584 per
1327 1533 1376 1568 eas

832 1588 916 1636 maris
940 1587 1095 1652 angustias,
1122 1601 1191 1650 quae
1214 1600 1297 1651 prope
1318 1585 1375 1634 Me-

832 1669 901 1720 gara
913 1659 990 1734 suut
1009 1653 1129 1732 effugere
1142 1669 1196 1702 non
1209 1657 1376 1718 possent.—

832 1723 952 1772 Verbum
968 1691 1089 1786 ανάμειν
1104 1721 1213 1770 οιιιιιὶιιο
1226 1735 1286 1770 esse
1299 1719 1376 1770 vide-

832 1795 889 1838 tur:
910 1805 985 1840 noves
1002 1805 1015 1838 e
1030 1794 1139 1838 statione
1152 1790 1315 1854 rancorisque,
1334 1787 1379 1836 ιιιι

832 1857 936 1907 stabant
948 1859 1061 1923 quietae,
1080 1859 1135 1906 loco
1151 1871 1249 1905 mouere
1262 1861 1337 1922 atque
1350 1861 1376 1903 ia

832 1941 901 1975 auare
916 1929 992 1974 altum
1008 1926 1109 1974 ducere.
1146 1922 1226 1972 Coul.
1240 1938 1322 1988 supra
1336 1921 1376 1972 al-

831 1992 891 2042 lata
904 1993 937 2041 ud
950 1991 1026 2050 Vlll
1042 1991 1072 2040 10
1085 1997 1112 2040 et
1124 1991 1198 2052 VIII
1212 1989 1254 2039 60.
1268 1991 1291 2050 5,
1306 1989 1330 2038 l.
1344 2015 1375 2023 -—

831 2060 873 2110 Ad
894 2060 1059 2109 locutionem
1081 2051 1164 2123 μέσαι
1182 2051 1282 2115 νύκτες
1301 2058 1375 2107 corti.

831 2127 984 2176 Blomficld.
1002 2125 1143 2176 simillima
1160 2125 1239 2190 plura
1252 2123 1376 2174 excitan-

830 2200 886 2244 tem
900 2194 935 2243 ad
947 2191 1077 2256 Aeschyli
1090 2192 1211 2257 Chotph.
1225 2191 1284 2242 282.
1311 2192 1375 2242 Vid.

833 2261 963 2313 Herodot
977 2261 1023 2318 IV,
1040 2259 1094 2308 181.

866 2321 896 2378 ol
905 2318 1025 2393 cippi
995 2343 1047 2392 την
1059 2321 1135 2377 Κέον
1151 2342 1181 2378 τε
1193 2319 1286 2378 ναι
1255 2343 1308 2392 την
1319 2325 1376 2376 Κυ-

832 2388 973 2459 νόσουραν
991 2389 1192 2460 τεταγμένοι]
1185 2413 1204 2448 ι.
1217 2411 1240 2446 e
1256 2396 1322 2460 „qui
1341 2395 1377 2444 ad

833 2464 917 2514 Ceam
935 2468 963 2513 et
970 2463 1144 2544 Cynosuram
1161 2462 1302 2512 habehant
1318 2469 1375 2512 ata-

833 2532 964 2592 tionem,'
957 2533 977 2580 ri
991 2546 1096 2595 quoque
1108 2533 1218 2580 ancoris
1228 2530 1325 2580 solutis
1338 2530 1376 2579 nl-

832 2604 887 2648 tum
901 2599 1035 2648 tenebant
1045 2613 1178 2662 omneque
1191 2599 1291 2648 fretam
1303 2599 1377 2648 iusu-

832 2666 889 2728 lae,
905 2667 957 2730 qut
970 2667 1103 2716 transitus
1116 2667 1146 2714 lit
1159 2683 1192 2715 ex
1204 2665 1312 2728 Attica,
1329 2682 1376 2716 ex-

830 2735 946 2800 plebant
968 2733 1002 2783 ad
1019 2733 1194 2797 Munychiam
1212 2749 1298 2798 nsque
1320 2749 1376 2782 me-

831 2803 927 2852 ridiem
946 2806 974 2851 ct
990 2802 1125 2852 orientem
1142 2817 1238 2852 versus
1255 2801 1376 2867 porreeti

832 2870 866 2919 ob
884 2870 996 2918 nimiam
1013 2870 1124 2918 navium
1144 2869 1376 2918 multitudiuern.“

831 2964 863 2972 »-
875 2937 930 2987 Ubi
944 2937 991 3001 qui
1004 2936 1038 2987 dc
1053 2938 1102 2988 Ceo
1116 2935 1208 2986 insula
1221 2938 1347 3002 cogitant
1360 2953 1376 2986 e

831 3005 944 3069 regione
963 3005 1040 3054 Sunii
1063 3006 1119 3053 sita
1138 3004 1216 3053 etde
1236 3005 1375 3069 &pausia-a,

830 3072 1001 3122 Marathonis
1029 3072 1227 3138 promontorio,
1258 3073 1292 3122 ad
1320 3074 1374 3121 Eu-

830 3140 928 3189 boeam
946 3144 1103 3204 spectante,
1123 3139 1169 3188 cui
1186 3155 1258 3188 nunc
1276 3155 1374 3188 nornen

831 3207 889 3272 Cap
913 3207 1031 3269 Csvala,
1058 3223 1109 3271 quo
1131 3207 1241 3256 scilicet
1262 3211 1374 3270 atroque

829 3274 891 3324 loco
904 3275 1047 3324 Persarum
1060 3289 1146 3325 naves
1159 3273 1306 3324 habuerint
1318 3282 1373 3323 sta·

830 3343 945 3404 tionem,
972 3343 1025 3406 qut
1046 3341 1145 3392 relietit
1169 3357 1253 3407 prope
1277 3341 1374 3404 hluny-

831 3409 922 3458 chium
940 3409 981 3458 illi
998 3412 1123 3474 provecti
1142 3409 1255 3466 iratum,
1275 3413 1305 3458 ut
1321 3409 1374 3458 huc

833 3479 916 3526 etiam
934 3481 1012 3542 parte
1031 3477 1115 3542 fugae
1134 3479 1246 3528 occasio
1261 3475 1375 3526 Graecis

831 3545 1049 3609 praecideretur,
1064 3545 1249 3610 obsepserint,
1268 3560 1315 3594 eos
1328 3543 1373 3593 ad-

831 3613 937 3662 modum
962 3611 1023 3662 ialli
1046 3619 1120 3676 puto.
1156 3613 1226 3663 Naar
1249 3612 1283 3662 de
1305 3611 1374 3662 locis

831 3680 915 3730 multo
939 3680 1111 3745 propioribus
1134 3695 1186 3730 uec
1211 3685 1267 3729 tam
1293 3679 1373 3745 louge

831 3749 942 3798 remotis
955 3747 1131 3814 cogitandum
1144 3748 1169 3797 h.
1180 3747 1197 3798 l.
1210 3763 1280 3808 esse,
1294 3747 1375 3796 docet

830 3816 927 3879 opinor
950 3817 1035 3866 totius
1059 3815 1113 3866 loci
1137 3817 1277 3866 sententia
1301 3815 1373 3880 ipso-

830 3897 941 3946 rumque
954 3883 1087 3946 locorum,
1107 3883 1250 3948 inquibus
1268 3898 1371 3948 pugna·

830 3953 887 3998 tum
898 3956 951 4012 est,
965 3951 1048 4000 ratio:
1068 3966 1231 4016 quamquam
1247 3966 1307 4000 cum
1321 3965 1372 3998 uec

832 4018 876 4066 Cei
897 4033 946 4065 uec
963 4018 1108 4080 Cynosurae
1129 4019 1186 4068 ulla
1208 4018 1276 4068 alibi
1296 4033 1371 4081 repe-

830 4085 916 4132 riatur
929 4085 1030 4134 mentio
1044 4099 1096 4135 uec
1108 4086 1193 4134 ullum
1204 4085 1279 4134 aliud
1289 4085 1372 4134 vesti·

830 4152 903 4215 gium
916 4153 1046 4216 supersit,
1067 4153 1141 4202 haud
1154 4152 1238 4202 facile
1253 4153 1286 4202 de
1299 4157 1370 4202 utro·

830 4233 881 4281 quc
899 4217 959 4267 loco
973 4220 1040 4268 certi
1053 4221 1116 4284 quid
1130 4221 1283 4270 constituae
1295 4220 1369 4269 licet.

832 4287 903 4334 Ouum
914 4287 1002 4336 Krusc
1015 4287 1124 4350 (Hellas
1133 4289 1168 4350 ll,
1180 4288 1204 4338 l.
1217 4305 1241 4354 p.
1253 4287 1313 4352 304)
1327 4303 1370 4336 uc·

830 4353 885 4418 cipi
902 4353 961 4403 vult
979 4353 1011 4404 de
1031 4371 1063 4406 eo
1077 4355 1246 4407 Salaminiae
1264 4355 1370 4405 insulae
