3074 4960
513 419 833 480 URANIA.V111.
861 431 916 482 roo.
943 433 1000 483 uo.
1264 429 1324 490 165

186 587 420 678 καὶπρότερον
440 591 638 678 δεδογμένος
657 589 743 660 εἶναι
761 587 874 680 σοφὸς,
895 591 1001 680 εἰγάνη
1020 591 1084 663 ἐῶν
1102 591 1253 682 ἀληθέως
1271 619 1323 668 σο-

184 689 247 780 φός
265 719 299 760 τε
318 693 372 760 καὶ
392 687 568 780 εὔβουλος,
592 688 723 772 πάντως
743 694 865 782 ἑτοῖμοι
883 681 968 780 ἦσαν
986 697 1114 783 λέγοντι
1132 705 1322 768 πείθεσθαι.

180 788 236 873 Ὡς
256 793 292 862 δὲ
310 781 407 861 οὗτοί
420 797 455 860 οἱ
470 787 715 881 ἀνεγνωσμένοι
733 783 830 883 ἦσαν,
850 790 969 892 αὐτίκα
992 793 1073 884 μετά
1099 801 1202 867 ταῦτα
1226 794 1243 868 ὁ
1263 810 1323 870 Θε-

184 895 376 983 μιστοκλέης
398 891 524 984 ἀνδρας
546 889 719 983 ἀπέπεμπε
743 903 876 985 ἔχοντος
900 905 1033 985 πλοῖον,
1063 915 1147 968 τοῖσι
1173 902 1323 972 ἐπίστευε

184 999 283 1085 σιγᾰν
301 998 334 1076 ές
351 997 461 1064 πᾶσαν
479 993 627 1082 βάσανον
644 991 929 1087 ἀπικνεομένοισι,
954 995 993 1068 τά
1016 994 1114 1080 αάτὸς
1140 1003 1322 1072 ἐνετείλατο

183 1104 317 1184 βασιλέι·
332 1093 474 1188 φράσαι·
492 1099 559 1166 τοῖν
577 1099 632 1166 καὶ
651 1105 809 1180 Σίκιννος
826 1095 844 1169 ὁ
861 1102 988 1188 οἰκέτης
1006 1089 1099 1181 αὖτις
1118 1103 1255 1189 ἐγένετο.
1291 1111 1325 1173 οἳ

185 1203 310 1269 ἐπείτε
327 1193 487 1268 ἀπίκοντο
504 1195 586 1288 πρὸς
602 1195 844 1292 τὴνἈττικην,
867 1206 901 1270 οἱ
923 1203 985 1291 μὲν
1007 1205 1187 1292 κατέμενον
1207 1205 1259 1274 ἐπὶ
1277 1208 1324 1297 τῷ

183 1406 223 1448 lar
235 1405 273 1448 est
282 1395 396 1462 rapiens)
405 1395 508 1447 dicitur
516 1395 727 1456 Themistocles,
779 1399 911 1465 gloriatur
929 1400 973 1449 hic
991 1415 1021 1450 se
1042 1405 1149 1466 patrem
1171 1399 1320 1467 (Xerxem),

183 1465 319 1548 hlatthiee
330 1465 375 1514 Gr.
384 1463 429 1541 Gr'.
439 1465 463 1524 ξ.
473 1461 532 1526 loe,
545 1479 569 1514 c.
581 1463 632 1514 hoc
642 1466 727 1542 parti·
779 1483 839 1546 cum
853 1468 881 1517 in
893 1467 988 1518 delam
1006 1469 1108 1518 reverti
1124 1469 1226 1532 vellet,
1243 1485 1320 1536 proe-

184 1530 728 1663 title,‘'tltttthtittttttlh
777 1533 1322 1670 littlllitltttltittlistis

183 1669 234 1730 IV,
246 1666 288 1718 98.
301 1668 351 1728 Vl,
367 1665 415 1716 199
428 1666 520 1730 ibique
537 1671 605 1717 nott.
618 1667 670 1730 IX,
684 1665 725 1717 60.
778 1667 806 1718 in
823 1669 1004 1736 Hellesponto
1022 1671 1140 1730 fecerat,
1159 1671 1320 1722 dIssolvere-

183 1737 224 1786 74.
237 1735 304 1798 83),
324 1735 393 1784 adeo
411 1738 440 1784 ut
458 1739 534 1784 certa
552 1738 580 1783 et
596 1741 727 1786 constans
777 1742 821 1787 tur
840 1741 923 1802 atque
947 1738 981 1787 ab
1003 1737 1127 1788 hostibus
1149 1739 1319 1800 circuiretur,

183 1803 388 1854 Atheniensium
411 1801 504 1866 opinio
522 1801 555 1850 de
573 1801 725 1852 Themisto·
778 1819 864 1869 eoque
882 1806 978 1854 nuntio
990 1807 1107 1855 Xerxem
1125 1807 1247 1870 periculo
1260 1821 1321 1857 esse

184 1871 235 1922 elis
248 1871 394 1936 prudentia
412 1871 467 1918 iem
484 1870 559 1934 prius
577 1875 662 1935 cepta
679 1870 725 1920 dc·
776 1871 933 1922 liberatum.
958 1872 1026 1921 Mihi
1038 1873 1091 1923 hac
1103 1875 1132 1922 iu
1145 1889 1173 1922 re
1187 1889 1240 1924 non
1254 1875 1320 1924 mul-

183 1939 311 1989 claretur.
347 1939 410 1987 Mox
422 1936 548 2002 plerique
562 1935 640 1998 libri,
677 1953 726 1988 uos
777 1945 833 1988 tum
852 1939 962 1989 differre
980 1940 1100 1999 videtur,
1118 1955 1195 2002 unm,
1218 1945 1249 1990 ut
1266 1943 1321 1992 Ho-

659 1954 679 2057 ‘X
776 2007 887 2058 rodotus
908 2007 1006 2068 tradit,
1033 2025 1081 2073 per
1103 2009 1226 2058 nuntium
1249 2009 1320 2058 elam

777 2090 838 2124 cum
851 2075 942 2125 Xerxe
961 2078 1050 2140 egerit
1066 2075 1267 2126 Themistocles
1285 2093 1320 2125 au

776 2143 865 2192 literis
879 2142 913 2191 ad
927 2159 1018 2207 regem
1032 2143 1177 2192 Persarum
1189 2143 1274 2204 datis,
1290 2150 1321 2192 ut
1385 2139 1388 2146 ⁴

778 2209 827 2259 alii
840 2210 963 2260 tradunt:
982 2211 1009 2258 id
1022 2215 1097 2259 certe
1109 2214 1224 2273 utroque
1241 2211 1319 2259 testi-

777 2278 868 2327 monio
880 2281 965 2341 patet,
980 2277 1050 2326 clam
1062 2293 1122 2326 cum
1132 2277 1221 2326 Xerxe
1232 2283 1319 2326 traus-

778 2345 868 2408 egisse
890 2343 1117 2404 Themistoclem
1147 2359 1234 2408 neque
1256 2343 1319 2393 iude

777 2426 838 2460 eum
857 2409 1003 2460 uunekero
1027 2409 1206 2472 (Geschichte
1229 2410 1255 2459 d.
1272 2410 1318 2458 Al-

777 2477 857 2527 terth.
872 2479 917 2528 IV.
931 2495 956 2542 p.
968 2475 1029 2538 816)
1045 2475 1192 2542 malignum
1206 2476 1318 2526 dixerim

776 2544 958 2606 Herodotum,
984 2544 1018 2593 de
1041 2543 1225 2594 Themistocle
1249 2543 1320 2594 talia

774 2619 941 2673 narrantem,
956 2628 1043 2676 neque
1058 2627 1118 2661 cum
1132 2611 1187 2662 alie
1200 2613 1259 2662 uiro
1272 2613 1318 2661 ‹lo-

776 2687 821 2730 cto
838 2680 913 2742 (Chr.
927 2681 1090 2729 Fuetterero
1106 2679 1135 2729 in
1148 2678 1319 2730 Commenta-

776 2749 849 2798 tiene
869 2747 946 2796 modo
966 2747 1080 2797 laudata
1092 2763 1119 2812 p.
1131 2746 1175 2809 21)
1193 2747 1228 2796 ad
1240 2747 1319 2796 labu-

776 2817 818 2866 las
840 2816 995 2876 reiecerim,
1021 2831 1091 2880 quae
1108 2815 1264 2865 Herodotus
1285 2815 1318 2865 de

776 2883 961 2933 Themistocle
979 2883 1096 2932 Xerxem
1115 2883 1261 2932 certiorem
1278 2882 1318 2931 la·

776 2951 867 3002 ciente
885 2951 918 3000 dc
938 2951 1105 3000 Graecorum
1127 2949 1251 3000 consiliis
1267 2949 1319 3000 hoc

776 3018 837 3068 loeo
862 3023 982 3068 enarrat.
1022 3017 1191 3068 Herodotum
1215 3019 1244 3067 iu
1265 3017 1319 3066 hac

777 3101 883 3152 quoque
905 3102 934 3135 re
956 3085 1025 3134 nihil
1048 3085 1122 3134 aliud
1143 3085 1244 3136 fecisse
1262 3085 1319 3135 exi-

776 3155 857 3204 stimo
874 3154 927 3202 uisi
945 3158 1075 3203 accurate
1089 3153 1229 3214 retulisse,
1248 3167 1319 3217 quae

182 2004 336 2072 Schweigh.
348 2010 375 2054 et
385 2003 473 2056 Gaisi.
484 2003 572 2054 secuti
582 2005 653 2068 sunt,
680 2003 724 2054 πί-

183 2087 293 2137 enses,
306 2073 354 2122 ubi
367 2071 431 2122 olim
445 2062 581 2134 έπέτελλε,
614 2073 666 2122 uod
680 2073 726 2122 da-

183 2143 245 2192 dum
268 2158 301 2191 ex
325 2157 373 2189 ora
390 2139 523 2204 Stephani
546 2140 573 2188 in
596 2088 726 2190 ἀπίστεον

182 2213 302 2260 mutarat
315 2205 518 2258 Valckenarius
534 2207 575 2256 sic
591 2207 725 2272 interpre-

182 2283 258 2328 tans:
278 2292 340 2342 ηιιοε
351 2283 473 2340 catenaque
490 2277 620 2326 tormentis
632 2292 725 2325 excru-

182 2349 325 2410 ciarentur,
339 2345 412 2405 fideli
422 2342 543 2392 credebat
555 2347 726 2393 occultaturos

182 2415 281 2462 silentio
300 2426 363 2476 quae
379 2413 436 2474 repr·
451 2412 595 2460 rrraadaeset
608 2412 724 2460 dicenda.

182 2481 241 2529 Nec
267 2478 350 2528 aliter
377 2479 489 2542 accepit
511 2477 724 2542 Wesselingius:

181 2546 245 2596 inde
263 2545 387 2610 equidem
404 2560 465 2594 cum
478 2549 593 2595 recentt.
607 2545 668 2594 edd.
681 2561 724 2594 re·

182 2615 245 2679 cepi
263 2604 400 2664 ἐπέστενε.
415 2639 445 2647 -
464 2615 504 2663 Dc
520 2613 622 2663 Sicinuo
641 2628 723 2678 quae-

181 2683 243 2732 dam
261 2680 402 2731 attuIImus
420 2679 455 2729 ad
473 2681 549 2740 Vlll,
570 2681 616 2742 75,
646 2681 724 2730 cuius

180 2750 241 2800 loco
258 2748 413 2813 Polyaenus
428 2748 456 2808 1,
474 2747 519 2808 39,
538 2747 554 2798 3
571 2753 654 2800 vocat
670 2738 723 2810 Ἀρ-

181 2811 287 2880 σάκηνς
307 2815 470 2866 Plutarchus
487 2815 598 2866 Aristid.
615 2815 640 2864 9.
659 2831 722 2881 pag.

181 2885 268 2936 3249.
287 2884 419 2934 Themist.
437 2881 474 2932 lli.
489 2898 552 2947 pag.
568 2881 652 2932 1200.
670 2873 724 2944 'Ae-

182 2948 287 3018 νάκην,
306 2952 413 3016 regium
432 2949 583 3022 ennuchum
598 2955 625 3000 et
637 2952 725 3016 copti·

181 3036 244 3072 vum
254 3019 350 3070 scribit
360 3019 470 3068 missum
483 3033 544 3068 esse
555 3019 590 3068 ad
599 3019 724 3068 Xerxem.

182 3089 249 3138 Cum
261 3087 399 3136 Herodoto
412 3085 482 3136 lacit
490 3085 627 3136 Diodorus
637 3087 682 3144 Xl,
697 3084 727 3136 19

181 3173 199 3207 a
208 3153 394 3205 Themistocle
407 3167 522 3203 narrans
535 3153 650 3203 liliorum
662 3169 726 3218 pac·

181 3224 318 3288 dagogum
331 3222 440 3272 missum
455 3236 531 3282 esse,
549 3223 667 3285 itemque
681 3223 725 3271 lu·
775 3222 849 3271 iuter
858 3221 980 3272 Graecos
993 3236 1091 3285 sparsa
1104 3226 1183 3270 erant
1194 3234 1318 3284 quaeque

181 3291 270 3342 stiuus
279 3291 314 3351 11,
325 3288 363 3350 13,
374 3304 423 3354 per
432 3304 539 3338 servum
550 3287 630 3338 lidum
643 3289 726 3338 Xerxi
775 3289 901 3354 probatis
914 3289 948 3337 ab
960 3287 1117 3338 auctoribus
1129 3289 1189 3352 ipse
1203 3302 1318 3350 accepe-

182 3358 253 3408 haec
272 3357 408 3406 indicasse
426 3355 640 3406 Themistoclem
664 3371 726 3405 aar·
776 3362 827 3405 rat.
858 3357 898 3405 Ex
911 3355 1024 3406 Ctesias
1039 3355 1185 3418 Excerptis
1197 3353 1319 3402 Persicis

182 3441 254 3476 rans.
292 3424 371 3486 Quod
387 3439 453 3474 vero
471 3423 543 3488 apud
559 3423 682 3486 Thucyd.
702 3425 723 3484 l,
775 3423 845 3472 nihil
871 3423 1027 3472 accuratius
1057 3423 1090 3470 ds
1118 3421 1162 3470 his
1188 3419 1319 3484 cognosci

185 3493 241 3556 137,
255 3509 288 3542 ex
298 3507 351 3556 quo
362 3492 454 3542 hausit
464 3489 725 3554 CornrhNepThe-
776 3505 856 3556 posse
869 3489 961 3550 doleo,
980 3490 1003 3538 si
1021 3488 1130 3553 quidem
1148 3487 1200 3536 hoc
1212 3491 1318 3536 tantum

183 3559 298 3612 mistocl.
308 3559 333 3622 9,
347 3557 547 3610 Themistocles
557 3557 654 3606 literas
667 3559 726 3622 regi
777 3557 942 3622 epitomator
969 3555 1032 3606 inde
1057 3555 1204 3619 exscripsit
1226 3554 1249 3615 ᾗ.
1273 3553 1319 3602 ’ὶῧε

182 3628 327 3694 scripsisse
340 3632 480 3688 narretur,
501 3626 529 3675 id
542 3625 725 3674 iuremiratur
776 3624 826 3675 acl
850 3617 950 3688 φεύγει
971 3616 1046 3686 Ξὲρξ
1068 3638 1095 3682 ς,
1120 3619 1209 3687 βουλῇ
1231 3615 1319 3671 πάλιν

183 3695 350 3746 Valckenar.
362 3695 478 3760 indeque
492 3693 526 3744 ob
540 3692 672 3743 Herodoti
686 3696 725 3742 te·
776 3689 826 3743 καὶ
838 3685 923 3756 τέχνη
938 3639 1106 3754 Ἀριστείάον
1122 3684 1171 3738 καὶ
1184 3685 1317 3754 Θεμιστο-

182 3763 339 3814 stimonium
357 3779 373 3811 ιι
390 3768 447 3812 tam
465 3767 547 3812 ceute
559 3761 725 3825 imperatore
776 3754 876 3818 κλέους
888 3777 913 3809 κ.
926 3774 949 3808 τ.
963 3759 986 3809 l.

183 3847 231 3882 eas
243 3831 362 3895 scriptas
375 3845 435 3880 esse
449 3835 545 3892 nogat,
564 3828 724 3894 praesertim
810 3825 866 3877 τῶν
882 3822 931 3878 καὶ
945 3825 1080 3884 Σίκιννος
1097 3819 1112 3875 ὁ
1128 3818 1240 3903 pluitur
1258 3810 1316 3874 αὖ·

183 3913 243 3948 cum
256 3900 318 3964 ipsa
331 3913 374 3948 res
391 3897 428 3946 sit
444 3898 555 3946 minime
574 3895 725 3946 credibilis.
775 3911 827 3954 τις
845 3887 966 3960 έγένετο]
986 3893 1090 3944 Vocula
1106 3908 1188 3952 αοτις
1208 3891 1318 3956 (iterum)

181 3966 314 4018 Nimirum
332 3965 359 4014 in
373 3966 407 4014 iis
419 3965 520 4024 literis,
538 3979 606 4029 quas
618 3969 724 4028 postea,
776 3967 887 4029 spectat
901 3963 934 4012 ad
948 3977 995 4019 ea,
1013 3977 1082 4027 quae
1096 3977 1179 4028 supra
1191 3961 1272 4024 VIII,
1286 3961 1318 4010 ts

182 4032 419 4094 testeThucydide
431 4033 460 4094 (1,
475 4031 531 4093 1:38)
546 4039 581 4089 et,
595 4032 641 4096 qui
653 4031 725 4080 lruue
776 4031 880 4082 tradita
891 4030 1028 4094 leguntur.

182 4103 314 4166 sequitur,
328 4099 454 4150 Cornelio
464 4101 569 4166 Nepote
580 4100 613 4162 (V
616 4100 645 4148 it.
653 4099 724 4148 The·
811 4093 839 4148 οἳ
853 4089 918 4148 έπεί
929 4113 957 4147 τε
969 4089 1108 4148 ἀπίκοντο
1121 4088 1192 4158 πρὸς
1204 4088 1256 4161 τὴν
1266 4085 1318 4145 Ἀτ-

182 4168 299 4220 mistocl.
311 4166 352 4230 9),
372 4167 407 4218 ad
419 4169 610 4229 Artaxerxem,
628 4166 726 4216 Xerxis
776 4159 869 4232 τικὴν]
894 4165 1091 4216 EFlorsntiuo
1114 4164 1223 4230 reposui
1242 4154 1321 4213 έπεί

182 4235 267 4286 lilium
277 4240 511 4297 etsuccessorem,
519 4235 627 4286 dedisse
639 4235 726 4284 fertur
776 4249 825 4297 τε,
841 4234 977 4352 probante
992 4234 1107 4284 Bredov.
1124 4248 1188 4298 pag.
1205 4229 1250 4292 39,
1269 4246 1317 4296 pro

181 4303 399 4362 Themistocles,
431 4301 465 4352 ad
488 4304 601 4353 Persam
629 4301 725 4353 conln·
777 4293 837 4352 έπει
862 4301 1319 4419 ip,quodcumSchaeteroteuent

182 4373 262 4436 gisus
292 4373 403 4436 citraque
439 4371 587 4420 amicitiam
617 4375 724 4436 petens,
777 4370 901 4420 nonnuli
918 4369 1045 4420 editores.
1082 4368 1221 4431 „Mittitur
1238 4365 1318 4414 navis
