2984 4962
315 429 373 488 DE
396 429 501 490 VITA
520 429 577 488 ΕΤ
600 427 793 488 SCRIPTIS
812 426 1048 488 HERODO'PI.
1189 431 1250 494 449

113 600 221 652 ductam
233 617 296 654 esse
311 615 368 652 etun
382 598 529 665 notionem,
546 616 625 670 quem
638 618 687 669 per
700 599 834 652 Herodoti
850 599 935 654 Iihros
955 617 1073 668 regnare
1087 601 1165 654 modo
1181 601 1250 654 dixi-

113 702 182 751 mus,
208 689 240 740 de
259 685 348 740 1116166
362 693 448 738 mente
463 691 545 754 atque
564 685 663 738 inuidia
674 684 733 737 sive
752 685 876 752 vindicte,
904 685 1178 738 treditEustothiusr
1204 685 1250 757 qui

114 786 177 822 num
199 777 273 822 recte
291 777 396 822 stetust
413 787 515 837 necne,
539 769 669 840 deinceps
685 768 913 838 intelligetur*);
942 788 992 822 nos
1014 769 1041 822 in
1060 779 1183 824 naturam
1202 788 1250 840 po-

113 853 170 906 tius
191 861 274 924 atque
296 854 348 908 rim
369 854 451 907 huius
472 853 581 908 &vinee
607 854 705 908 mentis
728 854 815 908 omnis
838 854 1003 908 moderantis
1026 862 1053 907 et
1071 856 1194 924 regentis
1209 856 1249 907 in-

114 938 263 1009 quiramus,
280 955 334 1012 quo
350 937 429 992 simul
447 939 598 992 Herodotei
614 939 705 1009 operis
721 939 790 991 ratio
805 939 901 992 melius
914 940 994 992 nobis
1010 947 1134 1010 patescat
1148 939 1251 1010 ipsius-

114 1040 167 1094 que
183 1023 327 1094 scriptoris
354 1022 497 1076 consilium
520 1024 548 1076 in
575 1023 689 1078 historia
708 1025 853 1078 scribenda
869 1023 1037 1077 luculentius
1057 1025 1251 1096 perspiciatur.

113 1108 155 1160 De
177 1107 231 1160 diis
253 1106 336 1176 vulgo
357 1107 475 1178 receptis
496 1109 563 1180 quid
583 1109 704 1162 senserit
721 1117 801 1178 pater
822 1109 970 1175 historiae,
993 1127 1047 1162 non
1062 1110 1102 1162 its
1115 1109 1251 1176 enuntiet,

114 1210 176 1245 cum
198 1193 244 1264 pid
264 1193 419 1245 reverentii
444 1191 596 1262 ductostt)
619 1194 683 1245 16116
699 1193 787 1246 celere
803 1193 893 1248 mallet
908 1211 987 1264 quarn
1002 1201 1103 1248 temere
1118 1195 1146 1247 in
1163 1193 1252 1264 pubii-

115 1294 174 1330 cum
190 1276 323 1348 prodere;
341 1277 460 1347 indeque
475 1279 554 1331 etium
569 1297 600 1331 ea
616 1279 715 1331 eIIerre
732 1279 827 1346 noluit,
851 1296 921 1350 quae
938 1280 1129 1346 mysteriorum
1150 1279 1250 1332 doctri-

116 1379 166 1414 nae
184 1361 319 1414 initiatum
334 1361 427 1416 sanior
443 1369 525 1441 etque
539 1363 635 1433 purior
647 1363 717 1414 ratio
732 1363 873 1416 docuerat.
906 1365 1076 1435 Quamquam
1091 1381 1176 1434 supra
1192 1363 1252 1416 vui·

115 1462 168 1514 gus
196 1445 271 1498 illurn
298 1445 425 1516 sapuisse
449 1455 477 1500 et
498 1447 580 1500 eitius
598 1447 664 1518 quid
678 1465 770 1501 seeum
789 1447 931 1516 statuisse,
948 1447 1052 1518 liquido
1068 1467 1101 1502 ex
1116 1449 1151 1502 iis
1166 1455 1252 1518 petet,

116 1547 186 1600 quae
204 1547 289 1600 supra
306 1531 358 1584 ism
374 1531 455 1584 attuli
471 1533 504 1586 de
520 1533 580 1586 eius
596 1533 699 1602 studio,
717 1551 763 1586 res
777 1533 859 1586 miras
882 1533 1046 1604 eosdemque
1066 1534 1172 1586 minime
1194 1551 1252 1586 cre-

116 1614 231 1684 dibiles,
261 1633 356 1668 cuma
382 1623 481 1670 natura
498 1635 589 1671 rerum
611 1635 728 1688 prorsus
757 1620 950 1684 abhorrerent,
982 1619 1016 1670 ad
1039 1619 1081 1686 id,
1110 1618 1184 1688 qued
1205 1635 1252 1670 ve-

116 1717 174 1752 rum
193 1707 251 1766 est,
283 1701 428 1754 revocandi
453 1711 537 1773 atque
559 1721 574 1755 a
599 1701 716 1754 naturali
736 1721 827 1756 rerum
854 1719 937 1756 cursu
963 1703 1125 1772 explicandi.
1163 1702 1253 1772 Atque

116 1785 168 1836 huc
190 1785 269 1838 etiam
293 1787 398 1839 referre
426 1789 518 1856 possis
540 1789 566 1856 I,
593 1790 656 1854 131,
689 1787 736 1840 ubi
756 1788 876 1855 Perses,
904 1787 985 1840 aliter
1015 1796 1098 1858 atque
1127 1790 1253 1858 Graecos,

114 1863 201 1932 θεοὺς
215 1863 439 1940 ἀνθρωποφυέας
454 1873 586 1926 statuisse
599 1881 691 1940 neget,
709 1891 741 1924 eo
757 1873 818 1942 ipso
835 1873 976 1939 indicens,
999 1873 1167 1926 Graecorum
1189 1872 1253 1924 deo-

116 1971 174 2018 rum
196 1955 278 2024 vulgo
296 1965 467 2026 receptorum
490 1965 614 2010 naturam
638 1957 691 2009 sihi
712 1959 782 2010 bene
799 1976 861 2010 esse
877 1957 1023 2026 cognitam.
1057 1957 1133 2010 Adde
1148 1957 1186 2022 II,
1205 1958 1253 2010 53:

115 2036 198 2094 ἔνθεν
219 2037 249 2093 di
270 2035 374 2109 ἐγένετο
396 2037 508 2104 ἕκαστος
529 2043 585 2096 τῶν
598 2043 689 2112 θεῶν,
711 2043 741 2097 εἴ
750 2061 779 2096 τε
791 2037 819 2096 d'
837 2039 892 2097 odsi
906 2031 977 2112 ἦσαν
987 2036 1104 2114 πάντες,
1124 2034 1217 2096 ὁκοῖοί
1226 2036 1256 2093 τὲ

114 2143 187 2186 τινες
211 2119 245 2178 re'r
271 2126 361 2196 stare,
388 2118 440 2180 οὐκ
465 2119 613 2197 ἠπιστέατο
627 2123 702 2196 μέχρι
718 2115 752 2182 οὗ
769 2121 866 2198 πρώην
886 2146 915 2182 τε
936 2125 984 2180 roi
1005 2123 1083 2198 χθὲς,
1104 2119 1141 2188 eir
1166 2123 1255 2182 εἰπεῖν

115 2203 203 2282 λόγῳ,
230 2217 258 2262 61
281 2211 451 2280 potissimum
476 2230 523 2280 eu,
550 2229 621 2281 quae
641 2211 675 2264 de
691 2213 822 2282 Neptuno
844 2213 957 2266 disserit
976 2212 1037 2278 VII,
1059 2209 1253 2278 1166616ῑά.

117 2302 185 2346 nott.
211 2293 311 2346 Τ.111.
335 2314 362 2364 p.
380 2297 441 2361 630,
461 2297 562 2365 quibus
584 2296 663 2362 adde,
686 2313 757 2366 quae
777 2297 907 2364 leguntur
927 2295 988 2362 VII,
1012 2298 1061 2354 133
1078 2297 1105 2347 in
1125 2295 1173 2347 fin.
1194 2294 1254 2362 (uhi

116 2379 172 2430 vid.
188 2385 256 2430 nott.
272 2397 299 2448 p.
315 2379 381 2446 637)
396 2387 424 2432 61
447 2383 495 2436 137
511 2380 573 2450 (ubi
589 2381 642 2432 rid.
659 2387 727 2432 nott.
744 2399 771 2450 p.
787 2383 851 2452 64⁵2)
868 2379 1121 2450 61189(61(1,6611.
1138 2397 1164 2448 p.
1177 2379 1253 2445 738).

118 2461 193 2528 VIII,
220 2464 246 2515 8.
268 2467 311 2530 77,
334 2463 381 2516 ubi
408 2465 442 2516 61.
467 2471 536 2518 nott.
565 2464 637 2516 Hinc
659 2481 769 2536 quoque
794 2463 841 2532 tx,
863 2467 897 2518 65
919 2465 967 2516 fin.
990 2457 1077 2518 tosto
1102 2457 1140 2534 di,
1167 2463 1204 2517 εἴ
1222 2481 1254 2516 τι

117 2543 196 2616 περὶ
222 2549 291 2600 τῶν
312 2549 425 2602 θείων
448 2543 662 2619 πρηγμάτων
683 2546 826 2604 δοκέειν
847 2540 954 2618 6εἰ,ἡ
980 2543 1049 2610 θεὸς
1071 2540 1143 2618 urimp'
1168 2565 1255 2617 σφεας

117 2625 170 2686 οὐκ
185 2625 293 2697 ἐδέξατο
309 2652 334 2688 ν.
345 2652 369 2691 τ.
382 2637 407 2688 7..
439 2635 537 2706 Itaque
555 2641 629 2687 recte
650 2634 713 2686 mihi
729 2634 770 2687 sic
789 2641 912 2686 statuere
932 2632 1042 2686 videtur
1059 2633 1157 2702 laeger
1177 2633 1254 2685 Diss.

118 2717 239 2770 Herodd.
255 2737 282 2788 p.
299 2720 346 2772 31:
368 2721 420 2787 „In
439 2721 589 2774 universum
608 2721 635 2772 in
657 2722 746 2789 aprico
767 2729 804 2773 est
823 2720 915 2772 mentis
937 2719 1068 2772 Herodoti
1089 2737 1147 2772 cum
1166 2719 1256 2789 petrin

117 2803 246 2874 religione
266 2805 434 2874 conspiratio.
460 2809 495 2860 At
518 2824 573 2860 aon
594 2805 679 2860 minus
701 2808 800 2870 elucet,
823 2823 881 2858 eum
903 2804 993 2856 aitiori
1012 2807 1169 2858 collocatum
1189 2805 1254 2870 loco,

116 2889 275 2942 iudicantem
303 2891 390 2960 potius
420 2909 498 2958 quam
524 2900 621 2946 temere
645 2893 793 2944 credentem
828 2892 864 2942 od
893 2906 951 2942 eom
980 2892 1133 2943 66666666.ιι
1175 2887 1255 2952 Ques

117 2972 243 3041 pluribus
275 2981 441 3043 persecutus
476 2983 519 3028 est
545 2975 572 3028 in
603 2981 800 3045 programmate
826 2973 1064 3026 Hildesheimiens.
1094 2973 1159 3025 anni
1187 2975 1255 3028 1856

116 3055 231 3126 Runger
248 3057 407 3125 „Heroduts
426 3059 598 3113 Verhriitniss
619 3077 679 3114 zum
699 3059 885 3129 griechischen
912 3057 1137 3127 761165166666ιι
1160 3061 1255 3130 pagi

118 3159 196 3212 seqq.
211 3160 238 3211 p.
251 3147 294 3194 22.

201 3226 353 3288 Quaeritur
368 3227 462 3295 igitur,
475 3229 541 3298 quid
558 3229 641 3281 altius
657 3231 761 3281 Noster
780 3227 901 3280 senserit
921 3235 949 3280 et
970 3227 1076 3298 qualem
1095 3225 1181 3279 divini
1203 3243 1253 3278 nu-

117 3309 197 3363 minis
212 3309 349 3362 notionem
369 3313 457 3365 animo
475 3313 634 3382 impressam
649 3313 784 3378 tenuerit,
801 3319 832 3364 ut
846 3330 878 3364 ex
895 3329 936 3379 ea,
948 3329 1019 3382 quae
1035 3311 1118 3364 huius
1137 3309 1254 3362 numinis

118 3401 162 3448 est
182 3394 225 3447 ris
246 3401 328 3465 etque
348 3403 472 3466 potestas
491 3397 519 3448 in
543 3415 588 3450 res
604 3398 749 3464 humanas,
767 3413 871 3462 rerum,
888 3413 959 3465 quse
980 3395 1122 3464 occidunt,
1139 3395 1255 3446 omnium

118 3479 178 3532 sive
194 3485 293 3532 natura
308 3479 368 3534 sire
384 3482 537 3534 necessitas
553 3480 732 3549 intelligetur.
764 3481 889 3551 Namque
906 3498 939 3532 ex
959 3480 1094 3532 Herodoti
1117 3477 1255 3532 sententio

118 3581 178 3616 curn
193 3564 308 3616 hominis
324 3573 399 3619 certa
416 3567 453 3618 sit
464 3565 584 3619 conditio
600 3567 730 3635 quaedam
746 3566 872 3636 finesque
892 3565 976 3634 positi
996 3583 1029 3617 sc
1046 3563 1164 3630 termini,
1183 3563 1255 3616 intre

119 3817 253 3868 Herodoti
271 3817 475 3883 computatione
494 3815 605 3882 egregie
627 3815 773 3866 convenire
791 3813 998 3880 Apollodorum,
1023 3813 1069 3879 qni
1087 3812 1115 3862 in
1133 3815 1255 3862 notatum

118 3887 217 3936 seriem
236 3891 265 3935 et
281 3891 361 3935 notos
379 3885 586 3936 accuratissime
604 3883 767 3950 inquisierit.
799 3883 841 3932 Tu
858 3881 913 3933 vid.
932 3897 1002 3947 quoe
1020 3883 1049 3931 in
1066 3881 1179 3931 Excurs.
1193 3879 1253 3930 VII.

119 3969 145 4018 p.
158 3953 207 4004 655
219 3969 276 4018 seq.
291 3953 324 4002 de
337 3953 380 4002 his
393 3953 601 4019 disputavimus.

186 4021 212 4082 *1
232 4020 310 4072 Cous.
326 4021 408 4071 etiam
421 4021 482 4070 Alb.
496 4020 529 4069 ds
541 4019 637 4086 Iongh.
651 4018 669 4069 l.
683 4019 699 4068 1.
713 4035 738 4084 p.
751 4018 793 4067 27.
1314 4075 1319 4088 1

174 4088 217 4152 **)
238 4089 461 4150 „Relativemeut
474 4103 509 4138 eu
522 4087 594 4138 culte
607 4087 655 4137 des
667 4087 765 4147 Dieux,
779 4085 917 4136 Herodoto
931 4091 1033 4135 mentre
1047 4083 1255 4134 I'attaehemeut

120 4154 146 4205 16
159 4155 219 4220 plus
232 4157 274 4206 vii
290 4173 356 4222 pour
374 4173 406 4208 ce
424 4160 505 4222 qu'on
521 4161 588 4222 pont
606 4154 719 4221 eppeIer
731 4153 759 4204 le
771 4153 888 4220 religion
902 4153 1043 4203 netIonaIe
1057 4157 1084 4201 et
1097 4167 1132 4200 uu
1145 4156 1254 4216 respect

119 4223 235 4289 proiond
253 4239 320 4290 pour
338 4231 398 4275 tous
416 4224 456 4276 les
473 4225 563 4275 obiets
581 4223 614 4273 de
632 4223 684 4283 foi,
702 4237 771 4288 pour
788 4226 879 4272 toutos
897 4221 937 4272 Ies
949 4221 1076 4286 opinions
1089 4219 1254 4284 religienses

120 4306 172 4356 que
190 4291 218 4340 la
235 4293 365 4342 tradition
383 4293 431 4344 des
449 4291 529 4358 phres
547 4291 624 4342 evoit
643 4291 696 4340 fait
712 4305 808 4354 passer
826 4305 878 4340 aux
897 4289 996 4339 enisus
1009 4295 1037 4339 et
1050 4303 1100 4353 que
1114 4287 1140 4336 16
1154 4286 1253 4352 penple

120 4359 196 4410 evuin
208 4359 460 4425 serupuleusement
472 4359 632 4426 adopte'es.“
662 4358 807 4408 Meierotto
820 4356 838 4408 I.
852 4357 870 4407 I.
884 4373 911 4424 p.
924 4355 983 4408 617.
1011 4359 1050 4406 Et
1061 4355 1133 4406 coni.
1148 4369 1253 4420 quoqne

119 4427 182 4476 Alb.
196 4426 229 4477 de
241 4427 336 4493 Iongh.
350 4429 391 4478 De
404 4429 506 4482 Herod.
518 4425 671 4495 philosoph.
684 4443 710 4492 p.
724 4426 765 4477 25.
779 4423 821 4476 26.

171 4531 328 4573 rrareooor.
350 4533 391 4575 rv.
1010 4512 1052 4574 29
