2984 4962
228 415 288 477 422
668 404 982 468 COMMENTA'I'IO

228 601 283 638 non
296 583 409 654 anplius
423 582 512 635 luisse
527 587 658 650 arguunt,
678 581 728 634 iam
741 579 797 632 dixi
809 579 836 630 iu
851 577 964 632 Jahrhh.
985 580 1005 630 f.
1027 577 1161 646 Philolog.
1179 579 1251 631 LlV.
1268 598 1294 648 p.
1313 583 1365 634 ltu

227 675 256 722 et
266 685 351 738 supra
362 683 473 738 quoque
485 667 585 719 monui.
613 667 673 719 Nec
681 665 767 734 megia
779 663 887 716 eaedem
898 669 1047 733 temporum
1059 663 1180 716 rationes
1192 665 1364 732 permittunt,

227 759 258 806 ut
269 771 335 806 vera
350 769 412 806 esse
427 753 577 820 credamus,
590 767 661 821 quae
673 748 862 820 spudSuidam
877 766 900 800 s.
916 765 943 801 v.
954 741 1113 811 Ἑλλάνικος
1123 753 1165 817 (p.
1178 751 1228 800 212
1241 749 1364 802 Wester-

227 855 317 891 mann.
347 837 414 888 Vitt.
442 837 558 890 Graece.
585 835 709 906 scriptt.)
734 834 882 902 legunturz
912 829 1034 902 διέτριψε
1059 825 1088 886 δ’
1115 825 1274 896 Ἑλλάνικος
1301 827 1365 888 οὖν

220 916 397 994 Ἡροδότῳ
412 914 480 989 παρ’
494 915 610 994 Ἀμιδντρι
626 922 664 993 τῷ
676 912 855 975 Μακεδόνων
872 918 980 989 βασιλεῖ
990 912 1061 972 κατὰ
1071 911 1136 980 τούς
1151 912 1267 989 χρόνους
1283 912 1366 988 Εὔρι-

226 1009 309 1061 ιιίδοο
324 1003 373 1060 καὶ
392 1003 584 1074 Σοφοκλέους·
605 1003 654 1058 καὶ
664 999 797 1074 Ἑκαταίῳ
816 1004 854 1076 τῷ
868 1005 998 1076 Μιλησίῳ
1014 997 1126 1076 ἐπέβαλε
1147 997 1272 1073 γεγονότι
1292 999 1365 1060 κατὰ

225 1087 260 1147 roi
281 1086 404 1162 Περσικοὶ
426 1089 475 1144 καὶ
493 1091 588 1162 μακρῷ
603 1084 687 1158 πρός·
709 1083 822 1155 ἐξέτεινε
844 1083 874 1141 di·
894 1085 1033 1158 καὶμέχρι
1050 1089 1106 1143 τῶν
1129 1090 1285 1158 Περδίκκου
1300 1085 1366 1160 χρό-

225 1195 283 1230 roro
304 1196 330 1230 κ.
352 1196 377 1229 τ.
404 1180 439 1243 l,
466 1175 494 1228 iu
521 1176 637 1246 quibus,
664 1179 695 1226 ut
726 1183 877 1242 temporum
903 1173 1026 1226 rationes
1041 1174 1094 1226 sibi
1118 1181 1285 1240 constarent,
1313 1195 1365 1244 pro

222 1255 336 1336 Ἀμδνκᾳ
356 1260 468 1314 Cliuton
488 1261 524 1312 H.
541 1279 568 1330 p.
588 1263 636 1312 uu
653 1259 749 1329 reponi
764 1257 853 1310 voluit
870 1258 1010 1332 Περδίκκᾳ
1026 1253 1205 1328 οιἎρχιλιὶον
1220 1277 1270 1329 pro
1294 1263 1366 1329 Περ-

226 1348 339 1400 δίκκουι
356 1345 455 1398 etenim
469 1345 571 1398 Suidse
587 1344 711 1397 verbosi
727 1359 883 1412 sequemur,
905 1342 1066 1397 Hellanicus
1081 1363 1138 1398 uno
1154 1363 1213 1398 cam
1229 1347 1365 1402 Herodoto

226 1431 299 1502 apud
320 1430 463 1498 Amyntam
484 1429 547 1502 (qui
568 1429 696 1497 regnavit
722 1427 767 1480 01.
789 1427 862 1494 LVl,
882 1432 947 1480 4-
962 1427 1058 1499 LXIX,
1077 1433 1103 1493 1)
1124 1435 1303 1483 commoratus
1320 1440 1367 1484 est

226 1525 308 1586 atque
323 1520 438 1568 sentem
453 1514 577 1568 extendit
588 1530 678 1586 usquc
696 1513 731 1566 ad
745 1511 892 1564 Perdiccae
906 1517 1036 1582 tempora,
1056 1515 1102 1584 qui
1119 1532 1230 1582 regnum
1247 1515 1366 1586 adeptus

226 1599 384 1669 estOlymp.
401 1598 521 1667 uxxlx,
535 1603 552 1652 4
567 1599 626 1651 sive
641 1601 690 1652 ool
705 1603 768 1650 ante
780 1596 846 1650 Chr.
860 1615 887 1649 n.
903 1597 986 1659 Quod
998 1617 1057 1651 curn
1073 1599 1274 1669 petestlalsurn
1291 1619 1365 1666 esse,

225 1683 328 1738 rectius
345 1684 440 1752 utique
455 1701 514 1735 curu
530 1683 664 1736 Muellero
681 1684 803 1749 (Frngm.
819 1682 918 1734 Graec.
939 1682 1002 1734 hist.
1027 1684 1048 1735 l.
1065 1703 1092 1753 p.
1107 1683 1195 1736 XXIV
1210 1689 1282 1754 seq.)
1298 1686 1366 1738 Hel·

226 1767 340 1821 lanicum
362 1768 434 1821 intra
457 1767 567 1836 Olymp.
583 1767 706 1837 LXXIV,
729 1769 745 1820 3
759 1797 794 1806 -
810 1765 892 1832 XLV,
913 1767 1003 1820 lsive
1020 1771 1156 1823 482-397
1174 1775 1238 1822 ante
1252 1769 1318 1823 Chr.
1336 1789 1365 1824 n.

226 1852 329 1905 vixisse
356 1859 478 1905 statues:
501 1853 568 1904 odeo
586 1859 616 1902 ut
633 1849 768 1904 Herodoti
784 1857 899 1904 aetatem
915 1849 997 1920 longe
1019 1853 1062 1906 hic
1085 1853 1268 1924 superaverit.
1302 1855 1366 1908 Nec

228 1945 314 1989 tamen
337 1937 364 1988 in
387 1943 463 1990 tants
485 1937 572 1990 ianuae
594 1933 790 1988 incertitudine
812 1952 843 1987 ac
862 1936 1048 2006 discrepantia
1071 1937 1169 1991 adduci
1186 1955 1312 2008 possum,
1335 1949 1368 1994 ut

225 2021 394 2074 Herodotum
410 2029 438 2074 et
453 2021 623 2074 Hellanicum
640 2021 694 2072 unt
709 2019 736 2071 in
753 2019 815 2072 aule
830 2021 906 2089 regis
922 2021 1118 2091 Macedonum,
1132 2022 1192 2075 sive
1213 2023 1367 2078 Archelaus

227 2105 286 2159 sive
300 2105 371 2158 elius
388 2105 451 2175 quis
469 2107 562 2172 luerit,
579 2110 768 2158 commoratum
783 2123 846 2158 esse
863 2105 957 2176 ibique
972 2107 1141 2162 Herodotum
1154 2115 1287 2162 mortuum
1301 2129 1369 2164 esse

226 2190 346 2244 credero:
361 2190 536 2261 acquiescere
551 2190 637 2244 malim
651 2189 679 2241 in
701 2205 733 2242 eo
747 2191 833 2256 lama,
850 2207 920 2260 quoe
935 2191 1104 2246 Herodotum
1119 2192 1234 2246 Thuriis
1251 2201 1279 2246 et
1293 2213 1369 2248 ruor-

225 2283 301 2329 tuum
316 2283 344 2328 et
358 2275 494 2346 sepultum
511 2293 573 2329 esse
588 2275 681 2330 tradit.

310 2359 420 2427 Uxoris,
436 2361 637 2432 liberorumque
651 2377 739 2430 seque
760 2365 843 2430 etque
858 2365 1036 2428 cognatorum
1050 2361 1184 2416 Herodoti
1204 2363 1243 2434 (si
1259 2365 1291 2416 ab
1309 2382 1369 2418 uno
1478 2359 1479 2398 ἶ

227 2445 346 2514 Panyasi
368 2445 507 2516 discedes)
535 2446 609 2499 nulla
635 2445 775 2515 reperitur
805 2444 912 2497 mentio.
944 2444 1044 2500 Tradit
1070 2447 1178 2517 quidem
1204 2448 1244 2515 (in
1272 2449 1371 2504 Photii

224 2529 460 2586 Bibl.Cod.190.
477 2550 504 2600 p.
525 2532 627 2586 24611.
651 2550 678 2601 p.
697 2532 745 2582 148
762 2529 863 2598 Bekk.)
882 2528 1052 2584 Ptolemaeus
1067 2532 1253 2602 Hephaestio,
1274 2534 1370 2588 Hero-

225 2615 316 2668 dotum
329 2631 420 2667 secum
433 2615 561 2668 habuisse
577 2615 707 2668 aurasium
721 2613 854 2685 quendam
871 2613 1066 2684 Plesirrboum,
1087 2617 1249 2672 Thessalum
1261 2635 1371 2687 genere

225 2699 394 2768 eundemque
410 2717 489 2768 opum
505 2700 656 2768 haeredem,
672 2717 688 2752 ιι
702 2715 756 2769 quo
773 2699 852 2751 etiarn
869 2698 999 2754 historiae
1011 2701 1183 2755 Herodoteae
1197 2705 1372 2772 prooemium

225 2783 310 2836 suerit
324 2784 518 2852 compositum,
541 2784 704 2854 reliquisse3
733 2782 781 2836 sed
804 2783 880 2836 firmo
903 2793 1063 2852 argumento
1079 2785 1145 2839 haec
1159 2804 1252 2840 cerere
1269 2789 1371 2842 viden-

225 2876 280 2934 tur,
297 2884 456 2936 quamquam
472 2869 536 2922 inde
551 2868 643 2936 colligi
655 2885 738 2937 posse
752 2867 1091 2924 videturC.0.ltluellero
1107 2871 1220 2942 (Kleine
1232 2873 1373 2928 deutsche

225 2951 337 3002 Schrilt.
355 2951 377 3002 l.
395 2969 421 3019 p.
438 2953 495 3020 36),
518 2953 552 3004 ab
569 2953 619 3006 hoc
634 2952 790 3006 Plesirrhoo
814 2952 949 3006 Herodoti
965 2972 1035 3025 opus
1055 2964 1120 3025 post
1142 2963 1252 3010 mortem
1274 2957 1371 3012 Hero—

226 3035 284 3088 doti
299 3052 361 3087 esse
376 3034 486 3090 editum.
519 3037 617 3107 Neque
644 3039 677 3090 sb
703 3038 754 3089 hoc
774 3037 865 3090 eodem
881 3037 1038 3093 Plesirrhoo
1053 3042 1219 3110 prooemium
1238 3043 1373 3096 Herodo-

224 3127 298 3172 teum
323 3136 386 3172 esse
412 3121 611 3192 conscriptum,
637 3123 689 3176 iam
715 3138 800 3192 supra
815 3121 890 3194 (Vol.
906 3123 929 3175 Ι.
945 3144 972 3195 p.
986 3126 1017 3192 4)
1040 3126 1192 3179 monuimus
1209 3126 1373 3198 iterumque

226 3205 276 3258 hoc
292 3203 350 3256 loco
366 3205 527 3259 monendum
543 3211 684 3275 putemus,
704 3223 763 3259 cum
779 3206 869 3260 denuo
884 3225 973 3278 nuper
987 3209 1030 3263 vir
1045 3210 1142 3264 doctus
1158 3211 1213 3282 (La
1227 3211 1320 3266 ltocbe
1336 3215 1371 3269 iu

224 3289 358 3357 Philolog.
373 3287 446 3342 xlv,
465 3309 492 3360 p.
509 3292 558 3344 287
575 3297 667 3364 seqq.)
686 3293 737 3345 boc
761 3292 926 3361 prooemium
947 3295 980 3348 ab
1003 3295 1064 3364 ipso
1079 3296 1219 3350 Herodoto
1241 3301 1371 3352 conscri-

224 3381 300 3445 ptum
315 3391 377 3427 esse
392 3376 543 3446 negaverit,
559 3375 716 3430 Plesirrboo
731 3377 794 3430 huic
814 3384 862 3430 aut
876 3379 1038 3448 posterioris
1054 3381 1152 3433 aetatis
1167 3381 1312 3453 scriptori,
1335 3395 1373 3438 ut

225 3459 363 3530 opinatur,
380 3459 564 3513 tribuendum.
590 3460 653 3514 Vid.
670 3466 739 3515 nott.
757 3461 792 3514 T.
808 3463 831 3514 l.
847 3481 874 3532 p.
890 3465 916 3516 4.

308 3543 349 3595 De
368 3543 501 3598 Herodoti
518 3545 682 3614 imaginibus
705 3548 770 3600 haec
792 3547 853 3602 olim
868 3547 1016 3618 adscripsit
1032 3547 1205 3602 Creuzerus:
1227 3569 1372 3623 „querum

225 3627 319 3698 plures
334 3627 487 3699 antiquitus
503 3631 645 3685 exstitisse
661 3631 707 3686 vix
727 3631 838 3686 dubium
856 3639 913 3704 est,
935 3649 993 3687 cum
1010 3633 1097 3687 sdhuc
1113 3652 1220 3690 carmen
1238 3641 1371 3708 supersit

225 3712 400 3766 Christodori
413 3715 541 3785 Coptitae
557 3716 586 3768 in
597 3717 731 3770 Herodoti
745 3717 897 3788 imaginem,
914 3735 985 3789 quae
996 3719 1257 3791 Constantinopolin
1270 3730 1368 3778 trans-

224 3795 279 3848 lata
306 3803 374 3848 erat.
402 3798 464 3852 Vid.
492 3801 627 3853 Analectt.
654 3801 691 3852 11.
719 3819 781 3872 pag.
798 3807 858 3856 470.
894 3803 932 3856 hc
959 3803 1030 3876 lepis
1059 3803 1194 3875 hodieque
1216 3815 1307 3860 exstet
1334 3810 1368 3864 in

225 3879 324 3934 Museo
341 3879 427 3950 Regis
443 3883 637 3954 Neapolitani,
665 3903 697 3938 eu
713 3885 870 3940 collectione
886 3888 1056 3942 l'srnesiena
1072 3889 1180 3958 illatus,
1206 3891 1253 3962 qui
1271 3891 1368 3947 Hero·

225 3965 283 4018 doti
299 3969 326 4019 et
341 3963 512 4033 Thucydidis
534 3969 678 4022 simulacre
698 3969 789 4024 iuncte
810 3971 887 4024 simul
908 3971 1025 4026 exhibet.
1053 3974 1115 4028 Vid.
1137 3975 1221 4044 imag.
1240 3995 1273 4030 ex
1291 3979 1367 4032 Bibl.

226 4049 258 4099 F.
266 4049 363 4100 Ursini
376 4053 443 4104 1570
450 4051 525 4106 Rom.
542 4061 570 4107 et
581 4053 705 4106 Visconti
718 4055 896 4125 lconograph.
912 4075 1005 4128 grecq.
1022 4059 1045 4112 Ι.
1060 4059 1097 4129 ρΙ.
1115 4065 1147 4113 ‘27
1163 4065 1205 4132 (p.
1218 4064 1269 4116 315
1281 4080 1366 4136 seqq.

226 4132 269 4183 ed.
287 4131 395 4206 Milan.)
413 4135 504 4202 [Unde
515 4137 649 4191 Herodoti
664 4138 751 4207 imago
769 4157 878 4211 quoque
892 4141 1028 4196 delineate
1044 4145 1214 4216 conspicitur
1229 4145 1256 4200 in
1269 4148 1366 4203 fronte

227 4215 312 4267 ltelae
331 4217 419 4270 nostri
441 4219 583 4290 scriptoris
606 4220 765 4298 versionis]
800 4225 884 4278 Aliam
907 4226 994 4279 adbuc
1008 4228 1174 4298 incognitam
1189 4231 1366 4300 imaginerhe

226 4317 306 4354 numo
317 4301 557 4358 Halicarnassensi
571 4307 700 4378 temporis
708 4309 838 4362 Antonini
846 4309 887 4363 Pii
899 4311 1048 4380 publicavit
1061 4315 1131 4368 idem
1140 4315 1298 4370 Viscontius
1310 4318 1330 4370 l.
1345 4320 1363 4374 Ι.

227 4385 283 4456 [cui
305 4384 389 4438 addes
415 4387 527 4440 alterum
550 4405 657 4442 numam
682 4409 766 4462 supra
790 4394 847 4466 §.⁶2
871 4403 1120 4469 commemoratum}
1154 4400 1295 4454 Monstrat
1317 4404 1366 4458 ille
