2980 4978
237 464 299 525 546

236 623 372 675 critobuli
398 621 471 685 filia,
501 620 611 674 Amasis
640 637 725 684 uxor,
754 620 791 684 ΙΙ,

286 709 329 760 8.

236 710 395 846 Critdbulus
412 791 592 854 Toronaeum,
613 791 692 854 VIII,
714 791 771 841 127.

237 879 332 943 crios,
351 875 491 944 Polycriti
510 875 596 940 filius,
616 876 665 940 VI,
684 875 717 924 56
736 881 792 926 not.

270 963 347 1016 eirea
360 979 421 1014 eum
434 969 464 1012 et
476 959 652 1012 Cleomenem
665 969 743 1022 aeta,
757 958 792 1009 ib.

270 1045 489 1100 Atheniensibus
509 1045 631 1098 traditus
651 1043 680 1095 in
698 1051 792 1094 eristo-

271 1132 361 1198 diam,
381 1132 430 1196 VI,
450 1131 491 1182 73.

238 1217 320 1270 Criua
349 1215 501 1282 Aeginetae,
532 1211 671 1281 Polycriti
702 1220 792 1280 pater,

272 1302 348 1366 VIII,
369 1301 411 1354 62.

238 1386 352 1453 Crobyzi
373 1383 494 1436 Tlorooea
517 1375 654 1450 (Θρήϊκες
677 1376 707 1434 ol
723 1380 795 1446 IIpo·

273 1464 378 1534 βόζοι),
399 1469 446 1534 IV,
466 1469 499 1520 49
518 1475 576 1520 not.

239 1554 376 1606 Crocodili
395 1569 494 1606 nomen
506 1553 543 1618 II,
556 1551 590 1604 66
603 1559 662 1604 uot.
686 1550 794 1602 deseri-

274 1639 348 1708 ptio,
372 1639 412 1704 11,
431 1637 465 1690 68
484 1645 540 1689 not.
565 1636 606 1687 69.
625 1635 667 1686 76.
698 1652 795 1686 croco-

274 1723 325 1775 dili
344 1722 431 1788 sacri,
451 1723 486 1787 II,
500 1721 533 1772 66
546 1727 604 1772 not.
617 1720 675 1770 148.
700 1735 795 1771 eorum

275 1807 419 1876 sepulcra,
439 1807 475 1872 ΙΙ,
495 1805 553 1856 148.
572 1803 730 1856 crocodilos
750 1804 796 1855 ln-

276 1893 328 1944 dus
348 1907 458 1960 quoque
477 1890 506 1942 ll.
525 1889 590 1954 alit,
615 1889 667 1952 IV,
686 1890 719 1939 44
739 1895 795 1939 not.

276 1975 411 2030 crocodili
435 1975 550 2026 Africae
579 1979 730 2025 terrestres
752 1971 797 2024 bi-

277 2061 430 2125 cubitales,
449 2059 498 2124 IV,
519 2059 644 2110 162601.
669 2056 797 2110 crocodi-

278 2147 367 2198 lorum
378 2144 494 2196 mumiae
505 2143 638 2208 rariores,
650 2143 686 2208 11,
696 2143 729 2194 66
740 2148 798 2194 not.

279 2229 414 2284 crocodili
434 2245 485 2297 per
508 2228 680 2296 Aegyptum,
704 2227 747 2292 II,
765 2226 799 2277 68

279 2325 336 2368 not.
351 2333 412 2379 ova,
426 2313 501 2380 ΙΙ,68
514 2322 571 2365 not.
584 2311 750 2380 descriptio,
762 2311 798 2376 ll,

277 2401 310 2452 68
319 2407 381 2452 not.
393 2399 427 2450 66
440 2406 499 2450 not.
518 2398 623 2465 lingua,
643 2398 679 2464 11,
692 2397 726 2448 68
740 2403 799 2448 not.

277 2485 391 2538 maxilla
413 2483 547 2548 inferior,
576 2483 618 2547 ll,
642 2481 684 2534 68.
715 2481 798 2546 cutis,

278 2571 313 2634 Il,
332 2569 366 2620 68
384 2577 441 2622 not

244 2655 449 2706 crocodilorum
462 2655 529 2706 urbs
544 2651 680 2720 Aegypti,
700 2651 736 2716 ΙΙ,
751 2651 800 2702 148

280 2747 338 2792 not.

246 2825 376 2888 Croesus,
396 2841 430 2874 ex
443 2822 669 2874 Mermnadarum
683 2818 800 2885 familia,

281 2909 338 2972 1,7.
356 2907 481 2973 Alyattis
494 2905 534 2956 til.
544 2923 577 2956 ex
588 2904 691 2957 Carica
705 2921 800 2969 uxore,

283 2991 495 3043 Pantaleontem
519 2991 637 3041 fratrem
661 2987 801 3058 rebellan-

280 3087 335 3129 tem
348 3074 498 3139 interficit,
519 3074 540 3138 I,
553 3073 595 3124 62.
618 3089 705 3126 aornos
719 3091 801 3126 xxxv.

282 3168 364 3212 natus
384 3158 506 3227 suscipit
519 3174 635 3226 regnum
648 3158 800 3225 Lydorum,

280 3254 309 3298 et
318 3244 457 3314 Ephesios
469 3243 594 3306 invadit;
608 3244 709 3297 deiude
720 3245 801 3296 Iones

281 3339 310 3383 et
328 3329 429 3382 Aeoles
448 3328 475 3380 io
490 3329 557 3381 Asia
575 3329 697 3396 subigit,
717 3329 739 3396 1,
758 3329 801 3380 26.

281 3417 381 3472 otoni.
396 3414 491 3468 statim
503 3415 583 3466 Iones
594 3414 739 3466 insulanos
752 3414 801 3466 ad-

281 3517 405 3567 gressus,
420 3508 588 3568 posteacum
602 3499 637 3551 iis
651 3498 801 3567 hospitium

283 3585 438 3650 contrabit,
458 3603 483 3637 o.
500 3587 542 3636 27.
573 3601 689 3651 regnum
707 3583 801 3650 Lydo·

283 3688 343 3722 rum
362 3669 458 3723 miultis
477 3669 601 3722 subactis
622 3668 734 3738 populis
753 3685 802 3720 roun

283 3764 343 3822 get,
364 3773 387 3807 c.
401 3755 434 3805 28
446 3773 505 3822 seq.
517 3781 551 3792 -—
568 3771 629 3806 cum
648 3753 803 3822 Aegyptio-

284 3857 344 3890 rum
369 3857 435 3907 rege
454 3839 561 3904 Amasi,
586 3847 615 3891 et
632 3839 803 3906 Babylonio-

257 3973 260 3980 .
285 3940 346 3976 rum
360 3924 505 3989 Labyneto
524 3924 623 3976 loedus
639 3923 707 3989 init,
727 3923 748 3988 Ι,
762 3925 805 3974 77.

284 4037 318 4046 -
330 4007 501 4070 Miltiadem,
515 4026 531 4060 a
544 4008 744 4077 Lampsacenis
758 4027 804 4061 ca-

286 4101 378 4160 ptum,
398 4090 508 4158 liberat,
528 4095 580 4159 VI,
594 4094 637 4146 37.
663 4093 723 4146 eius
744 4109 804 4146 oum

286 4177 389 4230 Solone
403 4175 586 4245 colloquitrm,
601 4179 622 4242 I,
634 4179 733 4231 36-33
747 4187 805 4231 not.

287 4261 407 4314 ldxcurs.
426 4263 462 4314 ll.
481 4281 509 4331 p.
526 4263 586 4314 657.
616 4265 751 4316 somnium
771 4265 805 4316 de

287 4345 360 4410 lilio,
375 4363 400 4397 e.
410 4347 451 4398 34.
471 4348 635 4414 Adrastum,
650 4349 734 4401 caede
748 4367 764 4400 n
777 4367 806 4400 se

288 4430 444 4497 expiatum,
464 4449 524 4484 coam
538 4433 626 4485 lilium
639 4433 746 4486 invitus
760 4451 806 4485 oc-

612 459 638 518 Ι.
677 457 816 517 INDEX
836 457 994 516 RERUM.

852 621 1383 689 cidisset,bomanitertractatquam-

853 706 897 758 vis
926 723 1027 774 magno
1055 707 1187 759 adflictus
1211 706 1326 770 dolore,
1358 705 1383 768 1,

852 792 962 844 35-45.
983 789 1134 844 Persarum
1153 799 1328 844 crescentem
1343 789 1383 842 ti·
1481 791 1482 852 J

853 893 930 930 mens
953 876 1122 944 potentiam,
1152 875 1269 929 oracula
1298 875 1384 926 varie

855 960 990 1026 consulit,
1014 961 1040 1026 l,
1059 961 1093 1012 46
1111 979 1188 1030 seqq.
1219 961 1247 1012 in
1274 976 1382 1012 oonsu-

854 1045 937 1098 lendo
955 1045 1092 1114 Delphico
1117 1045 1232 1098 oraculo
1256 1045 1291 1097 ab
1313 1045 1384 1096 Alc-

853 1147 968 1183 maeone
981 1130 1104 1196 adiutus,
1118 1131 1191 1182 bunc
1202 1147 1302 1197 magno
1316 1129 1383 1180 aori

853 1215 979 1284 pondere
993 1215 1093 1280 donat,
1108 1215 1156 1280 VI,
1172 1215 1228 1266 125.
1247 1223 1277 1266 et
1289 1213 1385 1266 multa

854 1300 1004 1368 magnifica
1027 1300 1146 1354 donorio
1171 1299 1199 1352 in
1218 1299 1385 1359 Graeciam,

855 1393 884 1437 et
907 1385 1060 1455 praecipue
1084 1385 1208 1453 Delphos
1231 1383 1334 1447 mittit,
1360 1383 1385 1444 1,

854 1471 888 1520 56
907 1478 964 1522 not.
984 1487 1062 1537 seqq¹
1081 1470 1118 1521 el.
1138 1487 1162 1521 c.
1180 1470 1222 1520 62.
1242 1469 1280 1532 V,
1300 1469 1335 1520 36
1354 1475 1388 1518 et
1464 1492 1469 1501 ·

856 1555 938 1619 VIII,
968 1555 1011 1608 35.
1047 1571 1107 1606 cum
1138 1551 1386 1615 Lacedaemoniis,

856 1641 1031 1691 Graecorum
1056 1637 1260 1708 potentissimis
1283 1638 1336 1704 (ei.
1357 1655 1386 1688 c.

855 1725 888 1776 53
907 1731 936 1776 et
952 1723 1008 1788 56),
1028 1724 1128 1776 foedus
1147 1723 1215 1788 init,
1233 1723 1256 1788 Ι,
1275 1721 1311 1774 66
1322 1739 1386 1789 seq.

857 1807 1054 1877 Cappadociae
1066 1807 1171 1860 bellum
1183 1807 1281 1870 infert,
1293 1807 1386 1873 Asty-

857 1909 937 1960 agem
956 1893 1061 1958 acyro
1080 1909 1168 1960 regno
1181 1901 1311 1956 exutum,
1331 1892 1387 1942 ad-

857 1977 939 2030 finem
953 1993 1032 2029 suum
1047 1977 1145 2030 ulcisci
1161 1977 1293 2046 cupiens,
1315 1977 1336 2040 l,
1353 1977 1389 2027 73

858 2080 935 2131 seqq.
954 2062 1030 2129 blaly
1041 2061 1207 2114 ll.'l'baletis
1221 2061 1308 2130 operi
1323 2071 1387 2112 tra-

858 2147 946 2212 iecto,
977 2147 1077 2213 Syrios
1107 2145 1225 2210 evertit,
1261 2153 1290 2197 et
1321 2161 1388 2197 cum

859 2231 935 2299 Cyro
949 2231 1067 2300 ancipiti
1080 2231 1173 2283 Marte
1187 2237 1304 2299 pugnat,
1319 2231 1387 2281 oio
1481 2281 1482 2290 2

860 2335 918 2385 seq.
939 2317 1043 2368 Sardes
1063 2317 1151 2382 redit,
1170 2315 1299 2385 proximo
1316 2332 1388 2366 vere
1481 2377 1482 2388 γ

858 2400 961 2453 bellum
989 2409 1197 2466 renovaturus,
1226 2418 1250 2452 c.
1278 2401 1324 2450 77.
1357 2400 1387 2450 io

860 2486 999 2538 Sardiano
1024 2502 1121 2554 campo
1144 2485 1255 2552 aCyro
1278 2484 1387 2548 vietus,

861 2589 884 2622 c.
902 2570 1012 2622 76-81.
1039 2569 1177 2622 Sardibus
1201 2569 1387 2636 expugnatis,
1479 2607 1480 2610 ,

860 2655 944 2706 vivus
957 2661 1071 2722 captus,
1091 2671 1159 2721 rogo
1177 2653 1329 2722 impositus
1351 2657 1388 2706 ab

861 2739 992 2808 Apolline
1005 2739 1137 2791 invocato
1150 2747 1296 2802 servator,
1313 2756 1339 2790 c.
1354 2739 1388 2789 84
1481 2779 1482 2784 ,

860 2823 938 2876 -87,
956 2831 985 2875 et
1002 2829 1060 2875 not.
1079 2823 1114 2876 ad
1133 2823 1154 2888 I,
1172 2822 1215 2874 86.
1227 2851 1262 2860 -
1279 2823 1389 2890 Pythio

863 2908 950 2961 mittit
960 2907 1116 2977 sonipedes,
1131 2907 1221 2974 Gygis
1232 2908 1316 2959 abavi
1327 2909 1388 2960 cri-

863 3009 924 3045 men
944 2992 1038 3058 luens,
1057 2993 1079 3059 1,
1093 2992 1126 3045 66
1139 3010 1198 3060 seq.
1217 2992 1254 3044 ci.
1269 3011 1293 3043 c.
1308 2993 1352 3044 13.
1374 3011 1389 3044 a

862 3077 939 3144 Cyro
963 3077 1079 3143 colitur,
1105 3077 1187 3146 eique
1209 3079 1311 3129 bonum
1336 3078 1390 3130 dat

862 3161 1009 3214 consilium
1028 3162 1063 3214 de
1078 3161 1217 3214 Sardibus
1237 3179 1292 3214 non
1312 3161 1388 3214 diri·
1481 3189 1482 3196 κ

862 3247 988 3316 piendis,
1007 3247 1029 3312 Ι,
1042 3246 1075 3298 88
1088 3265 1146 3315 seq.
1160 3255 1218 3300 not.
1236 3255 1266 3298 et
1283 3247 1318 3298 de
1340 3265 1388 3298 re-

861 3332 1027 3384 bellantium
1056 3331 1199 3398 Lydorum
1229 3331 1306 3383 vitae
1338 3349 1387 3384 ra-

862 3417 939 3469 tione
967 3418 1164 3486 permutanda,
1196 3435 1219 3468 c.
1248 3417 1297 3467 155
1325 3435 1389 3486 seq.

863 3502 929 3554 item
965 3503 994 3553 in
1025 3501 1100 3552 bello
1129 3500 1319 3568 Massagetico
1353 3503 1390 3554 de

864 3587 955 3638 Araxe
978 3581 1208 3652 u'traiicienoo,
1233 3603 1256 3637 o.
1274 3585 1335 3636 267.
1355 3615 1391 3624 -

864 3671 968 3739 aCyro
982 3688 1043 3723 cum
1056 3671 1196 3738 Cambyse
1209 3669 1248 3722 til.
1271 3671 1301 3722 iu
1314 3671 1387 3722 Per-

864 3757 933 3808 siem
957 3756 1125 3822 remittitur,
1151 3773 1176 3807 c.
1193 3755 1252 3807 268.
1282 3755 1311 3806 in
1332 3757 1406 3808 Ae.

864 3848 981 3910 gyptum
999 3841 1158 3908 Cambysen
1178 3847 1313 3906 sectatur,
1335 3841 1388 3902 III,

866 3927 907 3977 14.
937 3941 1053 3993 eumque
1073 3927 1143 3978 scite
1162 3925 1308 3990 adulatus,
1334 3925 1388 3989 Ill,
1481 3909 1482 3984 l

865 4011 909 4062 34.
933 4010 1117 4079 desipientem
1137 4027 1205 4062 vero
1224 4009 1388 4076 admonens,

864 4103 980 4148 mortem
1009 4111 1092 4162 aegro
1116 4093 1231 4162 effugit,
1261 4095 1319 4160 III,
1346 4095 1388 4148 36.

866 4179 965 4232 Croesi
988 4179 1079 4245 lilius,
1106 4185 1211 4245 mutus,
1236 4180 1263 4245 I,
1282 4181 1327 4232 34.
1347 4181 1388 4233 38.

867 4265 903 4317 ci.
924 4273 982 4317 root.
1009 4264 1121 4332 qorando
1145 4281 1241 4315 vocem
1266 4266 1386 4332 ruperit.

866 4349 888 4412 I,
901 4349 943 4399 85.
962 4349 1061 4402 Croesi
1079 4356 1219 4418 tempora,
1238 4349 1265 4412 1,
1278 4349 1314 4401 26
1328 4361 1386 4402 not.

868 4433 889 4498 1,
908 4434 942 4484 45
960 4443 1018 4486 not.
1037 4435 1059 4500 l,
1078 4435 1111 4486 36
1130 4439 1187 4486 not.
1207 4435 1228 4499 l,
1247 4433 1292 4485 86.
1313 4435 1386 4500 Ι,6·2
