3074 4960
235 413 275 478 98
670 407 935 470 HERODOTI

201 579 280 665 κάς
305 587 452 664 ἐκείνους
475 589 605 672 ἔπρεπε.
663 585 712 671 Τῇ
730 581 767 650 δέ
787 578 850 669 έγοδ
870 579 973 650 δοκέω
994 577 1225 668 ἀποβήσεσθαι
1247 580 1288 652 rol
1304 587 1373 655 των

234 682 462 774 ἀντιπολέμων
485 682 676 775 πρήγματα,
706 685 804 752 τοῦτο
827 680 954 772 φράσω.
992 676 1035 770 ήν
1056 683 1118 771 μὲν
1141 681 1187 772 μή
1214 687 1370 775 ἐπειχθῇς

235 786 447 877 ποιεύμενος,
469 782 552 855 ἀλλά
574 781 631 865 τάς
653 787 731 864 νέας
754 780 861 853 αὐτού
878 790 953 873 ἔχῃς
976 781 1057 874 πρός
1079 786 1123 872 μή
1139 787 1251 873 μένων
1272 781 1293 874 ή
1317 789 1371 856 καλ

235 897 428 978 προβαίνων
447 891 478 968 ἐς
495 884 556 975 τήν
573 883 848 974 Πελοπόννησον,
869 881 1030 966 εὐπετέως
1047 913 1113 974 τοι,
1134 888 1291 976 δέσποτα,
1310 917 1372 976 χω-

235 989 327 1080 ρήσει
351 987 390 1060 nd
407 993 513 1060 νοέων
532 987 705 1076 ἐλήλυθας.
747 984 788 1058 οὐ
805 985 869 1077 γάρ
887 982 956 1056 οἷοί
974 1015 1010 1056 τε
1028 984 1151 1058 πολλδν
1168 986 1289 1078 χρόνον
1308 996 1375 1058 ελσί

234 1120 284 1162 τοι
306 1087 457 1180 ἀντέχειν
474 1095 508 1160 ol
520 1085 694 1177 Ἕλληνες,
721 1085 805 1158 ἀλλά
829 1110 933 1177 σφεας
958 1092 1151 1180 διασκεδᾷς,
1178 1087 1261 1159 κατὰ
1278 1089 1372 1171 πόλις

236 1194 273 1262 δέ
292 1196 422 1263 ἔκαστοι
446 1190 633 1280 φεύξονται.
662 1188 740 1260 οὔτε
758 1187 820 1280 γάρ
839 1207 929 1270 σῖτος
947 1188 1036 1280 πάρα
1053 1199 1149 1278 σφίσι
1169 1194 1205 1261 έν
1222 1195 1264 1282 τῇ
1279 1190 1372 1285 νήσῳ

232 1293 353 1384 ταύτῃ,
373 1289 417 1374 οἱς
437 1291 500 1382 ἐγώ
517 1291 743 1382 πυνθάνομαι,
761 1289 838 1362 οὔτε
856 1288 978 1372 αὐτοάς
995 1288 1099 1382 ολκὸς,
1118 1287 1161 1380 ήν
1179 1290 1221 1362 σύ
1241 1295 1293 1362 ἐπὶ
1311 1291 1373 1381 τήν

234 1394 493 1483 Πελοπόννησον
523 1393 664 1485 ἐλαύνῃς
693 1391 751 1464 τὸν
779 1391 878 1478 πεζόν
900 1391 1058 1484 στρατὸν,
1093 1390 1260 1484 ἀτρεμιεῖν
1294 1392 1372 1475 τούς

235 1501 367 1568 ἐκεῖθεν
385 1493 496 1566 αὐτοῖν
513 1493 670 1586 ἥκοντας,
690 1492 773 1566 οὐδέ
788 1516 847 1584 σφι
866 1493 1000 1585 μελήσει
1019 1492 1082 1586 πρὸ
1100 1499 1168 1566 των
1183 1492 1372 1584 Ἀθηναίων

233 1665 303 1710 rent.
318 1660 381 1709 dedi
399 1677 458 1710 euin
472 1659 623 1725 Schweigh.
645 1665 674 1709 et
687 1659 774 1710 Gaief.
866 1657 1030 1724 διασκεδᾷς]
1055 1660 1133 1710 Cous.
1152 1661 1179 1723 Ι,
1198 1659 1231 1711 79
1254 1665 1283 1710 et
1302 1677 1370 1726 quae

233 1744 282 1794 pro
295 1727 369 1792 vulg.
383 1721 411 1776 οἳ
430 1724 465 1776 δέ
483 1741 549 1790 τοι,
570 1727 641 1792 quod
657 1729 775 1776 retinue·
828 1727 908 1776 affert
920 1727 1036 1778 Bredov.
1050 1743 1113 1793 pag.
1127 1726 1185 1777 390.
1221 1729 1296 1778 Idem
1309 1745 1368 1780 ver·

233 1801 297 1844 runt
306 1795 412 1856 Matri„
428 1795 538 1844 Bekker
550 1801 577 1844 et
587 1799 702 1844 recentt.
714 1793 775 1843 edd.
827 1794 890 1844 bum
909 1795 1005 1844 eadem
1022 1796 1052 1844 in
1069 1811 1098 1845 re
1119 1796 1195 1858 VIlI,
1215 1796 1255 1845 57.
1293 1797 1372 1858 Quod

234 1863 389 1927 -Adeerp
403 1851 570 1926 ἀπήλλαξαν
584 1860 775 1925 (discesserunt)
827 1863 949 1926 sequitur
970 1856 1057 1912 κατά
1081 1857 1182 1921 πόλις
1200 1856 1232 1913 δέ
1250 1858 1371 1929 φεύξον-

235 1931 307 1980 conf.
320 1931 344 1994 1,
360 1927 390 1979 16
403 1930 495 1994 ibique
508 1935 575 1979 nott.
827 1945 872 1978 ται
895 1935 992 1994 sponte
1016 1931 1045 1980 in
1065 1933 1224 1981 memoria-m
1245 1936 1368 1990 revocat,

828 1997 899 2062 quod
916 1997 1015 2076 legitur
1031 2013 1115 2063 supra
1133 2015 1192 2064 cap.
1211 1998 1258 2048 57:
1282 1995 1370 2050 κατά

470 2099 493 2160 §-
515 2100 540 2153 2
828 2057 1306 2129 γὰρπολιςέκαοτοιτρέψονται.
1339 2067 1371 2116 In

828 2133 920 2182 verbIs
932 2133 1122 2198 sequentihus:
1135 2129 1201 2184 οὔτε
1214 2124 1318 2192 αὐτοὺς
1330 2129 1372 2184 ol-

271 2200 314 2268 Τή
333 2193 364 2252 δέ
382 2192 434 2266 ἐγώ
453 2195 543 2251 δοκέω
560 2217 585 2250 κ.
599 2216 621 2250 τ.
637 2197 672 2264 L]
697 2199 775 2249 Cous.
827 2189 1056 2265 κὸς-ἀτρεμεῖν
1068 2195 1134 2260 τούς
1147 2193 1264 2252 ἐκεῖθεν
1276 2193 1371 2252 αὐτοῖν

236 2286 305 2336 quae
318 2270 422 2320 similia
439 2285 472 2319 ex
485 2269 624 2318 Herodoto
638 2268 778 2332 congessit
828 2257 951 2332 ἥκοντας
961 2268 1022 2318 dedi
1032 2259 1371 2334 deotper.quodFloren-

235 2339 333 2388 Struve
351 2337 369 2386 Ι.
388 2337 406 2385 l.
424 2337 445 2386 Ι.
464 2353 529 2402 pag.
546 2334 579 2385 32
590 2335 725 2401 Ι(Οροοοο.
741 2335 776 2384 11.
828 2337 904 2384 tinus
920 2335 991 2385 liber
1004 2336 1141 2398 exhibuit,
1161 2353 1222 2388 eum
1234 2337 1371 2403 Schweig-

235 2423 261 2470 p.
274 2404 343 2468 298).
361 2395 560 2469 ἀντιπολέμων
573 2419 667 2452 omnes
679 2403 725 2452 bio
737 2407 776 2452 te·
829 2403 978 2465 haeusem,
1004 2403 1154 2454 Seheeloro
1180 2410 1208 2456 et
1232 2405 1370 2468 Belrkero,

235 2478 302 2522 nent
316 2473 407 2534 codd.;
425 2472 480 2522 vid.
495 2477 564 2522 nott.
579 2471 613 2520 ed
626 2471 672 2529 1v,
687 2471 744 2521 134.
826 2471 960 2536 probante
977 2471 1114 2522 Bredovio
1132 2489 1195 2538 pag.
1209 2473 1242 2522 74
1261 2477 1289 2522 et
1306 2471 1370 2535 3783

268 2532 429 2605 ἢνμὲνμή
449 2529 773 2604 ἕπειχθῇς-ποιειίμε-
827 2530 988 2602 ἀτρεμιέειν
1022 2539 1157 2590 dederunt
1186 2539 1312 2589 Dindori.
1344 2546 1372 2589 et

235 2605 292 2671 νος]
316 2607 496 2672 Partieipium
514 2609 539 2655 h.
558 2607 576 2655 l.
595 2606 679 2656 verbo
702 2597 791 2654 ἐπεί·
826 2605 967 2667 Dietech.;
997 2595 1146 2671 ἀτρεμέειν
1169 2607 1371 2672 Weeselingius

163 2711 166 2718 .
234 2673 338 2738 probat
362 2673 508 2736 adstruxit,
532 2672 615 2738 paulo
636 2675 697 2736 post
718 2671 776 2730 §.3
827 2673 951 2722 dederat.
986 2673 1081 2738 Neque
1100 2676 1205 2726 mutavi
1223 2665 1370 2733 αάτούςὶα

234 2741 397 2790 infinItivum
411 2741 526 2789 addidit.
545 2739 624 2790 Conf.
639 2737 776 2786 Kuelrner.
827 2730 948 2803 adteri,
969 2741 1040 2805 quod
1054 2741 1176 2792 Koonius
1193 2747 1371 2809 proposuerat

235 2809 280 2857 Gr.
296 2807 341 2856 Gr.
354 2809 377 2868 §-
391 2806 449 2857 ool.
463 2809 536 2856 Vlll.
566 2809 608 2855 De
621 2807 680 2872 ipso
692 2805 776 2855 verbo
828 2807 961 2872 probante
986 2809 1260 2875 Schweighaeusero,
1287 2811 1370 2875 quod·

233 2875 289 2925 vid.
309 2879 377 2923 nott.
396 2875 431 2923 ad
444 2873 595 2936 t⁷111,126.
627 2873 778 2938 Sequentia
829 2891 879 2939 que
897 2876 993 2924 iterum
1013 2891 1100 2942 nuper
1116 2880 1257 2944 proposuit
1269 2878 1370 2943 Bergk.

234 2934 285 2999 τάς
298 2937 365 2998 νέας
377 2933 467 2991 αὐτοῦ
478 2936 544 3006 ἔχῃς
556 2934 626 3004 πρὸς
637 2939 673 3005 μή
684 2935 778 3006 μένων
827 2943 856 2991 iu
868 2943 1019 3008 Theognid.
1033 2945 1112 3010 Eleg.
1127 2947 1169 2996 ed.
1183 2963 1239 2996 seo.
1251 2947 1370 3012 Speoim.

235 3015 376 3074 comparat
399 3009 534 3058 Sclraefer
565 3007 611 3071 (ed
635 3009 776 3058 Lambert.
828 3011 850 3059 l.
868 3027 932 3076 pag.
949 3013 977 3074 8,
1002 3012 1049 3061 ubi
1071 3013 1104 3063 de
1123 3015 1299 3064 intransitivo
1320 3029 1371 3062 usu

233 3078 295 3126 Bos.
307 3074 612 3142 Ellipss.L.Gr.p.3lii)
626 3092 686 3126 cum
699 3077 777 3125 Euri·
828 3079 905 3128 verbi
918 3069 1078 3144 ἀτρεμίζειν
1092 3081 1139 3144 (ef.
1153 3083 1179 3143 1,
1196 3080 1251 3132 190.
1266 3081 1331 3140 VII,
1344 3079 1368 3129 8.

254 3143 288 3192 id.
301 3145 409 3194 Ileeub.
428 3143 474 3205 35,
495 3145 541 3194 ubi
558 3144 682 3194 invenio:
707 3141 777 3200 ναῦς
827 3144 883 3208 §.l,
894 3147 941 3195 nbi
950 3147 1081 3211 vidquae
1093 3149 1244 3212 attulimus)
1252 3148 1369 3199 monuit:

234 3161 390 3277 lzovrec-
399 3203 430 3262 έν
439 3203 540 3270 ἀκταῖς
552 3210 638 3278 τῆσδε
649 3209 777 3278 Θρῃκίας
829 3215 929 3262 etenim
947 3229 1091 3278 pronomen
1111 3209 1216 3274 αιίτούς
1230 3218 1310 3266 initio
1323 3232 1368 3282 pe-

234 3273 350 3344 χδονός.
368 3279 775 3345 Tncont.otia1nsupraVllI,
829 3280 897 3328 riodi
918 3297 972 3330 non
995 3282 1054 3330 sine
1077 3298 1162 3332 neusa
1183 3286 1300 3349 positum
1318 3289 1369 3348 est,

233 3346 267 3398 40
279 3349 372 3413 iquue
385 3353 454 3398 nott.
473 3349 541 3397 Loci
553 3349 694 3398 sententia
706 3347 777 3396 liaeo
829 3363 888 3396 eum
902 3348 936 3396 ad
949 3349 999 3398 hoc
1012 3349 1100 3413 ipsum
1113 3351 1284 3414 pertineant,
1299 3367 1369 3416 quae

235 3421 289 3466 est:
312 3419 400 3467 sedai
415 3433 490 3466 naves
507 3417 542 3466 idi
560 3418 588 3480 (i.
609 3433 632 3465 o.
653 3431 700 3478 eo,
724 3431 776 3480 quo
828 3416 907 3480 quasi
924 3416 1079 3482 explicandi
1094 3433 1179 3468 eausa
1191 3424 1312 3468 extremo
1324 3435 1370 3484 pe-

234 3500 305 3534 nuno
338 3489 413 3546 sunt,
451 3484 527 3547 loco)
556 3486 668 3534 retinens
693 3498 777 3548 prope
827 3483 896 3561 riodi
920 3484 981 3560 logo
1004 3489 1140 3548 ponuntur
1162 3481 1229 3544 τοὺς
1253 3477 1370 3536 ἐκεῖθεν

234 3552 344 3617 (ipsam)
353 3559 449 3603 terram
460 3569 562 3602 κιακτιαι
574 3559 618 3602 arat
630 3554 705 3602 etium
715 3567 777 3615 pro·
828 3549 922 3601 αντοῖν
944 3567 1080 3617 ηκοντας,
1104 3557 1187 3618 atque
1205 3553 1368 3603 Artemisiae

232 3621 353 3684 predicar
373 3623 398 3669 in
416 3621 621 3684 Peloponnesum.
663 3620 704 3668 Ad
721 3619 776 3668 loci
827 3620 967 3670 sententIa
984 3620 1053 3670 haec
1071 3621 1120 3670 sit:
1143 3637 1223 3687 neque
1237 3623 1370 3670 oerIst'mile

234 3691 425 3802 lssil‘vnflll‘l
441 3687 777 3804 l²l⁰¹¹rutt¹¹f⁰tuit
827 3685 1372 3806 ‘tuttttttttit⁰¹²tt¹¹ttttl²'·⁰t;-

236 3822 301 3867 ente
322 3792 476 3886 sudeeplom
500 3771 702 3887 expeditiondm
721 3821 777 3871 Iru·
827 3772 864 3871 ἀπ’
879 3824 924 3871 illa
940 3825 1046 3887 regione
1064 3794 1278 3888 (Peloponneso)
1296 3773 1371 3873 ridde·

235 3889 445 3966 stram-onuerat
454 3879 627 3956 ἐπειχθῆναι
636 3888 695 3939 πᾶν
708 3887 777 3955 πρή-
828 3891 925 3948 norint,
949 3889 989 3938 ita
1005 3895 1036 3938 ut
1053 3881 1159 3949 adradi,-
1177 3897 1205 3941 et
1222 3881 1317 3941 αὐτῶν
1335 3891 1369 3941 ad

233 3955 685 4075 tttttuttiltlul:let
697 3955 777 4074 {lli
827 3957 1368 4090 §tl?titttltiltuttu:titt:

234 4087 363 4138 observat
380 4089 559 4155 wesseling„
580 4092 669 4142 videri
689 4093 775 4142 Hero·
827 4095 850 4152 ἕ.
860 4091 918 4154 472,
932 4092 948 4139 2
961 4091 1031 4142 hune
1045 4092 1133 4143 locum
1144 4095 1315 4144 intellexisse
1328 4094 1367 4144 vi-

234 4155 335 4216 detum,
349 4171 410 4205 cum
421 4157 674 4208 talieArtemieiam
686 4161 776 4208 faciat
826 4160 886 4209 deo.
907 4160 1088 4224 Partieipium
1100 4154 1222 4227 ἥκοντας
1238 4177 1293 4212 non
1312 4159 1367 4211 alio

234 4223 384 4281 dicentem.
408 4224 511 4290 aliquid
534 4227 682 4276 memoriae
705 4227 775 4276 ciuis
826 4242 908 4276 sensu
921 4233 1002 4292 atque
1019 4216 1071 4294 ήκε
1083 4243 1166 4292 eupre
1178 4231 1254 4290 VIII,
1263 4228 1308 4279 ou.
1326 4228 1368 4278 Ad

233 4305 315 4352 suae,
335 4305 415 4354 qnam
432 4291 534 4356 ubique
545 4293 673 4343 laudibus
686 4293 774 4357 effert,
825 4293 912 4344 verba
934 4288 989 4358 πρὸ
1010 4295 1067 4346 τῶν
1086 4286 1244 4362 Ἀθηναίων
1261 4311 1368 4362 νανμα-

233 4357 372 4408 tribuisse.
409 4358 489 4412 Coni.
502 4365 569 4410 nott.
584 4360 619 4409 sd
632 4361 691 4420 vlt,
704 4359 745 4412 99.
825 4355 903 4426 χέειν
921 4363 994 4414 oont‘.
1007 4365 1086 4428 VIII,
1100 4365 1134 4415 49
1152 4371 1180 4416 et
1196 4365 1267 4429 quod
1283 4379 1367 4430 supra
