3040 4962
661 341 690 402 H
699 343 725 403 Ε
734 343 761 404 R
769 339 832 404 OD
840 341 866 404 0
874 343 923 404 TI

220 521 268 609 τῷ
286 517 356 608 ἱρῷ.
377 517 515 603 λέγουσι’
534 541 570 583 τε
587 515 708 602 ταῦτα,
732 515 788 584 καὶ
808 511 849 604 δὴ
867 515 921 583 καὶ
946 507 990 596 ὦς
1014 512 1101 586 ἐόντι
1120 511 1275 604 ἐπιμήνια
1294 519 1371 587 ἐτι-

221 719 278 766 tum
303 717 416 776 attinet,
441 714 625 766 Athenienses
648 716 676 765 iu
700 730 765 766 aree
818 714 952 765 animalia
975 714 1017 764 his
1035 715 1103 780 ipsis
1121 715 1277 766 numinibus
1297 733 1369 767 eon-

219 791 363 849 rerpentem
375 785 447 844 sive,
466 787 497 832 ut
510 783 559 832 alii
572 789 687 848 vocant,
706 785 766 833 dra·
817 788 927 833 secreta
944 781 1135 832 nutriebantur
1152 789 1181 832 et
1199 783 1367 834 elebantur:

220 868 306 902 eonem
335 851 462 914 alebant,
492 865 601 901 sacrum
623 851 764 902 Minervae
818 850 845 900 id
858 865 922 901 vero
936 865 968 900 ex
981 850 1113 901 Herodoti
1126 851 1219 902 verbis
1236 847 1367 916 (λέγουσι

221 920 324 970 animal
338 919 530 984 custodemque
546 911 607 980 (τὸν
619 911 764 982 οἰκουρὸν)
817 911 847 968 οἷ
874 908 1030 983 Ἀθηναῖοι)
1057 919 1126 967 satis
1155 917 1250 982 colligi
1278 935 1365 984 posse

220 989 307 1054 ipsius
325 988 408 1037 arcis.
444 987 506 1036 Vid.
520 986 639 1050 Hesyeh.
654 1001 676 1039 s.
689 1002 715 1036 v.
729 987 764 1039 ll.
816 987 884 1036 mihi
901 986 1022 1048 videtur,
1045 986 1192 1036 draconem
1216 985 1291 1036 illum
1316 1003 1365 1048 ea,

220 1073 246 1122 p.
260 1055 319 1106 726.
342 1054 479 1120 Aristoph.
493 1055 607 1119 Lysistr.
621 1053 672 1104 760
683 1052 763 1116 (708).
816 1069 871 1118 qua
882 1054 1037 1104 Herodotus
1049 1053 1199 1114 scribebat,
1212 1059 1306 1104 aetate
1320 1063 1365 1104 at-

219 1123 361 1174 Plutarch.
383 1123 516 1173 Themist.
535 1120 573 1172 10.
593 1137 657 1188 pag.
677 1120 763 1172 lle.
811 1137 867 1186 ,que
886 1122 1002 1172 Athenis
1026 1123 1086 1187 ipse
1104 1122 1280 1181 versabatur,
1305 1139 1364 1174 non

220 1193 346 1257 idemque
360 1191 402 1240 De
415 1191 481 1242 lsid.
492 1195 520 1240 et
531 1190 633 1240 Osirid.
645 1189 686 1239 71.
700 1191 764 1240 Phi·
816 1189 934 1255 amplius
947 1191 1037 1240 vivum
1050 1190 1193 1255 intemplo
1212 1189 1314 1240 cultum
1332 1199 1366 1240 et

219 1259 327 1310 lostrat.
345 1261 420 1310 loon.
440 1259 478 1316 11,
497 1259 536 1308 17.
550 1275 575 1324 p.
589 1257 640 1308 837
655 1275 678 1308 s.
692 1275 716 1324 p.
730 1257 764 1308 80
815 1259 946 1308 nutritum
957 1258 1051 1318 fuisse,
1063 1273 1145 1307 sacra
1157 1263 1250 1307 tamen
1262 1260 1290 1308 in
1301 1259 1364 1308 eius

219 1329 275 1378 lac.
295 1327 421 1378 Eustatb.
440 1327 476 1376 ad
494 1325 591 1389 Odyss.
612 1343 638 1392 p.
652 1325 730 1387 1423,
748 1327 763 1376 7
815 1326 943 1376 honorem
957 1326 1084 1375 instituta
1097 1341 1202 1390 quoque
1215 1341 1309 1376 mense
1320 1329 1364 1376 ita

219 1411 240 1445 s.
259 1394 306 1456 114,
328 1395 366 1446 11.
408 1395 579 1444 Versabatur
607 1394 655 1444 ille
680 1395 763 1444 draeo
815 1393 958 1444 celebrata
971 1397 1090 1454 esse,ut
1102 1393 1179 1442 cibos
1191 1393 1361 1458 (placentae,

218 1461 384 1512 hauddubie
397 1463 579 1512 inltlinervae
592 1463 716 1513 Poliadis
729 1477 763 1512 ea
815 1461 872 1511 alia
894 1462 922 1511 id
946 1461 1043 1526 genus)
1067 1465 1249 1526 apponerent,
1278 1461 1362 1511 lecti-

219 1529 305 1592 cella,
336 1545 406 1594 quae
429 1531 517 1594 ipsius
540 1530 611 1580 deae
633 1535 766 1581 sanctua·
816 1529 921 1579 sternia
938 1530 1023 1594 igitur
1043 1529 1168 1578 lacerent
1186 1543 1277 1578 corant
1296 1530 1360 1578 dra-

219 1599 287 1647 rium
307 1597 481 1656 continebat,
501 1597 592 1647 media
609 1600 683 1648 inter
697 1599 763 1648 Ere·
816 1598 892 1646 curris
905 1596 1061 1656 simulacro,
1075 1596 1145 1660 qnod
1156 1597 1184 1644 in
1197 1595 1285 1646 locum
1298 1597 1361 1646 dra-

219 1665 348 1714 ehtheum
367 1669 396 1714 et
411 1664 610 1727 Pandrosenm,
634 1671 665 1715 ut
686 1671 765 1716 notat
816 1665 893 1714 conis
915 1665 972 1714 vivi
996 1664 1035 1714 ibi
1058 1664 1156 1714 nutriti
1175 1665 1291 1714 cessisse
1310 1679 1361 1730 pu-

219 1731 295 1784 (1.0.
312 1731 442 1780 Mueller:
462 1731 504 1781 Ile
523 1733 638 1782 Minerv.
657 1733 762 1784 Poliad.
815 1737 884 1794 tem;
902 1733 930 1782 id
943 1733 1015 1782 enim
1029 1731 1172 1782 declarant
1189 1732 1289 1781 verba:
1308 1729 1362 1784 ιαῑ

218 1817 243 1864 p.
254 1797 288 1848 28
306 1797 418 1859 (Kleino
436 1799 576 1850 Deutsehe
595 1799 708 1851 Sebrilt.
728 1803 761 1852 ll.
815 1794 851 1866 δὴ
870 1795 919 1850 sal
936 1789 986 1858 ὥς
1009 1790 1129 1850 ἐόντι
1148 1789 1285 1864 ἐπιμήνια
1299 1791 1361 1850 ἕντι-

218 1883 244 1930 p.
261 1865 318 1930 118)
338 1865 498 1916 eoll.Rosio
513 1867 761 1932 lnscriptt.Gracc.
813 1862 938 1918 τελέουσι
966 1861 1167 1930 προτιθέντες,
1197 1867 1230 1916 de
1260 1868 1360 1932 quibus

217 1951 243 2000 p.
258 1933 314 1983 llil.
345 1935 419 1983 Hinc
431 1933 542 1985 Atticae
556 1937 625 1985 deae
639 1937 762 1987 crebrius
814 1953 875 1986 mox
898 1935 1075 1986 monebimus.
1111 1935 1232 1984 Posteris
1255 1941 1360 2001 tempo-

218 2001 340 2052 additum
358 2001 484 2052 videmus
502 2009 657 2068 serpentem
675 2005 719 2054 vel
733 2007 762 2055 in
813 2005 889 2055 ribus
907 2019 969 2053 num
988 2005 1016 2053 in
1035 2003 1176 2053 simulacri
1199 2002 1286 2052 locum
1304 2005 1358 2054 ite·

216 2085 343 2120 vasorum
372 2071 500 2136 picturis,
529 2071 629 2122 statuis
662 2072 761 2124 aliisve
814 2089 871 2122 rum
890 2072 973 2122 draco
992 2073 1071 2121 vivus
1089 2071 1217 2132 cesserit,
1238 2071 1264 2120 id
1286 2073 1359 2136 quod

215 2137 484 2256 qqqaginibqqchqrg.
496 2137 761 2269 (areasqrrgymbol.
812 2140 937 2257 lindicare
955 2139 1258 2256 Vidfmhrfhssqsthffl·
1272 2139 1359 2218 rerba

257 2221 413 2256 .a.·.
491 2221 532 2255 e.
576 2223 609 2258 r.
659 2223 760 2258 uoser-
824 2223 981 2258 occsure
1017 2221 1175 2256 auao:o
1259 2223 1357 2258 soro

234 2222 452 2338 endensymboto
476 2291 555 2324 omne
575 2275 663 2326 vitale
681 2277 761 2326 intel·
812 2274 863 2340 τῆς
885 2224 1021 2352 liuhada,
1043 2265 1059 2325 d
1084 2268 1133 2324 ἔτι
1156 2223 1303 2324 :alodis
1321 2265 1359 2325 dv

215 2291 266 2406 ligi
284 2341 344 2392 vult
362 2341 487 2393 Mueller.
506 2341 525 2392 1.
544 2342 576 2404 1.,
596 2344 680 2408 quod,
701 2360 762 2394 cum
813 2333 1005 2408 αἰιοοποίει
1033 2336 1154 2405 οἰκιᾶν,
1181 2341 1254 2391 haud
1281 2342 1356 2392 alhr-

216 2415 300 2460 sutea
323 2410 451 2470 latuerit,
476 2425 547 2461 nunc
571 2411 762 2477 imperfectum
814 2411 953 2462 maverim.
973 2437 1004 2448 —-
1029 2411 1077 2460 Cr.
1101 2410 1171 2459 haec
1195 2409 1356 2475 adscripsit:

216 2481 244 2526 et
256 2477 373 2526 informo
387 2480 582 2542 progermiuet.
606 2480 647 2529 Ad
660 2484 761 2530 terram
813 2479 911 2541 ..Quod
924 2478 1079 2543 Hesychius
1093 2478 1111 2527 l.
1123 2478 1142 2528 l.
1156 2477 1246 2526 addit:
1266 2475 1315 2527 sul
1328 2471 1359 2528 οἶ

216 2545 302 2592 relcrt
320 2543 439 2594 Creuzer
455 2545 472 2594 1.
487 2544 505 2600 1,
520 2549 548 2595 et
565 2561 628 2610 pag.
641 2547 700 2597 117.
713 2548 761 2597 IV.
812 2541 866 2612 plu
884 2541 936 2598 ἕνα
955 2545 1046 2612 φασίν
1064 2537 1302 2611 (decimanense),
1329 2539 1359 2597 οἷ

215 2625 241 2674 p.
255 2609 305 2658 294
317 2617 486 2676 serpentem,
501 2613 546 2677 qui
560 2613 701 2664 Minervae
715 2615 761 2664 ad·
813 2609 845 2666 dl
870 2607 937 2672 δύο,
961 2615 1093 2665 disertius
1111 2614 1222 2664 Photius
1241 2614 1269 2662 iu
1287 2614 1356 2664 Lex.

215 2677 288 2726 ditus
308 2693 396 2742 aeque
416 2679 451 2728 ad
465 2679 661 2744 agriculturam
678 2686 760 2747 atque
812 2683 849 2749 (p.
868 2682 918 2734 319
930 2684 1013 2733 Dobr.
1028 2700 1054 2748 p.
1068 2683 1117 2731 274
1131 2681 1231 2748 Lips.):
1252 2675 1356 2732 ottov-

216 2743 252 2792 ad
271 2743 396 2793 medendi
415 2749 502 2795 artem
520 2752 636 2810 spectet.
673 2748 759 2814 Atque
813 2743 865 2812 oda
887 2739 969 2815 ὅφιν·
994 2743 1045 2800 τὸν
1066 2747 1116 2816 τῆς
1135 2745 1280 2806 Πολιάδος
1303 2743 1356 2814 φό-

215 2811 270 2860 iam
288 2826 369 2875 supra
382 2811 404 2876 l,
419 2811 451 2860 ts
464 2812 693 2890 'lelmessepsiuru
711 2832 758 2866 va·
812 2819 899 2868 lusu·
918 2814 966 2868 nul
980 2810 1147 2879 Ἡρόδοτος·
1167 2813 1308 2881 φύλαρχοι
1323 2809 1356 2867 δὲ

215 2883 256 2928 tes
270 2879 424 2928 invenimus
442 2879 580 2940 dicentes,
600 2897 670 2946 οφιν
683 2877 760 2934 εἶναι
812 2875 902 2936 αὑτοῦ
915 2883 978 2936 dv'o.
1015 2886 1093 2936 Haec
1106 2885 1205 2951 partim
1222 2901 1255 2934 ex
1268 2885 1354 2935 Hero·

214 2943 267 3011 7711
290 2943 399 3009 παῖδα,
426 2961 478 2996 nee
506 2949 615 2998 omnino
638 2951 758 3015 dubium,
811 2955 876 3003 doto
899 2955 999 3019 partim
1023 2971 1056 3003 er
1079 2952 1218 3016 Hesychio
1245 2953 1285 3002 ita
1309 2969 1354 3002 ox·

214 3017 370 3078 serpentem
390 3013 460 3079 apud
476 3019 585 3066 veteres
604 3017 639 3067 ad
658 3023 759 3070 terram
811 3021 903 3086 plens:
923 3017 980 3071 Kal
993 3013 1147 3084 Ἡρόδοτος
1164 3013 1218 3085 μὲν
1231 3013 1282 3069 ἕνα
1299 3036 1355 3084 φη-

214 3085 341 3146 spectare
365 3083 473 3146 vimque
503 3083 645 3135 declarare
669 3091 758 3137 torrae
811 3085 857 3139 ο1ν
881 3081 913 3140 ἐν
934 3087 973 3138 τῶ
1001 3082 1082 3155 ἱερῷ·
1113 3081 1294 3152 Φύλαρχος
1322 3081 1354 3137 δὲ

213 3147 326 3198 vitalem
345 3149 374 3198 in
392 3149 454 3214 ipsa
472 3155 547 3202 terra
564 3151 697 3204 latentem
711 3171 757 3220 ge·
810 3146 901 3207 edred
919 3143 982 3206 deso.
1017 3157 1085 3206 Nam
1110 3158 1150 3206 ita
1168 3155 1254 3206 codex
1273 3153 1354 3205 Galei

211 3217 341 3282 triumque
360 3216 414 3268 loci
433 3218 496 3268 inde
516 3219 612 3270 haberi
630 3228 659 3271 et
671 3229 758 3273 custo·
811 3242 828 3274 a
846 3225 967 3275 Porsouo
993 3230 1020 3273 et
1039 3224 1148 3274 Dobreo
1171 3223 1287 3274 collatus
1306 3239 1354 3288 pro

212 3284 287 3346 dem,
308 3299 423 3350 eamque
442 3286 531 3352 ipsam
550 3288 584 3338 oh
604 3305 716 3340 causam
730 3293 758 3340 in
810 3284 967 3356 Φύλαρχοι,
987 3294 1014 3341 in
1028 3307 1080 3356 que
1093 3307 1146 3342 uon
1163 3291 1288 3341 haesisse
1306 3292 1354 3340 mi·

213 3353 323 3403 deorum
342 3353 453 3420 templis
478 3357 615 3406 asservari
634 3357 757 3422 adeoque
809 3359 1074 3410 rorSchleusnerum
1095 3358 1312 3424 (Animadversa.
1326 3359 1354 3408 iu

212 3422 310 3470 nutriri
338 3427 470 3487 tanquam
494 3424 675 3487 praesidium,
705 3441 757 3490 quo
809 3428 901 3478 Photii
926 3429 992 3478 ch.
1020 3443 1082 3492 pag.
1106 3426 1176 3488 270).
1218 3426 1306 3491 Atque
1330 3427 1353 3476 si

211 3487 288 3538 locus
306 3505 386 3540 sacer
398 3491 508 3540 omniuo
521 3493 691 3543 custodiatur
702 3494 758 3542 sal·
808 3496 978 3559 llesychium
996 3493 1147 3560 pleniorem
1160 3494 1293 3544 Herodoti
1308 3511 1352 3544 co·

211 3569 314 3618 rusque
328 3563 453 3607 servetur
465 3565 547 3624 atque
562 3561 681 3626 integram
700 3561 756 3610 vid.
808 3564 897 3613 dicem
915 3569 1052 3614 tractasse
1071 3567 1190 3624 statuas,
1209 3563 1274 3612 huic
1292 3568 1353 3626 post

212 3621 367 3672 Biittiehcr:
391 3624 532 3676 Tektouik
555 3627 591 3676 ll.
613 3645 676 3692 pag.
695 3628 755 3688 305,
809 3621 841 3680 ἒν
853 3629 890 3696 τῷ
904 3625 956 3694 ipro
968 3630 1120 3682 addendum
1135 3646 1250 3680 censeas
1263 3621 1350 3692 Ἐρε-

211 3688 366 3737 Baumcult.
384 3707 448 3756 pag.
464 3691 502 3752 19,
523 3693 632 3744 Emdric
650 3695 755 3744 David:
809 3697 918 3764 χθῆος
930 3697 986 3765 [νο1
1016 3689 1268 3763 ο11ιιοἘοεχθὲος1.
1282 3699 1351 3747 Nam

212 3754 636 3821 luppiter1.pag.ccxxxV111
648 3767 756 3825 etquae
808 3765 859 3816 τοῦ
884 3717 1035 3831 ’Epszddhc
1064 3767 1161 3816 adiicit
1184 3767 1350 3830 Lenicogra·

212 3821 364 3902 atteruntur
377 3839 393 3872 a
406 3823 436 3872 C.
448 3826 495 3875 b'r.
507 3827 677 3876 Hermanno:
692 3827 755 3878 Got-
808 3835 885 3899 phus.
903 3835 973 3884 Utut
985 3841 1036 3897 ost,
1049 3834 1164 3884 Photius
1177 3833 1280 3898 prodit:
1297 3833 1349 3882 He·

212 3889 366 3938 tesdrenstl.
380 3891 495 3942 Alterth.
508 3893 534 3942 d.
549 3894 659 3944 Griech.
677 3897 701 3956 9.
717 3896 756 3946 19.
809 3901 919 3952 rodotus
937 3917 1018 3952 unum
1043 3901 1190 3952 draconem
1208 3902 1237 3950 in
1256 3915 1288 3950 eo
1306 3915 1348 3950 sa-

211 3961 268 4007 net.
294 3955 333 4036 11.
375 3957 456 4006 Haud
479 3961 563 4024 igitur
589 3963 755 4027 mirabimur,
809 3968 1350 4034 ernrioesso(nonassescilicot,utHe·

211 4023 327 4074 Mhffllffl
346 4040 452 4104 tl¹¹‘{(llle
468 4027 496 4074 5¹¹
510 4027 665 4086 Minervae.
685 4047 756 4082 sum·
807 4037 918 4087 rodotus
940 4039 999 4103 ipse
1023 4037 1118 4100 tradit,
1147 4037 1349 4096 Athenienses),

211 4106 273 4140 ΜΘ
295 4092 504 4143 A⁸h⁰¹¹¹0¹¹⁸i¹¹ffl
531 4093 613 4158 ‘¹⁰⁸⁰’
643 4097 755 4150 delubro
806 4104 979 4168 Phylarchus
997 4105 1165 4169 (historicus)
1178 4105 1230 4154 duo
1250 4103 1349 4153 ibidem

211 4158 360 4209 draconem
389 4167 528 4212 servatum
563 4168 592 4213 et
624 4169 755 4217 nutritum
808 4173 898 4222 esse.“
933 4173 975 4222 Tu
992 4173 1047 4223 vid.
1067 4172 1191 4223 Mueller.
1211 4173 1347 4234 Fragmm.

212 4241 273 4276 esse
296 4229 386 4292 pronti
404 4229 434 4278 in
453 4229 516 4281 aliis
534 4229 649 4282 aliorum
668 4237 754 4286 nunri-
806 4239 952 4290 Historicc.
973 4240 1088 4290 Graeco.
1108 4241 1129 4292 l.
1148 4257 1211 4306 pag.
1231 4239 1289 4290 355.

210 4309 275 4344 num
287 4295 396 4362 templis
408 4298 524 4352 similem
539 4299 566 4351 in
578 4301 685 4352 modum
698 4303 755 4354 alin
841 4303 890 4356 aul
919 4299 955 4374 δὴ
980 4303 1028 4358 aui
1049 4299 1087 4366 oie
1114 4299 1190 4359 ἐόντι
1215 4298 1348 4373 ἐπιμήνια
