2980 4978
286 449 347 512 498
694 445 1009 508 ΟΟΜΜΕΝΤΑΤῙΟ

286 617 362 670 licam
377 633 433 670 arua
448 633 507 670 cum
523 618 652 671 Laraheri
669 617 742 670 notis
756 618 861 670 Gallico
876 635 1002 671 sermone
1016 619 1181 690 conscriptis
1195 618 1355 684 absolvunt,
1369 619 1405 670 ad·

285 701 342 754 dict
357 701 420 754 vua
434 702 545 756 Homeri
565 709 594 755 et
609 702 720 756 Ctesiae
736 703 883 772 Excerptis
901 702 974 772 apud
990 703 1130 772 Photium;
1154 704 1290 774 septimus
1305 703 1406 756 tabulam

285 786 508 857 geographiam,
526 793 640 840 octavus
654 786 855 856 chronologiam
870 788 1008 854 continet,
1024 805 1114 842 nouus
1129 787 1242 842 iudices.
1277 787 1341 858 lpsa
1354 787 1405 840 Gal-

285 871 337 924 lica
357 872 564 941 interpretatio,
591 889 644 926 non
663 879 789 925 accurate
810 871 921 940 ringula
940 871 1059 926 reddens
1083 874 1180 940 verba,
1204 890 1319 926 sensum
1336 873 1405 940 magii

285 963 363 1009 curat
382 957 501 1028 indeque
517 957 696 1010 recentiorem
719 957 798 1010 nimis
818 957 925 1010 redolet
945 963 1075 1025 aetatem,
1097 957 1205 1028 perdita
1224 957 1273 1010 illa
1289 957 1406 1010 aermouis

284 1041 435 1095 Herodotei
452 1041 623 1112 simplicitate
644 1049 672 1096 et
691 1042 784 1094 nativo
805 1041 852 1094 illo
870 1041 976 1111 colore,
998 1059 1053 1116 quo
1076 1043 1206 1096 historiae
1226 1050 1309 1112 pater
1332 1049 1406 1094 tanto

284 1143 351 1196 pere
365 1127 473 1184 eminet.
512 1127 545 1180 lu
561 1125 737 1180 adnotatione
759 1133 790 1179 ut
804 1125 884 1196 plura
900 1126 1015 1196 protulit
1028 1127 1166 1197 interpres
1184 1144 1258 1180 nora
1275 1127 1310 1180 ad
1329 1145 1370 1180 res
1381 1127 1407 1177 ab

284 1211 425 1264 Herodoto
443 1221 568 1266 narratas
586 1211 762 1264 illustrandae
780 1227 909 1280 perquam
925 1217 989 1282 apta
1003 1217 1086 1282 atque
1103 1211 1196 1280 utilis,
1214 1212 1255 1264 ita
1272 1211 1343 1265 haud
1357 1227 1408 1264 raro

284 1296 364 1349 nimis
378 1299 514 1350 verbosus
529 1303 573 1349 est
591 1303 619 1348 et
640 1295 719 1350 modo
739 1312 771 1348 ea
791 1296 905 1365 repetit,
930 1313 1002 1368 qaae
1021 1297 1073 1349 iam
1093 1297 1213 1366 priorum
1228 1297 1408 1368 interpretum,

284 1380 458 1436 Valckenarii
474 1382 644 1452 potissimum
658 1399 690 1434 ac
702 1380 898 1450 Wesrehngii,
915 1381 991 1433 curis
1005 1380 1087 1434 allata
1100 1389 1188 1434 erant.

368 1471 394 1518 ².
417 1467 511 1520 Altera
526 1465 632 1518 Gallica
651 1465 741 1519 versio
757 1465 808 1518 riri
821 1465 893 1518 docti
909 1465 978 1520 Miot
994 1465 1139 1533 „Histoire
1154 1465 1343 1530 d'Hdrcdote‚
1362 1465 1409 1518 aoi-

284 1550 328 1603 aie
344 1549 378 1602 de
393 1550 419 1602 la
433 1551 483 1603 Vie
500 1551 655 1604 d’Homtre.
688 1550 822 1603 Nonrelle
838 1550 1023 1614 Traduction‚
1044 1569 1095 1621 par
1110 1555 1141 1606 A.
1156 1554 1186 1606 F.
1206 1551 1309 1610 triow
1344 1550 1411 1602 Paria

286 1637 362 1688 1822.
393 1634 516 1688 111v0h.
536 1638 561 1689 8.
581 1637 657 1689 1858.
675 1633 773 1690 evat.
792 1637 847 1702 8.)‚
864 1635 891 1686 in
909 1634 1029 1704 singulis
1044 1635 1179 1689 Herodoti
1194 1635 1291 1688 verbis
1308 1635 1411 1688 reddeu-

284 1720 328 1772 dis
344 1717 427 1771 multo
445 1721 612 1786 accuratior,
636 1719 782 1789 scriptoris
802 1721 966 1772 aententiam
987 1719 1056 1772 bene
1076 1719 1236 1791 plerumque
1257 1722 1371 1790 exponit
1388 1737 1413 1769 ac

285 1811 428 1874 praeterea
448 1805 475 1856 in
497 1805 570 1856 notis
592 1803 723 1873 quaedam
745 1804 828 1856 affert
849 1803 884 1856 ad
904 1803 1039 1857 Herodoti
1059 1804 1266 1874 intelligentiam
1288 1805 1413 1858 meliorem

285 1889 363 1940 valde
374 1889 586 1955 accommodata,
603 1888 704 1958 quibua
717 1887 863 1957 aliquoties
875 1888 902 1940 in
917 1895 1012 1942 nostra
1023 1889 1144 1942 editione
1156 1890 1200 1942 usi
1212 1905 1322 1943 sumus.
1344 1889 1414 1942 Post·

285 1974 335 2026 hac
346 1973 417 2027 duae
428 1973 497 2026 aliae
514 1973 655 2026 versiones
666 1973 693 2025 in
705 1973 787 2025 lucem
800 1972 964 2042 prodierunt
974 1974 1039 2026 haer
1057 1973 1228 2040 „Herodote
1248 1975 1412 2028 Traductioa

285 2057 411 2111 nouvelle
428 2077 477 2129 par
491 2061 522 2112 Ε.
534 2065 563 2111 A.
577 2059 703 2112 Bdtuutf‘
724 2058 840 2110 Geudve
856 2065 885 2110 et
897 2057 986 2110 Paris.
1007 2059 1083 2114 1837.
1099 2059 1142 2110 ΙΙΙ
1156 2058 1224 2112 Voll.
1235 2063 1277 2112 12.
1298 2093 1337 2106 -
1356 2058 1413 2126 „Hi-

284 2143 370 2196 stoire
392 2143 571 2196 d'Htrodotc.
606 2141 775 2196 Traduction
799 2141 926 2195 nouvelle
945 2159 1011 2196 avec
1038 2159 1092 2196 une
1112 2143 1302 2196 introductlon
1326 2153 1355 2196 et
1375 2143 1415 2194 dea

284 2237 363 2280 notes
384 2245 435 2296 par
453 2230 480 2280 Ρ.
498 2229 628 2300 Glguet.“
646 2227 735 2280 Paris.
753 2229 829 2281 1859.
844 2229 871 2280 8.
895 2227 1005 2290 Quibus
1026 2228 1127 2280 addere
1148 2227 1225 2280 licet:
1248 2229 1415 2294 „Herodote

284 2311 376 2364 Recits
392 2313 460 2366 tirds
476 2313 509 2366 de
524 2331 570 2366 ses
584 2313 723 2366 histoires.
752 2312 922 2366 Traductiou
938 2313 1064 2366 nouvelle
1080 2313 1214 2382 precedee
1231 2313 1320 2366 d'une
1336 2314 1416 2366 notice

283 2397 482 2468 biographique
496 2406 523 2452 et
539 2398 658 2452 literaire
674 2415 723 2450 sur
739 2397 878 2450 Herodoto
895 2404 924 2450 et
938 2401 1135 2468 accompagnde
1149 2397 1183 2449 de
1197 2399 1376 2463 rummeins,
1390 2397 1415 2448 de

284 2490 363 2535 notes
378 2483 601 2552 geographiques
616 2489 644 2535 et
660 2482 827 2551 historiques
843 2491 871 2533 et
885 2482 919 2535 de
934 2483 1071 2536 medailles
1083 2482 1212 2552 antiques
1228 2491 1351 2536 servant
1366 2482 1414 2534 dit-

284 2567 429 2620 lustratiou
447 2585 481 2620 au
497 2574 571 2620 terte
589 2583 639 2636 par
653 2567 769 2620 Bouchot
784 2569 906 2621 Cordct.“
928 2566 1018 2621 Paris.
1035 2569 1111 2622 18110.
1135 2569 1162 2625 8.

369 2656 459 2722 Atque
473 2653 517 2704 hlc
528 2652 608 2704 etium
620 2651 801 2704 nominandus
815 2653 843 2704 Ρ.
859 2653 888 2704 h.
901 2653 1024 2719 Gourier,
1040 2652 1087 2722 qui
1104 2669 1159 2704 uno
1174 2651 1250 2706 tertii
1265 2651 1336 2706 libri
1352 2653 1417 2718 trag-

283 2743 373 2790 meuto
389 2736 416 2788 iu
435 2736 570 2789 Gallicum
588 2753 739 2789 sermonem
754 2753 889 2788 converso
905 2737 974 2788 satis
989 2736 1167 2803 monstravit,
1191 2736 1258 2805 quid
1279 2747 1417 2806 praestare

283 2821 435 2891 potuisset,
452 2821 475 2873 ei
488 2827 573 2874 toturn
584 2821 754 2874 Herodotum
765 2819 870 2873 Gallice
881 2828 1043 2874 convertere
1054 2821 1199 2877 volutaret.
1231 2821 1346 2874 Eximia
1362 2822 1418 2874 haer

284 2905 375 2958 versio
391 2905 506 2957 Parisiis
523 2905 627 2974 prodiit
645 2907 711 2959 1823
726 2906 776 2957 hoc
791 2905 843 2958 sub
854 2905 950 2958 titulo:
968 2905 1157 2976 „Prospectus
1168 2903 1251 2958 d'une
1262 2907 1418 2960 traductlon

284 2989 411 3042 nouvelle
425 2989 593 3042 d'Htrodote
608 2996 757 3042 contenent
771 3007 809 3042 un
823 2991 959 3058 fragment
976 2991 1012 3044 du
1031 2991 1100 3044 livre
1113 2990 1255 3043 troisibure
1270 2997 1302 3042 et
1318 2991 1346 3044 la
1364 2993 1418 3061 pri·

283 3075 343 3126 lace
361 3074 396 3127 du
413 3073 604 3127 traducteur.“
622 3077 663 3142 8.,
686 3091 717 3126 ac
737 3073 836 3127 deinde
850 3077 931 3128 etiam
946 3076 1020 3146 typis
1039 3075 1157 3146 repetita
1178 3081 1222 3128 est
1239 3075 1267 3126 in
1288 3075 1363 3128 libro
1383 3093 1418 3127 n-

284 3159 366 3212 riori:
388 3157 561 3226 „collection
582 3159 713 3230 complete
730 3159 779 3212 des
796 3159 949 3230 Pampblets
968 3161 1117 3230 politiquee
1137 3167 1166 3212 et
1179 3159 1346 3230 Opuscules
1366 3159 1418 3211 1111ὴ

284 3243 371 3296 rairea
392 3243 426 3295 de
441 3243 472 3297 P.
490 3243 522 3296 1..
541 3243 689 3296 Courier.“
717 3243 860 3298 Bruxelles
880 3247 953 3300 1826.
969 3263 996 3316 p.
1010 3248 1061 3300 305
1078 3247 1109 3300 ff.
1127 3247 1175 3300 311
1193 3263 1272 3315 seqq.
1302 3246 1351 3298 'l'u
1371 3243 1419 3294 vid.

283 3344 407 3398 quoque,
426 3345 495 3398 quae
510 3328 644 3382 disseruit
657 3328 813 3382 Villemaiu=
829 3329 983 3398 Meleager.
1002 3329 1062 3383 Vol.
1080 3329 1132 3383 Ill.
1150 3331 1349 3400 1133810011,
1367 3327 1418 3400 (ed.

284 3411 464 3481 Bruxelles.).

366 3501 393 3553 3.
414 3497 539 3552 Accessit
554 3501 625 3552 ltalo
635 3497 727 3551 versio
743 3505 771 3551 et
784 3497 846 3568 ipsa
861 3497 887 3552 in
905 3499 1048 3568 scriptoris
1064 3515 1148 3552 sensu
1165 3497 1308 3551 reddendo
1325 3499 1367 3550 ita
1383 3515 1419 3548 ac-

283 3590 391 3651 curata,
416 3591 447 3636 ut
467 3583 557 3636 rarius
576 3600 592 3636 a
612 3583 756 3653 scriptoris
773 3583 910 3636 sententia
931 3583 1109 3638 aberraverit.
1151 3581 1270 3635 Minoris
1293 3583 1419 3636 momenti

284 3675 351 3720 aaut
364 3669 557 3722 annotationes
570 3667 640 3720 italo
654 3686 779 3722 sermone
794 3668 827 3720 ad
843 3667 940 3721 calcem
957 3668 1111 3734 subiectae3
1133 3667 1161 3719 in
1177 3667 1280 3738 quibua
1296 3668 1345 3720 vix
1363 3667 1419 3720 nori

283 3752 429 3823 quidquam
451 3752 590 3822 reperias,
614 3753 686 3824 quod
708 3771 761 3806 uon
783 3753 861 3822 prius
877 3753 911 3806 ab
927 3753 989 3806 aliis
1005 3751 1137 3805 Herodoti
1153 3751 1360 3821 interpretibus
1377 3753 1419 3804 ian

284 3835 393 3888 allatum
407 3837 500 3890 luerit.

369 3920 475 3974 Prodiit
489 3921 554 3974 haec
575 3921 667 3974 versio
682 3921 728 3974 iur
751 3921 922 3992 „Colleaioni
940 3922 1012 3991 degli
1028 3921 1129 3975 antichi
1150 3919 1256 3974 ietorici
1270 3921 1353 3989 preci
1371 3919 1419 3972 rol-

284 4005 435 4072 [111111111ιίιι
450 4013 533 4076 atque
548 4007 589 4059 sic
605 4007 779 4060 inscribitur:
798 4008 838 4060 Le
852 4025 941 4062 unove
956 4008 1038 4060 hluse
1051 4007 1079 4059 di
1090 4006 1212 4060 Erodoto
1225 4004 1420 4059 Alicarnasseo

286 4125 486 4138 a———n

285 4199 396 4250 rumque
412 4185 483 4237 1855.
502 4187 600 4238 217011.
619 4187 644 4238 8.
674 4189 809 4239 Lurcheri
821 4195 917 4252 notae,
935 4188 1033 4256 partim
1048 4191 1159 4250 auctae,
1176 4187 1277 4253 purtim
1294 4193 1419 4239 mutatae

285 4255 460 4304 continentur
477 4269 581 4320 quoque
599 4255 649 4306 hoc
668 4257 749 4306 libro:
769 4257 941 4318 „Historical
960 4257 1014 4306 uud
1031 4256 1138 4306 critical
1156 4259 1306 4306 commenta
1327 4273 1366 4306 ou
1380 4257 1419 4304 the

284 4321 388 4384 history
401 4321 432 4372 oi
438 4321 605 4372 Herodotus:
624 4323 689 4373 with
702 4340 718 4373 a
731 4324 936 4390 chronological
950 4323 1034 4382 table.
1048 4324 1116 4374 lrom
1129 4323 1174 4373 thu
1189 4322 1285 4373 lreuch
1298 4325 1334 4373 ol
1346 4327 1378 4376 P.
1389 4323 1418 4372 ll.

285 4389 419 4451 Larchan
444 4405 503 4439 new
526 4389 629 4440 edition
652 4391 716 4440 nith
734 4391 925 4442 considerable
943 4393 1112 4442 corrections
1130 4391 1183 4441 und
1201 4391 1363 4452 additions,
1390 4393 1418 4452 by

291 4457 400 4505 Wilh'am
414 4457 578 4520 Deaboroaph
592 4457 713 4520 Cooley.“
731 4459 845 4508 London
862 4457 932 4510 1813.
951 4459 1049 4509 2v011.
1070 4457 1094 4510 8.
