2984 4962
249 462 310 522 420
657 454 971 516 ΟΟΜΜΕΝΤΑΤΙΟ

250 629 363 682 eundem
378 633 525 680 extremum
543 627 613 680 diam
636 626 739 680 obiisse
756 627 930 680 statuendum
945 625 1012 694 erit3
1034 643 1089 697 qno
1111 631 1199 679 aulem
1220 643 1291 678 anno
1311 627 1374 681 diem

249 715 293 766 ille
309 713 423 778 obierit,
439 713 594 766 accuratius
613 711 782 764 constituere
804 712 829 763 si
854 711 937 779 velis,
959 711 1006 764 vix
1029 711 1129 764 licebit.
1167 712 1224 774 Qui
1249 711 1373 780 singulari

249 815 315 850 cura
341 799 369 850 in
396 798 461 850 haec
489 797 695 868 inquisiverunt
717 796 770 848 viri
796 795 869 847 docti
894 803 1005 848 nostrae
1032 795 1139 863 aetatis,
1166 796 1373 866 probabilitatem

249 883 383 953 quandam
408 883 494 952 magis
519 881 608 934 secuti
637 897 715 951 quam
741 888 816 933 certa
841 887 962 933 veterum
989 881 1156 946 testimonia,
1186 880 1324 948 Retinet)
1344 899 1375 934 ac

248 967 401 1020 Sohocllius
412 967 465 1039 **),
484 966 617 1019 Herodoti
633 966 715 1017 vitam
729 982 814 1035 supra
827 981 928 1016 anuum
943 969 994 1018 425
1010 965 1119 1018 extendi
1137 983 1219 1035 posse
1235 977 1373 1034 negarunt.

248 1052 334 1105 Paulo
357 1058 420 1122 post
441 1069 540 1104 aunum
557 1053 608 1104 424
629 1057 723 1102 exacto
738 1049 908 1118 sexagesimo
930 1050 975 1102 rel
991 1050 1159 1118 sexagesimo
1180 1051 1266 1120 primo
1284 1050 1376 1103 aetatis

248 1155 320 1189 anuo
336 1137 405 1189 diem
429 1153 583 1206 supremum
603 1135 705 1186 obiisse
724 1135 893 1187 Herodotum
914 1135 1075 1204 pronuntiat
1094 1135 1281 1203 uubtnomp
1303 1151 1376 1204 quem

249 1222 274 1274 si
285 1239 440 1291 sequamur,
452 1221 611 1274 Herodotus
623 1219 701 1271 initia
714 1225 818 1271 tantum
829 1219 892 1270 belli
903 1218 1129 1288 Peloponnesiaci
1143 1237 1215 1272 anno
1228 1223 1276 1274 431
1295 1220 1377 1272 exorti

248 1306 343 1359 videre
359 1305 463 1377 potuit,
485 1307 564 1358 onius
580 1304 746 1357 calamitates
762 1304 802 1356 sic
822 1303 926 1355 indicat
939 1303 988 1370 Vl,
1003 1307 1038 1357 98
1058 1298 1117 1376 (ἐπὶ
1131 1299 1185 1374 γὰρ
1200 1309 1317 1373 Δαρείου
1329 1305 1379 1357 τοῦ

242 1385 409 1452 Ὑστάσπεος
432 1389 480 1444 καί
500 1388 608 1458 Ξέρξεω
631 1389 681 1442 τοῦ
698 1391 817 1459 Δαρείου
838 1385 886 1441 καί
905 1381 1078 1456 Ἀρτοξέρξεω
1092 1389 1142 1444 τοῦ
1156 1386 1280 1458 Ξέρξεω,
1299 1391 1379 1457 τριῶν

247 1475 365 1531 τουτέων
391 1470 487 1544 ἐπεξῆς
501 1475 604 1544 γενεῶν
618 1468 723 1544 ἐγένετο
748 1471 835 1527 πλέω
854 1467 943 1526 κακὰ
966 1475 999 1546 τῇ
1020 1468 1153 1527 Ἐλλάδι
1179 1466 1198 1544 ἢ
1225 1468 1269 1528 ἐπί
1296 1473 1379 1527 alanna

248 1555 332 1622 ἄλλας
346 1555 442 1629 γενεὰς
457 1555 506 1623 τὰς
521 1553 574 1628 πρὸ
596 1561 716 1626 Δαρείου
731 1556 892 1628 γενομένας,
911 1553 945 1611 τὰ
960 1553 1009 1628 μὲν
1027 1551 1083 1612 ἀπὸ
1099 1561 1155 1612 τῶν
1170 1556 1297 1628 Περσέων
1311 1551 1380 1632 αὐτῇ

248 1643 393 1715 γενομένω,
414 1639 449 1699 τὰ
470 1642 505 1699 di
527 1638 583 1698 ἀπ’
607 1637 722 1698 αὐτῶν
743 1645 809 1697 τῶν
829 1645 1035 1711 κορυφαίων
1054 1643 1138 1712 περί
1160 1646 1221 1714 τῆς
1236 1637 1381 1712 &priano-

247 1725 429 1799 λεμεὸντων),
454 1739 498 1800 ut,
522 1730 586 1782 licet
604 1735 730 1782 mortuus
751 1729 788 1780 ait
805 1728 970 1781 Artaxerxes
991 1731 1063 1781 anub
1077 1734 1137 1795 424,
1154 1729 1234 1799 plura
1248 1736 1335 1781 umen
1350 1745 1383 1780 ac

248 1816 350 1868 maiora
364 1815 427 1867 belli
443 1813 671 1885 Peloponnesiaci
684 1813 752 1866 mala
768 1813 872 1865 Noster
891 1813 1055 1880 cognovisse
1072 1813 1211 1883 putandus
1233 1813 1283 1879 sit,
1304 1830 1383 1884 quam

249 1917 319 1970 quae
340 1899 434 1970 primis
454 1906 558 1952 tantam
574 1897 636 1951 belli
654 1898 735 1950 huius
751 1897 831 1949 annis
846 1897 1010 1952 acciderant
1044 1897 1141 1968 ltaque
1166 1899 1190 1950 si
1214 1897 1279 1968 quid
1295 1898 1382 1950 hario-

249 1984 299 2037 lari
312 1984 340 2037 iu
359 1985 461 2037 talibus
477 1985 572 2051 liceat,
596 1983 682 2035 malim
698 1982 830 2034 Herodoti
851 1983 934 2034 vitam
952 1981 1099 2035 extendere
1116 2001 1204 2054 usque
1219 1983 1253 2035 ad
1268 1983 1382 2036 madium

248 2069 418 2122 terebellum
434 2067 709 2139 Peloponnesiacum,
730 2067 798 2119 adeo
821 2073 853 2120 ut
873 2075 948 2120 recte
969 2067 1015 2120 ilie
1029 2067 1083 2119 dici
1101 2069 1192 2138 possit
1205 2069 1385 2136 παρεκτείνας

247 2152 322 2224 μέχρι
339 2157 394 2208 τῶν
409 2154 688 2223 Πελοποννησιακῶν,
704 2169 774 2222 quae
789 2151 917 2220 Dionysii
933 2160 999 2204 stunt
1013 2152 1097 2204 rerba
1115 2171 1199 2224 supra
1216 2155 1241 2215 S.
1256 2157 1268 2206 1
1286 2152 1386 2218 allata3

249 2239 297 2292 sed
315 2240 387 2292 iutra
408 2257 508 2292 aunum
530 2242 580 2293 413
610 2237 757 2290 subsistam
775 2253 865 2306 neque
880 2237 1047 2289 Herodotum
1063 2254 1135 2290 anuo
1151 2245 1285 2308 sequente
1302 2239 1386 2308 (412)

248 2325 362 2394 amplius
377 2325 404 2377 in
420 2323 492 2376 vivia
504 2323 593 2376 luisse
608 2323 730 2376 credam:
747 2337 801 2391 quo
817 2321 877 2391 ipso
898 2337 970 2374 auno
987 2337 1046 2374 cum
1069 2322 1251 2375 Athenienses
1269 2322 1388 2374 Thuriis

248 2410 325 2462 eiecti
342 2411 411 2475 sint,
427 2409 598 2462 Herodotum
620 2425 707 2477 aeque
725 2411 807 2476 atque
821 2405 932 2473 Lysiam
952 2406 1015 2459 inde
1027 2406 1192 2460 discessisse
1208 2406 1389 2476 Athenasque

249 2496 339 2548 denuo
366 2495 479 2563 petiisse
505 2493 578 2562 quod
605 2493 698 2562 plures
723 2491 775 2544 uiri
802 2491 876 2542 docti
905 2493 1081 2558 statuuut†),
1108 2492 1231 2561 equidem
1257 2491 1390 2558 obdias,

250 2596 319 2648 qaas
337 2579 439 2648 protuli
453 2585 603 2648 temporum
618 2577 750 2642 rationes,
765 2575 894 2628 accedere
911 2593 1027 2644 nequeo.
1044 2575 1119 2629 Haec
1134 2593 1201 2629 sane
1217 2585 1297 2642 sant,
1313 2593 1392 2646 quae

250 2665 284 2716 de
299 2669 434 2732 tempore,
447 2680 501 2732 quo
521 2662 680 2715 Herodotus
697 2660 778 2712 vitam
792 2659 910 2726 finierit,
927 2659 1017 2730 aliqua
1031 2677 1090 2712 cum
1108 2661 1309 2731 probabilitatis
1321 2679 1393 2730 spe—

249 2748 290 2798 cie
313 2747 371 2800 erui
393 2752 520 2816 possunt.
549 2747 605 2798 lsm
621 2745 646 2798 si
662 2761 794 2814 quaeras,
820 2743 885 2814 quid
906 2762 954 2814 per
969 2744 1036 2797 illud
1052 2745 1182 2815 temporis
1200 2746 1335 2816 spatium,
1354 2764 1394 2798 ex

249 2848 304 2900 quo
320 2830 442 2883 Thurios
459 2831 597 2896 discessit,
619 2846 707 2898 usque
726 2829 759 2880 ad
778 2827 878 2882 obitum
894 2830 1028 2896 gesserit3
1045 2829 1181 2900 expletum
1198 2837 1271 2884 certe
1287 2831 1396 2884 credas

250 2915 314 2967 licet
331 2921 386 2968 tum
399 2915 574 2966 historiarum
590 2931 673 2984 opere
689 2914 716 2966 in
733 2913 854 2966 ordinem
873 2914 1039 2982 redigendo,
1057 2915 1240 2984 perlicieudo,
1255 2915 1396 2982 limando,

249 3005 305 3051 tum
321 2999 468 3051 itineribus
483 3017 532 3068 per
547 2999 689 3052 Graeciam
704 3015 826 3066 magnam
845 2997 1033 3068 Siciliamque,
1049 3001 1115 3071 quin
1128 3001 1213 3069 ipsam
1227 3017 1277 3070 per
1296 3001 1398 3053 Grae-

250 3084 315 3135 ciam
336 3083 375 3154 (ai
398 3091 473 3136 recte
493 3100 578 3152 supra
600 3083 761 3148 statuimus)
774 3082 871 3136 iactis:
893 3099 1052 3154 qtramquam
1070 3102 1103 3138 ne
1122 3085 1162 3136 sic
1184 3085 1290 3155 quidem
1313 3102 1398 3153 opus

250 3185 365 3238 prorsus
386 3168 528 3220 absolvere
544 3167 630 3234 licuit,
646 3183 705 3219 cum
720 3175 805 3220 morte
820 3184 971 3237 oppressus
988 3187 1058 3238 opus
1074 3170 1109 3222 ad
1125 3187 1181 3224 eam
1196 3187 1275 3240 quam
1297 3169 1401 3225 voluit

250 3253 442 3322 perlectionem
462 3253 612 3322 perducere
639 3251 792 3322 iustamque
819 3253 844 3304 ei
869 3251 1016 3305 clausulam
1044 3254 1182 3324 imponere
1208 3273 1260 3307 non
1287 3261 1403 3323 posset

249 3339 320 3410 (vid.
337 3345 406 3391 nott.
421 3337 455 3390 ad
471 3337 517 3405 IX,
536 3340 608 3403 122).
638 3337 698 3389 Nec
716 3338 817 3391 desunt
831 3355 898 3390 sana
916 3337 976 3404 loci,
989 3356 1060 3408 quos
1077 3339 1104 3392 in
1118 3339 1197 3392 Italia
1212 3339 1403 3408 conscriptos

249 3441 312 3476 esse
327 3423 438 3476 dubium
453 3423 498 3475 rix
513 3431 571 3476 est:
585 3423 631 3488 IV,
644 3425 678 3476 46
697 3422 758 3476 οο11.
773 3425 814 3475 15.
832 3422 879 3488 IV,
897 3425 941 3476 llll.
957 3423 990 3490 V,
1005 3428 1039 3476 44
1055 3423 1148 3493 ibiquo
1168 3431 1237 3480 nott.
1270 3425 1310 3476 Et
1325 3423 1403 3476 diu-

249 3507 306 3561 tius
324 3509 457 3562 Noatrum
472 3507 586 3562 Thuriis
602 3515 791 3560 commoratum
817 3525 879 3559 essa
904 3507 948 3560 vel
973 3507 1036 3562 iude
1052 3509 1114 3580 quia
1130 3509 1255 3578 colligat,
1277 3507 1361 3578 quod
1386 3527 1404 3562 a

273 3675 452 3683 -.--—--

316 3771 343 3839 *)
366 3775 408 3824 Dc
432 3774 526 3824 mortis
548 3774 676 3825 Herodoti
699 3779 821 3840 tompore
844 3775 1004 3841 disputatio.
1039 3775 1179 3841 Marburgi
1204 3773 1276 3824 1848.
1317 3773 1407 3826 Con-

251 3842 325 3890 feras
338 3857 443 3905 quoque
457 3844 527 3905 Ley:
546 3843 588 3892 Dc
601 3847 731 3908 temporo,
745 3859 802 3907 ‘quo
814 3843 968 3894 Herodotus
979 3849 1092 3894 mortem
1105 3843 1183 3894 obiit.
1202 3843 1296 3894 Colon.
1313 3843 1407 3898 1836.

248 3955 250 3962 .
317 3905 411 4005 min
429 3909 564 4025 Philolop.
582 3911 629 3959 IX.
647 3927 673 3975 p.
695 3909 834 3999 199-211ζ
948 3980 954 3992 Ι
1057 3980 1063 3992 ι
1171 3981 1176 3992 Ι
1247 3980 1253 3992 ⁸
1304 3979 1312 3992 ⁶

362 3974 373 4040 )
392 3975 440 4025 1.1.
459 3993 522 4040 pag.
560 3975 579 4030 Ι.
614 3977 681 4026 Inde
700 3977 783 4028 chr.
802 3977 916 4028 haschcr
933 3977 976 4042 (ιο
993 3978 1115 4029 thesibus
1134 3979 1269 4029 stituuctrs
1281 3979 1411 4031 disser—

251 4043 363 4092 tationi:
389 4041 528 4094 Historiae
547 4044 708 4109 Argivorum
727 4045 851 4110 iragmm.
875 4047 904 4094 P.
925 4047 947 4095 1.
967 4047 1112 4096 Vratislav.
1135 4045 1222 4110 1850)
1240 4047 1316 4096 launo
1347 4066 1411 4114 po.-

251 4111 293 4158 nit
315 4110 418 4160 thesin:
442 4111 608 4162 Herodotum
632 4113 733 4162 diutius
757 4129 836 4177 quam
859 4127 944 4177 usque
968 4114 1002 4162 ad
1026 4115 1133 4180 Olymp.
1157 4115 1204 4164 XO
1227 4115 1259 4178 (i.
1286 4131 1313 4163 o.
1343 4117 1414 4166 42³0

252 4181 316 4227 aute
335 4177 398 4228 Chr.
416 4175 457 4242 n.)
476 4179 578 4228 vixisse
597 4185 625 4229 et
642 4181 786 4245 scripsisse
804 4180 914 4245 probari
932 4195 986 4230 non
1004 4187 1101 4246 potest.

318 4242 350 4310 †)
369 4244 447 4294 Conl.
467 4245 496 4294 0.
515 4247 561 4296 Fr.
579 4248 728 4297 Hermann.
746 4247 805 4298 Vol.
824 4249 860 4298 11.
880 4263 905 4312 p.
925 4247 975 4297 100
993 4249 1034 4298 ed.
1053 4255 1145 4310 nostr,
1166 4251 1210 4299 cui
1229 4249 1417 4302 adsentitur

252 4310 381 4361 Sohillcr:
405 4313 447 4360 De
469 4312 606 4362 Thuriorr.
630 4313 711 4364 rebus
733 4333 758 4380 p.
782 4315 815 4364 33
842 4316 961 4379 itemquo
984 4317 1035 4366 Th.
1059 4318 1170 4368 Miiller:
1201 4319 1242 4368 De
1266 4318 1416 4371 Thurio-

251 4393 324 4494 rtup⁰
332 4379 435 4442 republ.
458 4395 483 4443 p.
508 4379 551 4440 48,
576 4381 741 4444 Lahmeyer:
772 4384 813 4431 Da
837 4382 925 4432 libelli
947 4383 1107 4434 Plutarchei
1134 4391 1185 4435 etc.
1214 4387 1417 4440 auctoritate

253 4462 277 4510 P·
336 4461 392 4509 ⁸011·
1176 4479 1178 4482 ·
