2984 4962
260 461 320 522 452
668 407 982 520 dollnruuunulo

259 647 405 700 eorumque
422 647 504 699 opes,
523 629 566 682 vel
580 630 605 682 si
619 630 746 682 maximae
762 629 923 697 videantur,
944 630 1100 700 confringat
1123 638 1205 702 atque
1227 629 1393 682 contundat:

258 714 358 768 etenim
370 707 449 786 ὕβρις
464 714 611 768 Persarum
625 715 697 784 fuit,
713 731 783 785 quae
803 714 914 766 deorum
932 715 996 767 iram
1018 715 1044 766 in
1065 715 1166 768 Persas
1184 714 1314 767 excitavit
1327 714 1393 767 Per-

258 817 359 868 eaeque
374 799 438 852 inde
460 807 490 852 ut
503 809 760 870 prosternerentur,
777 797 915 866 olfaciat).
949 799 1025 852 Bene
1040 799 1182 870 perspexit
1196 800 1297 852 Jacobs
1311 799 1393 869 (Ver-

256 885 368 937 mischte
384 885 495 938 Schrilt.
519 883 551 950 V,
574 904 601 954 p.
626 885 691 951 586)
719 891 747 935 et
773 883 820 953 qui
846 884 879 934 ab
905 902 937 936 eo
964 883 1091 937 laudatur
1114 883 1279 937 Suvernius.
1322 884 1392 936 Add.

256 969 399 1022 Blilmner:
425 970 518 1022 Ueber
542 969 568 1020 d.
593 969 655 1021 Idae
678 969 727 1020 des
749 967 905 1021 Schiclrsals
929 969 957 1021 in
980 969 1032 1021 den
1054 968 1193 1037 Tragoed.
1217 969 1244 1022 d.
1266 969 1392 1036 Aeschyl.

255 1072 283 1124 p.
299 1057 332 1108 83
350 1072 409 1124 seq.
443 1054 525 1106 Hune
551 1061 640 1106 autem
665 1055 745 1105 finem
775 1053 884 1122 utrique
909 1054 1078 1122 propositum
1102 1055 1210 1124 poetam
1234 1051 1288 1106 alio
1310 1061 1392 1123 atque

256 1155 346 1191 rerum
368 1139 528 1208 scriptorem
548 1139 627 1191 modo
647 1138 758 1208 assequi
782 1137 939 1204 studuisse,
966 1139 1067 1191 nemini
1084 1139 1179 1191 mirum
1204 1156 1269 1191 esse
1282 1139 1391 1206 poterit,

255 1224 374 1294 indeque
401 1224 479 1276 etiam
504 1224 532 1275 in
561 1221 678 1292 singulis
702 1223 785 1274 rebus
806 1222 967 1274 enarrandis
992 1223 1105 1276 alterum
1124 1225 1158 1274 ab
1178 1221 1264 1275 altero
1280 1222 1392 1274 hicillic
1450 1210 1454 1230 ¹

255 1309 367 1362 differre
388 1315 601 1361 consentaneum
623 1308 719 1378 utique
740 1308 807 1359 erit:
833 1323 918 1376 quare
941 1307 976 1359 iis
991 1307 1072 1376 locis,
1094 1307 1196 1378 quibus
1215 1315 1329 1378 uterque
1344 1317 1393 1359 aut

255 1394 403 1446 convenire
422 1399 470 1444 aut
490 1392 559 1446 alter
576 1395 610 1446 ab
625 1391 711 1444 altero
734 1392 847 1444 differre
862 1391 1019 1460 videretur,
1041 1392 1137 1445 sedulo
1152 1393 1181 1444 id
1201 1391 1390 1458 indicavimus,

255 1479 407 1548 iterumque
425 1477 475 1528 hoc
497 1477 555 1530 loco
577 1477 705 1544 Aeschyli
724 1493 838 1545 versus,
858 1476 906 1547 qui
927 1477 1048 1546 primarii
1067 1483 1133 1530 sunt
1149 1478 1197 1529 hac
1212 1476 1238 1528 in
1256 1495 1299 1542 re,
1321 1495 1391 1529 com-

255 1563 345 1634 parari
367 1561 491 1614 volumus
512 1565 544 1617 91
564 1581 642 1634 seqq.
664 1565 724 1616 470.
741 1564 791 1614 720
808 1579 867 1631 seq.
889 1565 940 1614 742
957 1579 1016 1632 seq.
1033 1565 1092 1617 701.
1109 1563 1160 1615 805
1181 1578 1240 1614 cum
1257 1561 1393 1614 Herodoti

207 1674 209 1680 .
255 1647 321 1700 locis
338 1647 399 1712 VII,
422 1647 653 1714 10150111,
670 1649 704 1701 tu
726 1653 754 1699 et
772 1646 941 1716 potissimum
959 1647 1035 1714 VIII,
1056 1649 1114 1715 100,
1138 1645 1392 1716 ubiquaeThemi-

256 1731 356 1784 stocles
380 1730 533 1802 eloquitur,
554 1749 614 1784 cum
628 1731 678 1798 iis,
693 1747 763 1800 quae
779 1730 930 1798 Aeschylus
946 1731 1050 1800 sensit,
1070 1731 1191 1800 apprime
1209 1731 1393 1783 conveniunt:

255 1834 345 1886 neque
374 1824 462 1868 tamen
490 1817 540 1868 hoc
567 1815 786 1884 intelligendum,
810 1823 841 1867 ut
862 1815 975 1868 alterum
993 1818 1026 1869 ab
1048 1816 1134 1868 altero
1151 1831 1311 1884 expressum
1328 1835 1394 1868 esse
1471 1881 1472 1910 ,

256 1901 455 1966 existimemus,
477 1907 525 1952 aut
541 1900 710 1954 Herodotum
735 1899 896 1969 compilasse
917 1907 1043 1970 putemus
1060 1899 1189 1968 Aeschyli
1205 1899 1320 1967 serinia,
1343 1901 1394 1972 qoi

252 1987 333 2056 polita
350 2003 412 2038 num
428 1984 576 2052 Phrynichi
591 1985 711 2055 exemplo
732 1984 863 2036 incitatus
880 1993 929 2037 aut
945 2003 1004 2038 eum
1024 1985 1173 2039 aemulatus
1196 1985 1230 2037 ad
1246 1984 1395 2038 Persarum

252 2070 370 2122 fabulam
391 2070 614 2123 conscribendam
635 2069 798 2137 accesserit,
819 2069 847 2120 id
868 2086 927 2121 cum
949 2070 982 2122 ad
1005 2078 1124 2124 nostram
1145 2088 1201 2123 rem
1219 2070 1307 2122 minus
1328 2087 1395 2140 per-

252 2155 347 2224 tineat,
368 2173 442 2208 nunc
457 2155 714 2224 praetermittamus,
727 2154 887 2224 praesertim
903 2171 961 2207 cum
978 2153 1103 2225 pluribus
1119 2155 1188 2207 hanc
1204 2154 1397 2224 quaestionem

251 2241 302 2294 ism
320 2240 422 2293 dudum
438 2247 580 2292 tractatam
602 2258 665 2293 esse
680 2239 822 2292 videamus
839 2257 853 2294 a
872 2241 919 2292 ur.
938 2239 1055 2296 Passov.
1070 2241 1097 2292 in
1114 2239 1220 2292 Melett.
1237 2239 1341 2292 critico.
1364 2241 1395 2292 in

253 2325 381 2394 Aeschyli
397 2325 491 2378 Peras.
509 2325 671 2396 (ViatisIav.
691 2327 772 2387 1818)
788 2341 850 2394 pag.
865 2329 880 2376 7
897 2342 992 2395 seqq:
1009 2325 1037 2376 id
1054 2341 1136 2377 unum
1156 2323 1277 2377 hocloco
1301 2325 1395 2377 teneri

252 2409 390 2478 volumus,
414 2410 487 2481 quod
509 2427 598 2480 nuper
622 2426 732 2480 quoque
758 2411 903 2478 professus
925 2418 968 2461 est
991 2410 1039 2462 ur.
1061 2408 1185 2463 Althaus.
1207 2409 1234 2462 in
1257 2407 1333 2461 Diss.
1359 2410 1397 2462 de

251 2495 380 2548 historiae
396 2494 607 2564 conscriptionis
624 2494 736 2546 historia
753 2492 888 2563 (Berolin.
905 2493 985 2561 1852)
1000 2511 1027 2562 p.
1050 2497 1084 2549 39
1099 2495 1227 2564 quodque
1250 2493 1397 2558 neminem,

251 2580 297 2648 qui
316 2579 396 2648 paulo
413 2580 568 2632 accuratius
584 2579 747 2647 Aeschylum
764 2585 791 2630 et
805 2577 974 2630 Herodotum
990 2587 1018 2629 et
1037 2578 1136 2646 legerit
1158 2585 1187 2630 et
1209 2595 1302 2632 secum
1324 2597 1397 2631 con-

251 2664 381 2732 tenderit,
404 2673 567 2731 negaturum
590 2681 653 2716 esse
672 2663 795 2716 confido:
817 2679 939 2730 magnam
953 2663 1077 2734 adeoque
1097 2679 1223 2717 summam
1244 2663 1398 2734 utriusque

252 2749 303 2800 viri
316 2747 432 2817 reperiri
448 2743 650 2800 similitudinem
665 2748 692 2799 in
709 2748 758 2799 hoc
773 2747 833 2816 ipso
854 2747 946 2815 operis
964 2747 1019 2800 fine
1041 2753 1123 2818 atque
1146 2749 1174 2800 in
1197 2748 1336 2800 sententia
1360 2750 1399 2802 de
1471 2751 1472 2760 ²

250 2831 344 2884 divina
361 2831 479 2884 vindicta
500 2841 583 2903 atque
598 2831 714 2898 iustitia,
730 2847 784 2902 qua
799 2831 887 2883 omnia
902 2832 930 2902 in
950 2831 1100 2885 mortalium
1115 2833 1199 2885 rebus
1214 2832 1401 2888 continentur

251 2923 279 2968 et
292 2921 437 2984 reguntur.
471 2917 567 2987 Itaque
589 2933 671 2968 unum
692 2916 750 2968 l'ere
772 2916 896 2986 idemque
920 2923 1064 2987 utrumque
1083 2918 1117 2970 de
1137 2919 1220 2971 rebus
1239 2917 1345 2970 divinis
1367 2930 1402 2972 et

250 3001 374 3052 sensisse
396 3008 424 3052 et
445 3008 586 3070 spectasse
609 3001 760 3066 credimus,
786 2999 855 3052 adeo
872 3007 918 3066 ut,
935 3001 1001 3054 siin
1018 3001 1179 3073 quibusdam
1197 3003 1281 3054 rebus
1297 3001 1401 3073 iisque

250 3085 362 3138 levioris
378 3085 502 3138 momenti
516 3084 664 3137 dissentire
686 3103 737 3137 nec
757 3101 873 3154 prorsus
888 3087 1036 3138 convenire
1051 3104 1141 3140 secum
1164 3087 1290 3140 videatur
1314 3097 1400 3142 uter-

251 3186 318 3239 que,
337 3169 364 3221 id
383 3188 415 3222 ex
438 3169 547 3221 diversa
573 3169 719 3240 utriusque
736 3169 787 3222 viri
810 3169 901 3223 indole
916 3169 1111 3242 cogitandique
1127 3173 1235 3226 ratione
1249 3188 1341 3242 aeque
1362 3191 1403 3226 ac

250 3254 361 3306 diversa
377 3254 468 3324 operis
495 3255 617 3324 suscepti
644 3263 742 3307 natura
764 3255 974 3308 attrectatione
993 3257 1171 3326 repetendum
1193 3275 1254 3310 esse
1275 3275 1401 3311 censea-

249 3355 318 3393 mus.
349 3339 448 3410 Neque
464 3357 529 3391 vero
545 3339 573 3391 id
585 3339 728 3392 discrimen
746 3339 818 3392 inter
835 3347 980 3410 utrumque
997 3348 1101 3393 tantum
1117 3359 1179 3394 esse
1195 3343 1286 3408 credo,
1300 3359 1401 3412 quan·

249 3431 305 3477 tum
322 3425 375 3476 sibi
393 3424 534 3477 invenisse
548 3424 624 3477 visus
641 3431 684 3476 est
700 3425 742 3477 vir
759 3425 872 3492 doctus,
889 3425 936 3494 qui
961 3441 1049 3494 nuper
1068 3425 1195 3496 pluribus
1215 3415 1400 3498 ¹persecutus

251 3517 294 3562 est
312 3511 460 3580 utriusque
478 3510 622 3578 scriptoris
638 3510 800 3562 sententiam
822 3509 856 3561 de
876 3509 987 3562 deorum
1008 3511 1112 3562 invidia
1129 3512 1189 3583 (W.
1221 3513 1403 3566 Hoffmann:

250 3593 420 3662 „Aeschylos
436 3594 491 3646 und
506 3594 631 3646 Herodot
644 3595 712 3647 iiber
723 3594 774 3647 den
791 3587 902 3662 φθόνος
916 3595 965 3646 der
977 3595 1122 3647 Gottheit“
1135 3597 1162 3648 iu
1175 3595 1310 3664 Philolog.
1330 3597 1402 3650 XV.

249 3696 311 3747 pag.
328 3683 379 3732 221
393 3679 486 3749 seqq.)
509 3679 646 3748 puriorem
666 3680 693 3730 in
718 3680 760 3730 his
782 3678 908 3746 Aeschyli
931 3680 1079 3732 doctrinam
1099 3699 1161 3733 esse
1187 3681 1402 3750 pronuntiavit,

249 3763 383 3815 Herodoti
399 3763 560 3816 sententiam
581 3781 613 3815 ea
629 3763 827 3834 superstitione
848 3765 976 3817 imbutam
991 3763 1092 3832 voluit,
1115 3781 1169 3836 qua
1189 3765 1313 3818 divinum
1340 3783 1402 3820 nu-

317 3991 341 4054 *)
360 3995 501 4044 Pertlnont
523 3995 575 4046 huc
594 4011 639 4058 ea,
663 4010 732 4060 qnae
749 3995 900 4061 Aeschylus
922 3997 1048 4059 Darium,
1072 4003 1283 4050 commemorata
1306 4001 1402 4052 clade

251 4061 411 4111 Plataeensi
417 4062 610 4126 ,eloquentem
623 4064 692 4113 iacit
709 4079 749 4114 vs.
762 4063 811 4112 802
824 4063 885 4126 (818
898 4065 938 4114 οι1.
953 4065 1046 4128 Diod.)
1060 4081 1135 4132 seqq.
1143 4084 1150 4116 :

453 4179 536 4257 deveo
549 4178 656 4243 νεκρῶν
669 4173 701 4230 ds
713 4176 763 4230 acl
760 4173 947 4258 τριτοσπόρῳ
959 4180 1031 4248 your}

452 4236 556 4324 ἄφωνα
568 4247 743 4364 σημανοῦσιν
756 4237 880 4328 ὄμμασιν
892 4247 1000 4326 βροτῶν

451 4308 488 4388 ιρς
501 4305 552 4379 cu'y
564 4310 637 4378 undo
663 4331 695 4365 εο
707 4307 844 4434 aomos*
829 4332 898 4366 οντα
910 4310 962 4382 χρὴ
977 4319 1105 4396 oparata.

450 4333 661 4457 daoreniyaqg
647 4374 816 4445 §cvdooo'ss
816 4379 1064 4502 κάρπωσισταχον

451 4437 534 4512 ἄτης,
548 4437 621 4498 σθεν
633 4445 815 4514 πάγκλαυτον
828 4443 968 4518 ἔξαμᾷθέ
969 4468 1025 4517 ρος.
