3066 4964
242 443 303 506 382
676 437 945 500 HERODO'I'I

176 605 335 702 ΙΠσῦτςό
347 610 515 680 ἐπέπεσον.
534 605 630 678 Ἐπεὶ
643 608 680 678 dl
692 611 997 698 πολιορκεομένοισί
1005 629 1065 697 σφι
1076 605 1296 696 φθινόπωρον
1307 610 1381 678 ἐπε-

241 719 363 800 γίνετο,
383 712 438 780 καὶ
450 706 615 799 ἤσχαλλον
632 713 667 779 οἱ
680 705 859 798 Ἀθηναῖοι
872 706 939 782 ded
950 737 986 780 τε
997 713 1054 797 τῆς
1067 711 1202 780 invide
1214 704 1379 798 ἀποδημέ-

241 839 335 892 οντες
352 813 406 882 ιιυΙ
423 807 464 880 οὐ
481 808 662 900 δυνάμενοι
676 814 799 894 ἐξελεῖν
810 808 847 882 td
859 827 981 904 τεῖχος,
1001 808 1132 882 ἐδέοντό
1149 838 1185 882 τε
1201 813 1270 882 τῶν
1281 831 1379 902 σιρα-

242 1013 272 1058 ut
285 1013 387 1070 exstet,
403 1023 463 1058 cnm
477 1009 643 1060 adiectivum
655 997 784 1074 depositor
835 1007 950 1068 Metti..
968 1007 1119 1060 Sohuelero
1136 1013 1164 1058 et
1176 1023 1248 1058 rece.
1268 1007 1379 1057 editori-

241 1079 274 1126 de
286 1093 330 1138 eo,
350 1078 419 1142 qnod
434 1079 526 1126 coitari
541 1079 638 1142 nequit,
658 1076 731 1126 linud
744 1077 784 1125 iu·
835 1075 986 1139 hus,uequc
993 1075 1137 1141 assumpsi,
1147 1073 1378 1140 quodSclnteigir.

241 1144 350 1193 solitum
368 1145 419 1194 sit:
443 1145 481 1194 ci.
499 1143 640 1195 Plutarch.
658 1144 695 1193 ΙΙ.
718 1159 783 1208 pag.
836 1147 864 1191 ct
885 1143 973 1192 (laist.
997 1158 1012 1191 e
1034 1143 1123 1192 tribus
1139 1142 1217 1192 codd.
1235 1142 1379 1204 dederunt,

244 1210 289 1260 lili
299 1213 330 1262 B.
354 1211 429 1262 Stoh.
443 1211 558 1277 Eclogg.
571 1211 663 1276 physe.
682 1227 744 1276 pag.
757 1211 781 1260 8.
836 1202 987 1274 έπιγέκετο.
1024 1212 1066 1258 De
1088 1226 1157 1260 voce
1179 1202 1378 1276 φθινόπωρον,

239 1279 361 1344 Alciphr·.
376 1281 397 1340 1,
411 1279 453 1331 25.
478 1280 555 1340 Quae
575 1278 670 1328 attulit
692 1279 730 1328 W
732 1294 782 1328 es·
835 1293 889 1342 qun
900 1278 1137 1342 entumnienpnrs
1149 1277 1295 1337 indicetur,
1307 1291 1378 1340 quoe

239 1348 409 1410 κολλυρίου,
433 1346 502 1396 Ιικεο
521 1347 686 1396 subiiciens:
710 1345 783 1406 „Sed
835 1345 870 1394 cd
888 1345 1005 1394 hiemem
1018 1345 1147 1402 inclinet,
1171 1345 1280 1409 quando
1298 1344 1380 1393 srbo-

239 1415 396 1476 Artnyetes,
410 1413 608 1480 modoprovide
620 1413 782 1464 etconsulto
835 1412 909 1462 ribus
933 1411 1002 1462 folin
1020 1412 1155 1473 defluunt,
1180 1412 1236 1462 tid.
1253 1409 1379 1474 Thucyd.

240 1481 353 1545 egisset,
374 1487 422 1530 aut
434 1481 523 1531 vitore
536 1481 714 1544 obsidionem,
735 1485 783 1530 aut
833 1479 869 1540 ΙΙ,
882 1477 924 1529 31.
938 1479 988 1542 ΙΙΙ,
1006 1479 1048 1540 Ιὸς
1062 1478 1141 1543 plura
1154 1479 1232 1528 dubit
1244 1477 1378 1530 Thesaur.

241 1551 377 1612 eppsrstu
396 1547 430 1597 sd
449 1563 510 1597 enm
532 1547 703 1598 tolerandum
720 1563 782 1598 sese
834 1547 914 1617 hiup.
930 1548 1029 1596 Grnec.
1045 1547 1120 1596 Vlll.
1135 1561 1160 1611 p.
1174 1544 1232 1594 teo.
1259 1545 1379 1596 Verbum

240 1619 368 1680 potuerat
380 1616 525 1664 instruere.
548 1616 678 1666 Neutrum
692 1615 783 1666 obser·
833 1607 988 1680 οισχοὶλλειν
1006 1613 1197 1680 attigindlll,
1214 1612 1269 1664 152.
1298 1613 1378 1676 Quse

240 1683 331 1743 nsvin
347 1683 419 1732 unde
432 1685 621 1746 exinproviso,
635 1682 780 1744 utianle‚
834 1683 946 1732 verbum
964 1671 1104 1746 ἤσχαλλον
1122 1680 1263 1731 antecedit
1279 1680 1381 1732 voculis

239 1740 396 1813 ἀφυλάκτῳ
408 1749 474 1810 (οοιι
486 1741 670 1814 ἀφυλάκτως)
688 1765 782 1814 snper·
835 1745 910 1812 stul,
929 1765 946 1799 n
958 1749 1099 1798 tinncroiti
1113 1748 1183 1798 libro
1202 1747 1283 1798 shest
1299 1747 1379 1798 inde·

239 1823 382 1866 venerunt.
402 1817 496 1867 Simile
510 1817 643 1880 Polyaeni
657 1815 780 1876 muse.
834 1832 885 1882 que
899 1833 959 1866 enm
969 1815 1295 1878 sustulemntBelrkerus‚
1309 1815 1379 1866 Diu·

239 1883 379 1934 Plutarch.
395 1885 429 1933 ΙΙ.
443 1900 505 1949 png.
519 1885 568 1932 eit-r
582 1885 611 1933 C.
631 1885 783 1934 Herodinni
834 1885 904 1934 dori.
922 1889 950 1934 et
962 1883 1130 1934 Dietschius.
1160 1881 1293 1948 Equidem
1315 1897 1379 1932 oon-

239 1951 285 2014 Vl,
299 1951 344 2000 b‘·
373 1951 481 2002 Schwei
502 1952 659 2014 blismurus,
677 1953 722 2016 qui
736 1952 781 2000 sd·
833 1952 905 2002 sultn
916 1952 1016 2002 retinui
1026 1950 1160 2010 voculam,
1174 1965 1244 2016 quse
1254 1950 1305 2000 hoc
1316 1949 1379 2000 loco

240 2019 281 2068 dit
292 2008 463 2084 depotentes
476 1968 644 2070 έιακεῖσθαι
658 2035 672 2068 e
686 2019 781 2084 Polyb.
834 2034 888 2068 non
910 2025 966 2068 tum
991 2019 1173 2084 coniungendi
1197 2017 1381 2084 significatio-

240 2087 291 2148 ΙΙΙ,
310 2085 352 2135 :tu
375 2089 398 2146 §-
416 2087 432 2135 t
453 2086 588 2151 valdeque
609 2093 701 2166 sptem
718 2087 782 2138 huic
834 2101 907 2149 uem,
919 2087 968 2136 scd
981 2087 1146 2136 intensivum
1157 2087 1210 2135 vim
1221 2085 1322 2136 hebere
1336 2087 1378 2134 vi-

239 2153 300 2203 loco
324 2153 410 2204 hsbet
430 2154 591 2220 scripturam
616 2145 781 2220 encloistre,
833 2153 926 2204 detur:
959 2157 1049 2204 etenim
1069 2153 1157 2218 (haec
1180 2157 1222 2203 est
1242 2153 1380 2204 Herodoti

239 2221 480 2286 tomenvulgntom
490 2221 637 2272 lectionem
647 2212 782 2286 α’φύκπως
833 2221 983 2284 sententis)
995 2221 1042 2270 uhi
1055 2221 1098 2282 iis,
1113 2223 1159 2286 qui
1171 2221 1378 2282 obsidebuntur,

240 2289 280 2338 ito
292 2289 404 2338 delendi
417 2301 497 2354 posse
513 2289 666 2352 existimat,
685 2295 715 2340 ut
728 2291 783 2340 He·
834 2293 979 2340 autumnus
1003 2290 1176 2353 supervenit,
1200 2291 1274 2339 etiem
1298 2290 1379 2340 Athe·

240 2356 364 2406 rodotum
377 2356 479 2408 dixisse
492 2357 650 2408 credemus=
671 2361 732 2419 „ite
749 2360 781 2408 rie
833 2363 933 2406 ntenses
951 2360 1016 2418 (nou
1034 2356 1121 2408 solum
1139 2356 1245 2406 obsessi
1262 2357 1377 2412 Perses.

238 2428 372 2489 irnprooise
389 2439 443 2474 eum
465 2423 552 2474 oderit
567 2432 624 2476 sient
642 2426 780 2476 Athenien·
833 2424 881 2474 sed
900 2424 983 2474 etiem
1007 2424 1165 2474 obsidentes
1182 2423 1377 2486 Athenienses)

238 2507 293 2549 ees,
316 2498 342 2541 ut
360 2493 439 2557 effnpi
456 2507 505 2542 nen
521 2497 663 2556 potuerint,
688 2493 716 2546 id
730 2498 780 2554 est,
833 2491 1047 2556 aepreserebnnt,
1061 2491 1290 2558 quodsuitpntrih
1302 2491 1377 2553 (diu-

238 2566 264 2606 nt
282 2561 322 2610 ille
339 2565 364 2610 et
382 2561 425 2624 qui
438 2576 491 2610 cum
508 2576 538 2610 eo
554 2567 643 2621 erant,
667 2562 781 2624 effrepere
833 2560 898 2621 tius)
909 2560 1040 2610 obessent
1052 2559 1200 2623 urbemque
1211 2573 1377 2625 ceperenou

238 2642 288 2676 nen
310 2626 478 2689 potuerint“:
508 2643 605 2692 nempe
630 2629 704 2690 (suut
720 2629 782 2692 ipse
833 2633 959 2692 possent,
978 2629 1104 2692 dictosque
1122 2629 1182 2677 inde
1198 2627 1321 2687 orabant,
1345 2632 1378 2676 ut

239 2693 495 2758 Schweighaeuseri
508 2695 620 2758 verbs),
640 2696 734 2759 „qnod
748 2712 780 2746 ex
833 2695 939 2744 domum
958 2698 1031 2762 ipsos
1050 2693 1223 2746 reducerent.
1248 2695 1285 2744 Ut
1303 2695 1376 2747 enim

239 2761 448 2824 insequentibus
464 2761 645 2826 intelligitur,
664 2763 781 2812 etunvi-
832 2762 979 2828 participis
1001 2752 1216 2842 α’ποδφμέονιες
1240 2767 1268 2811 et
1289 2754 1378 2812 dosol-

184 2887 187 2895 .
238 2827 289 2876 hus
313 2827 408 2876 urbem
432 2827 598 2880 obsederunt
619 2835 647 2880 et
668 2845 781 2880 exscen-
832 2843 922 2894 μενοι,
941 2845 1011 2894 quoe
1025 2829 1214 2894 ωΙησχοιλλον
1226 2829 1376 2894 pertinent,

239 2894 315 2943 sione
340 2894 417 2944 lecte
441 2895 557 2946 eundern
582 2913 599 2946 o
623 2897 780 2948 continente
832 2912 881 3016 per
892 2911 922 2947 se
935 2923 966 2932 -
979 2893 1028 2948 καλ
1041 2897 1197 2963 iunguntur,
1211 2897 1251 2946 its
1263 2897 1377 2946 verbnm

238 2961 526 3024 itociroumsederuut,
537 2962 694 3028 uteliugers
702 2980 781 3014 nemo
849 2958 948 3014 δέοντο
967 2981 1016 3030 per
1033 2965 1154 3014 additum
1171 2979 1202 3016 πε
1219 2965 1377 3014 adnectitur

239 3033 341 3093 posset.
382 3029 470 3094 Atque
494 3029 565 3080 hnec
589 3031 677 3108 leqtiq
697 3033 782 3082 etism
833 3033 917 3098 priori
934 3021 1084 3098 ἤσχαλλον.
1118 3031 1375 3114 Neqnescnelice·

237 3095 439 3160 significantior
456 3103 511 3158 est;
535 3113 597 3148 usur
614 3098 783 3162 αφνλακιον
834 3099 875 3150 hit
891 3101 978 3151 verbs
994 3097 1259 3164 πολιορκεομένοισί
1272 3113 1324 3164 σφι
1341 3099 1375 3150 dc

238 3165 324 3214 inisse
339 3179 399 3214 eum
412 3165 448 3214 sb
461 3163 587 3216 hostibus
600 3167 726 3218 invnsmn
738 3183 782 3217 sn·
833 3167 1046 3220 Atheniensibus
1058 3167 1229 3234 intelligere:
1249 3167 1319 3232 quod
1331 3166 1376 3218 vel

238 3233 275 3282 tis
296 3233 351 3282 ism
373 3233 559 3298 superioribus
580 3233 684 3294 verbis,
716 3223 781 3286 οὔτε
833 3237 857 3286 si
865 3251 914 3300 per
924 3236 1062 3301 passivum
1073 3235 1185 3286 verbum
1195 3235 1294 3288 liceret
1306 3235 1375 3297 (me-

238 3295 504 3364 nopsesrvcope'soc
525 3291 554 3359 ές
573 3295 625 3352 τὸν
646 3297 779 3368 πόλεμον,
833 3302 923 3352 lueret
940 3303 1001 3352 inde
1019 3298 1217 3367 πολιορκέουσι
1234 3303 1376 3368 Schweig-

238 3359 304 3418 οὔτε
317 3361 545 3432 προσδεκόμενος
556 3359 779 3436 ιούςἝλληνας,
832 3371 1007 3433 hseuserns),
1026 3361 1324 3438 sequentiuq'ezotttov
1341 3363 1377 3420 oi

238 3435 410 3486 declaratum
429 3442 481 3486 est.
518 3437 622 3500 Quare,
647 3438 687 3488 uti
708 3453 781 3488 nnnc
831 3429 1010 3504 Ἀθηναῖοι
1027 3439 1138 3490 obstare
1157 3439 1297 3490 videntur:
1322 3439 1376 3488 itc-

238 3504 347 3569 quidcm
370 3509 427 3554 stet
450 3505 604 3568 sententio,
640 3505 781 3570 vulgatum
834 3521 884 3570 quc
897 3519 948 3570 σφι
961 3506 995 3556 nd
1005 3505 1190 3558 Athenienses
1202 3507 1306 3558 reisue
1320 3521 1375 3556 uon

237 3571 301 3621 olim
314 3573 477 3638 scripturum
489 3562 623 3638 α’φόκτως
636 3574 781 3624 restituen·
833 3574 909 3634 licet,
923 3573 971 3622 sed
983 3579 1094 3637 spectet
1107 3575 1141 3628 ed
1154 3575 1266 3636 Perses,
1287 3576 1332 3639 qui
1347 3577 1374 3624 iu

237 3639 300 3689 dnm
328 3642 435 3690 auctori
464 3642 599 3692 censeo.“
640 3641 720 3718 blihi,
750 3647 781 3690 ut
832 3641 910 3692 Sesto
923 3639 1023 3691 inclusi
1035 3641 1234 3694 obsidebuntur
1246 3643 1281 3691 sb
1290 3642 1375 3692 Athe·

237 3707 328 3758 dioum
352 3709 423 3772 quod
444 3709 547 3768 sentio,
572 3709 622 3760 hoe
646 3705 781 3773 αφύκτως
832 3708 981 3760 niensihus.
1011 3710 1044 3760 In
1061 3711 1166 3760 Lotinn
1188 3710 1314 3762 versione
1331 3711 1373 3760 sie

238 3775 326 3838 magis
337 3775 501 3840 exquisitum
512 3791 592 3840 quum
602 3791 694 3826 vorum
705 3777 780 3826 vide·
833 3777 967 3842 expressit
978 3775 1271 3842 Schweighaeuserns:
1286 3785 1375 3842 „post

238 3847 294 3890 tur:
318 3857 402 3906 quere
420 3841 492 3894 hsud
510 3845 614 3908 recepi:
634 3859 686 3894 nec
703 3859 779 3894 rece·
833 3861 905 3910 quon
921 3861 981 3895 oeno
998 3845 1108 3896 obsessis
1128 3843 1174 3910 [et
1190 3847 1357 3896 obsidenti
1363 3871 1373 3878 —

238 3914 337 3972 porunt
360 3914 477 3958 receutt.
503 3910 563 3960 edd.
587 3910 650 3960 iude
676 3911 781 3961 eBek·
832 3909 900 3976 dus]
924 3918 1054 3964 ordwnnrtt
1076 3913 1251 3977 superuenit.“
1277 3942 1308 3950 -
1332 3912 1374 3964 Ad

239 3975 314 4024 hero.
350 3975 522 4026 Adiectivnm
539 3969 705 4042 οἷφυλακιος
722 3978 780 4043 plu·
832 3981 919 4030 verbo
935 3969 1007 4038 ὅκως
1024 3973 1166 4045 οἷποὶγοιεκ
1183 3981 1256 4032 coni.
1274 3980 1372 4032 Mottlr.

238 4042 649 4108 ribuslociscpudPlutnrehum
660 4047 779 4096 inveniri
833 4047 931 4097 Gr.Gr.
944 4049 967 4108 ξ.
974 4047 1032 4098 531.
1046 4053 1100 4100 not.
1109 4049 1133 4098 2.
1147 4076 1181 4086 -
1192 4051 1234 4099 De
1247 4064 1297 4100 οεο
1310 4063 1373 4112 pnr-

238 4110 354 4174 eognovi
373 4112 457 4160 etium
476 4113 699 4176 eWytteubsch.
719 4114 778 4163 lud.
831 4113 975 4166 ticulururn
988 4113 1057 4179 πρὶν
1076 4105 1181 4180 iconi.
1201 4117 1259 4168 citt.
1278 4117 1313 4166 sd
1326 4116 1372 4176 lx,

238 4177 523 4243 Graecitat'r.V111‚
541 4181 561 4232 l.
574 4196 637 4248 pag.
651 4179 709 4234 304.
830 4181 864 4230 sn
881 4187 909 4230 et
921 4183 968 4245 IX,
981 4183 1023 4234 93.
1041 4210 1075 4219 -
1092 4175 1124 4233 sd
1140 4173 1298 4250 Ἀθηναίων
1315 4198 1374 4234 κοι-

831 4243 883 4300 νὸν
904 4253 1033 4300 convenit
1054 4266 1115 4302 cum
1137 4251 1259 4318 Thucyd.
1282 4253 1309 4312 Ι,
1330 4249 1373 4301 89.

408 4297 474 4350 Off·
494 4299 603 4352 CXVII·
830 4317 885 4370 Sed
896 4317 959 4368 vide
978 4333 1084 4384 qnoque
1098 4319 1200 4372 Herod.
1214 4321 1245 4381 V,
1262 4319 1310 4370 109
1322 4320 1373 4370 ibi·

272 4373 426 4448 ineptum]
440 4384 486 4435 Sic
495 4385 558 4434 dedi
571 4385 777 4444 crrmlielrkerq
830 4399 882 4450 que
896 4389 964 4436 nott.
976 4387 1021 4444 Vl,
1039 4385 1075 4438 tt.
