3066 4964
476 443 741 508 cremore.
765 443 823 502 rx.
846 452 890 506 re.
911 451 956 532 η.
1230 445 1288 508 331

150 612 301 704 θυγάτηρ
321 617 358 686 δὲ
372 612 595 706 Ἡγητορίδεω
612 619 673 686 τοῦ
692 612 904 704 Ἀνταγόρεω.
931 621 989 704 βίη
1009 615 1050 684 δέ
1063 641 1104 704 με
1122 611 1236 702 λαβών
1255 617 1291 685 ἐν

151 721 211 810 Κῷ
228 716 296 806 εἶχε
312 711 330 786 ὁ
349 721 489 807 Πέρσης.
505 715 541 790 ‘0
560 719 596 788 dt
614 713 785 808 άμείβεται
803 721 928 785 τοῖσδε·
947 715 1066 803 Γύναι,
1085 714 1216 806 θάρσει,
1235 719 1290 786 καλ

151 813 194 899 ὦς
219 820 334 905 ἱκέτις,
365 822 420 890 καλ
446 827 477 890 εί
500 818 541 908 δὴ
564 816 646 910 uodo
669 816 778 910 τούτῳ
801 815 974 906 τυγχάνεις
996 813 1125 905 άληθέα
1148 819 1291 906 λέγουσα

151 922 204 990 καλ
226 917 272 999 εἷς
290 919 443 1009 θυγάτηρ
458 917 679 1011 Ἡγητορίδεω
697 923 758 988 τοῦ
774 916 891 1012 Κῴου,
917 913 953 999 ὃς
977 921 1046 1007 ἐμοὶ
1069 922 1174 1002 ξεῖνος
1197 917 1290 1008 μάλι-

151 1042 211 1100 στα
227 1019 384 1110 τυγχάνει
402 1019 467 1093 ἐάν
483 1025 551 1092 ταῖν
573 1023 650 1112 περὶ
674 1016 922 1101 ἐκείνουςτοδς
945 1018 1072 1110 χοίρους
1094 1023 1289 1110 οἰκημένων.

156 1125 266 1192 Ταῦτα
290 1133 385 1204 edatur
407 1122 480 1194 τότε
504 1125 565 1213 μέν
590 1126 748 1213 ἐπέτρεψε
770 1125 838 1192 τεδν
862 1120 993 1211 ἐφόρων
1014 1138 1100 1191 τοῖσι
1118 1125 1290 1212 παρεοῦσι,

150 1219 291 1313 ὕστερον
315 1224 352 1293 di
375 1220 547 1314 άτέτεμψε
572 1228 604 1305 ἐς
623 1235 783 1312 Αἴγιναν,
808 1226 840 1304 ἐς
863 1220 925 1312 τὴν
948 1218 1032 1310 udor}
1055 1219 1158 1311 ἤθελε
1179 1218 1290 1294 άτικέ-

150 1336 239 1396 σθαι.
288 1323 385 1396 Μετά
409 1327 447 1396 dt
463 1323 525 1415 τὴν
548 1323 660 1410 ἄπιξιν
681 1329 740 1415 τῆς
757 1322 919 1413 Ιγυναικὸς
942 1319 1063 1426 αὐτίκα
1084 1322 1165 1412 μετά
1186 1330 1337 1395 ταῦταλλ

150 1423 308 1496 άιιίκοντο
322 1431 507 1509 Μαντινέες
527 1423 574 1498 ἐτ’
594 1429 868 1518 ἐξεργασμένοισι·
886 1424 1054 1515 μαθόντες
1068 1425 1116 1512 δὲ,
1135 1423 1185 1496 ὅτι
1196 1421 1290 1495 ὕστε-

150 1557 201 1619 ροι
219 1524 337 1616 ἥκουσι
355 1531 413 1618 τῆς
430 1533 613 1618 συμβολῆς,
639 1525 817 1619 συμφορὴν
836 1530 1007 1598 ἐποιεῦντο
1024 1524 1186 1616 μεγάλην,
1206 1524 1295 1611 άξιοί

149 1655 186 1700 τε
209 1635 338 1718 ἔφασαν
362 1629 447 1700 εἶναι
470 1635 573 1719 σφέας
597 1633 763 1719 ζημιῶσαι.
796 1627 1045 1718 πυνθανόμενοι
1065 1629 1103 1697 δὲ
1120 1625 1197 1710 τούς
1216 1627 1290 1719 Μή-

152 1737 231 1812 δους
248 1727 325 1811 τούς
342 1728 423 1820 μετά
438 1728 636 1820 Ἀρταβάζου
654 1730 859 1820 φεύγοντας,
883 1727 1020 1810 τούτους
1040 1733 1180 1800 ἐδίωκον
1197 1733 1291 1820 μέχρι

150 1839 350 1919 Θεσσαλίης·
386 1831 643 1922 Λακεδαιμόνιοι
677 1833 714 1902 dt
746 1829 812 1902 οὐκ
840 1837 905 1902 ἔων
931 1829 1118 1920 φεύγοντας
1146 1830 1289 1904 διώκειν.

150 1938 183 2004 oi
201 1933 238 2002 δέ
255 1927 530 2025 ἀναχωρήσαντες
549 1938 581 2014 ἐς
599 1931 661 2022 τὴν
684 1935 819 2004 §omnio
841 1929 919 2014 τούς
936 1928 1101 2022 ἡγεμόνας
1118 1935 1176 2022 τῆς
1193 1955 1289 2024 στρα-
1396 1926 1398 1930 ’

150 2037 220 2122 τιῆς
245 2037 390 2118 ἐδίωξαν.
409 2038 444 2104 ἐκ
466 2039 525 2124 τῆς
548 2039 617 2124 γῆς.
656 2032 751 2105 Μετά
780 2035 817 2104 dt
842 2037 1033 2115 Μαντινέας
1057 2023 1139 2123 ἧκον
1159 2030 1289 2106 Ἠλεῖοι.

150 2138 205 2205 καλ
232 2130 388 2218 duoviros
414 2142 450 2206 οί
469 2133 589 2208 Ἠλεῖοι
614 2154 698 2206 τοῖσι
722 2139 931 2207 Μαντινεῦσι
955 2133 1132 2226 συμφορὴν
1156 2135 1290 2225 ποιησά-

150 2304 282 2352 reveritos.
292 2300 308 2327 ¹‘
342 2304 367 2352 V
370 2303 489 2354 auten.
508 2303 599 2352 citans
615 2303 692 2362 vm,
745 2302 783 2350 ris
795 2301 953 2351 securitatis
967 2315 1052 2351 causa
1064 2301 1137 2350 hanc
1150 2301 1290 2351 mulierem

152 2367 213 2430 143,
231 2367 279 2418 ubi
296 2370 352 2420 vid.
370 2375 436 2420 nott.
456 2397 486 2404 —
510 2371 542 2420 In
565 2385 640 2434 seqq.
659 2370 692 2420 ad
746 2374 875 2432 tanquam
899 2369 1020 2432 praedae
1044 2373 1151 2434 partem
1175 2368 1290 2419 tradidit

150 2435 318 2503 particulam
331 2430 363 2487 dh
374 2438 501 2487 iteratam
512 2437 584 2488 cont'.
595 2437 693 2486 Matth.
745 2451 806 2493 rex,
825 2435 853 2484 id
866 2449 972 2500 quoque
984 2436 1152 2500 respiciens,
1170 2440 1200 2485 ut
1217 2437 1290 2485 omni

152 2503 347 2565 deorsum.
363 2499 693 2570 ἐχειννολείατονλείοτο
745 2504 902 2568 suspicione
932 2505 991 2568 ipse
1020 2502 1090 2552 liber
1119 2507 1201 2553 esset.
1246 2504 1290 2554 De

146 2569 256 2634 λοδεντ,
270 2577 300 2622 ut
312 2573 362 2633 111,
374 2571 420 2633 31,
434 2573 482 2622 nbi
494 2571 550 2622 vid.
563 2577 632 2622 nott.
650 2573 693 2622 De

152 2641 191 2692 Co
204 2639 258 2689 vid.
271 2641 298 2700 1,
314 2639 361 2690 144
374 2641 467 2705 ibique
480 2644 547 2690 nott.

185 2699 239 2772 εἷς]
257 2707 302 2758 ita
317 2707 381 2758 dedi
393 2711 504 2757 secutus
516 2707 695 2760 Schaeferum

151 2774 290 2839 aliosque,
303 2775 350 2825 ubi
364 2774 642 2840 Schweighaeuserus
656 2780 696 2824 at-

150 2858 203 2908 que
222 2843 360 2893 Gaistord.
378 2842 513 2892 dederant
530 2835 571 2904 εί,
595 2843 694 2908 impro-

150 2911 236 2960 bante
249 2925 364 2960 censore
376 2909 516 2974 LipsIenei
530 2907 602 2960 1833.
615 2927 641 2975 p.
653 2909 694 2960 40.

150 2978 193 3028 Tu
205 2979 261 3029 vid.
276 2977 391 3028 Bredov.
405 2994 431 3042 p.
444 2975 494 3027 403
507 2993 574 3042 ειη,
589 2979 635 3043 qni
647 2979 695 3028 at-

150 3047 236 3096 ticum
255 3038 283 3095 εἷ
298 3045 333 3096 ab
350 3045 485 3096 Herodoti
504 3060 626 3096 sermone
646 3045 695 3096 ab·

151 3128 213 3162 esse
226 3113 295 3162 satis
305 3113 407 3162 docuit.
425 3113 478 3162 Pro
488 3105 551 3163 τότε
562 3105 615 3176 μὲν
624 3113 695 3163 Bek-

149 3179 233 3230 lrems
247 3181 369 3244 quaerit:
389 3195 445 3262 pan
457 3173 510 3244 μέν
522 3180 608 3243 μινλ“

184 3237 248 3297 τότε
270 3239 324 3312 μὲν
345 3237 482 3310 ἐπετρεψε
504 3245 561 3297 τάν
583 3239 696 3312 ἐφόρων

150 3315 224 3364 τοῖσι
237 3312 385 3379 παρεοῦσι]
400 3315 520 3378 Ερλονοε
532 3329 614 3380 ευμεν
627 3315 695 3365 vidi·

151 3397 210 3432 mus
228 3380 293 3442 (IX,
310 3381 327 3432 9
343 3383 430 3446 seqq.)
449 3382 615 3432 Pausaniam
635 3398 696 3432 cum

151 3449 347 3513 Spartanorum
367 3450 454 3514 copiis
475 3465 508 3499 ex
529 3449 596 3499 urba
614 3449 695 3514 Spar·

151 3521 219 3566 tana
233 3516 370 3566 emisisse:
385 3532 418 3566 ex
427 3515 479 3566 hoc
493 3515 553 3566 Ioco
565 3517 635 3568 satie
647 3533 695 3582 pa·

151 3589 204 3642 tet,
230 3583 376 3634 nonnullos
393 3583 509 3648 ephoros
525 3584 695 3634 Pausaniam

151 3649 295 3700 inbellem
308 3651 461 3716 profectum
475 3651 619 3700 comitatos
634 3667 694 3702 asso

151 3719 231 3782 eique
255 3719 284 3768 in
306 3721 365 3783 ipso
389 3717 462 3768 beIIo
479 3717 635 3768 adstitisse:
662 3735 694 3768 ae

150 3785 236 3835 tradit
246 3785 397 3850 Xenophon
409 3785 437 3834 in
447 3784 558 3835 Hellen.
570 3787 612 3844 II,
623 3787 653 3850 4,
663 3785 696 3837 36

150 3851 227 3930 (quI.
240 3853 308 3969 Βοχι.
323 3853 428 3904 Laced.
441 3853 518 3914 XIII,
538 3851 579 3917 b):
602 3845 695 3916 ὥσπερ

168 3935 206 3980 αρ
219 3935 272 3985 νομ
287 3921 362 3980 {aaut
382 3913 435 3983 ξύν
452 3918 564 3984 βασιλεῖ
574 3914 628 3972 δύο
641 3919 696 3971 τοῖν

151 3935 265 4052 ἐφόρων
287 3983 543 4052 ξυστρατεύεσθαι,
568 3989 638 4054 quod
656 3995 695 4040 te·

149 4055 306 4106 admonium
315 4071 442 4105 unacum
453 4054 515 4104 aliis
525 4055 641 4106 adertC.
649 4058 697 4106 Fr.

150 4122 307 4172 Hermann:
327 4121 438 4172 Griecb.
451 4121 655 4174 Stantealterth.
671 4126 695 4186 §-

149 4190 194 4238 44.
206 4195 262 4240 not.
277 4189 315 4240 Id.
332 4189 370 4240 15.
401 4191 453 4240 Hie
471 4189 556 4252 igitur
568 4191 694 4256 Ephous,

151 4258 199 4322 qui
226 4257 339 4324 regibus
368 4257 438 4316 belli
459 4256 574 4307 ducibus
598 4259 693 4322 additi,

150 4327 259 4389 omnia,
282 4341 353 4390 qnae
367 4327 484 4389 agerent
500 4337 592 4390 reges,
610 4327 695 4392 inspi-

150 4399 311 4458 careatque
330 4407 427 4444 curare
443 4390 593 4457 debebant,
611 4395 695 4445 maio·

745 2571 862 2636 Ephoris
875 2585 1021 2638 eorumque
1034 2575 1173 2636 potestate
1185 2571 1242 2620 diri
1255 2571 1291 2622 ad

744 2636 1002 2702 ummmm

908 2807 973 2858 Otr.
993 2807 1130 2860 LXXVII.

781 2900 828 2960 ἐπ’
846 2900 1085 2974 ἐξεργασμένοισι]
1106 2911 1125 2959 i.
1144 2926 1167 2962 e.
1184 2927 1214 2961 re
1229 2927 1291 2976 per·

747 2985 814 3027 actu.
833 2977 895 3026 Vid.
905 2977 1004 3026 Mutth.
1012 2977 1057 3027 Gr.
1066 2975 1111 3027 Gr.
1122 2979 1146 3038 ξ.
1157 2978 1173 3028 5
1183 2983 1211 3028 ot
1220 2983 1290 3030 nott.

748 3046 782 3095 ad
795 3045 896 3095 Herod.
908 3045 959 3104 IV,
976 3043 1031 3096 104.
1067 3045 1108 3094 λδ
1124 3045 1290 3096 locutionem

747 3104 900 3178 συμφορὴν
912 3113 1061 3163 ποιεῖσθαι
1080 3113 1135 3162 vid.
1151 3114 1185 3176 V,
1204 3114 1220 3163 5
1238 3115 1290 3164 ibi·

748 3197 799 3246 que
812 3185 879 3230 nott.
894 3179 969 3238 vlu,
986 3179 1041 3230 100.

780 3237 863 3308 άξιοί
871 3261 901 3297 τε
915 3273 945 3282 -
959 3245 1106 3313 ζημιῶσαι]
1130 3249 1148 3298 i.
1163 3264 1186 3297 e.
1201 3251 1291 3314 dipuos

745 3331 857 3432 qeqaqq,
867 3317 914 3432 tqqi
922 3317 1289 3443 χχιιιίιέκσχνχχροχτεέίμαχί.

772 3402 809 3432 r.
849 3399 865 3432 a
910 3418 916 3431 .
955 3399 975 3431 r.
1011 3399 1066 3430 r..
1112 3395 1290 3438 o,.1mre

746 3451 821 3501 Livii
838 3451 942 3499 dIctum
959 3449 1047 3506 XXX,
1067 3447 1101 3499 30
1118 3447 1212 3497 attulit
1225 3449 1289 3499 Val-

748 3517 827 3566 cken.
841 3517 917 3564 —In
930 3531 1005 3581 seqq.
1020 3517 1152 3566 Medorum
1166 3515 1290 3580 appella-

746 3585 819 3634 tione
847 3583 946 3634 Iatiorc
968 3585 1069 3632 Noster
1094 3597 1158 3632 usus
1182 3583 1291 3634 videtur

746 3651 921 3701 Chorasmios
934 3655 962 3699 et
974 3649 1091 3700 Parthos
1103 3649 1289 3712 intellexisse3

745 3735 808 3768 nam
826 3733 908 3781 supra
920 3719 983 3779 VII,
1002 3715 1036 3767 66
1053 3717 1206 3769 Artabazus
1225 3735 1290 3784 qna·

747 3786 876 3850 draginta
897 3783 972 3834 mille
992 3784 1159 3836 ChorasmiIs
1178 3793 1205 3837 et
1222 3787 1291 3838 Par·

746 3855 801 3904 this
814 3853 967 3918 praefuisse
980 3858 1114 3902 dematur.

779 3916 898 3978 τούτους
911 3912 1040 3984 ἐδίωκον]
1060 3921 1162 3972 Latine
1175 3923 1289 3973 rodden-

747 3989 822 4039 dnm:
839 3989 962 4052 persequi
975 3989 1109 4051 cupiebant
1126 4005 1147 4040 s.
1165 3991 1290 4048 uolebant,

748 4058 782 4106 ob
799 4055 955 4122 imperfecti
978 4059 1108 4120 temporis
1125 4063 1290 4123 potestatem

748 4139 822 4185 eam,
837 4121 870 4173 de
884 4137 937 4188 qua
949 4123 985 4172 cI.
999 4129 1068 4173 nott.
1087 4125 1121 4175 ad
1133 4126 1158 4185 1,
1171 4125 1213 4176 00.
1244 4125 1290 4176 Sic

746 4196 822 4240 recte
847 4191 1043 4256 interpretatus
1071 4197 1114 4242 est
1137 4192 1230 4258 Poppo
1256 4193 1290 4243 ad

746 4257 899 4320 Thucydid.
917 4257 967 4316 IV,
985 4259 1018 4307 54
1036 4258 1079 4377 qP.
1095 4261 1145 4310 III.
1163 4260 1224 4309 Vol.
1237 4261 1288 4309 III.

747 4343 772 4390 p.
793 4323 862 4389 176).
898 4325 940 4375 Ad
962 4317 1014 4376 οάκ
1051 4342 1091 4376 ων
1113 4327 1184 4377 conf.
1207 4341 1290 4390 supra

746 4395 799 4457 IX,
813 4394 838 4443 2.
851 4394 888 4456 V,
903 4391 936 4444 30
949 4395 1042 4459 ibique
1056 4399 1124 4444 nott.
1153 4393 1289 4444 Diodorus
