2980 4978
273 461 334 523 486
681 453 994 516 communitum

273 629 364 701 quiin
381 631 458 680 tanta
474 643 564 680 rerum
585 625 776 680 vicissitudine
796 631 825 678 et
843 631 886 678 tot
900 625 1073 696 corruptelae
1085 625 1278 680 occasionibus
1295 643 1407 680 anuum

275 733 327 784 ope
349 713 508 767 schedarum
532 713 608 766 refici
624 712 728 782 possit,
752 711 801 764 sed
822 710 934 766 aliorum
951 712 1104 781 patrocinio
1126 717 1209 782 atque
1224 711 1323 765 auxilii
1345 729 1405 765 cou-

273 815 356 852 cursu
379 797 534 866 indigere.“
577 797 619 850 De
640 797 701 866 ipso
723 795 830 864 codice,
852 797 899 865 qui
924 797 1051 862 signatur
1067 799 1200 852 Medicam
1219 799 1326 868 primus
1343 799 1405 854 Hal.

274 883 357 938 LXX
374 886 431 940 eod.
456 886 498 937 lll
517 883 583 935 baec
603 882 718 952 scripsit
739 879 857 933 Bandini
880 880 908 934 in
931 881 1056 950 Catalog.
1075 881 1163 935 Codd.
1184 881 1249 934 bibl.
1273 883 1406 936 Laurent

273 969 350 1021 Tom.
370 969 406 1021 ΙΙ.
424 985 486 1038 pag.
501 971 568 1023 657:
598 967 704 1036 „codex
722 965 941 1019 membranaceus
958 965 1013 1026 Me,
1033 967 1060 1019 in
1079 967 1125 1022 iol.
1144 967 1241 1021 minori
1265 967 1407 1020 saeculill

273 1054 372 1124 optime
388 1059 516 1106 serratus
532 1069 591 1104 cum
607 1051 710 1104 notulis
724 1049 885 1122 quibusdem
902 1051 931 1103 in
951 1051 1086 1119 margins,
1110 1069 1158 1104 seu
1176 1051 1335 1105 summariis
1350 1052 1406 1104 cba-

273 1145 378 1192 ractere
393 1138 490 1190 minori
504 1137 553 1190 sed
568 1136 716 1207 quadrato,
736 1134 874 1204 nullisque
888 1136 1047 1189 nocentibus
1062 1153 1094 1188 ac
1108 1135 1254 1206 spiritibus
1270 1136 1407 1190 instructo

272 1223 407 1291 exaratis3
430 1223 503 1276 tituli
521 1239 586 1275 vero
602 1221 732 1274 librorum
748 1219 900 1274 uncialibus
915 1220 1003 1274 literis
1018 1221 1166 1292 aureisque
1181 1227 1248 1274 sunt
1262 1221 1407 1292 descripti.

273 1308 468 1362 correctiones
492 1307 623 1378 quaedam
644 1323 739 1359 manus
763 1305 845 1358 multo
867 1306 1030 1360 recentioris
1053 1312 1201 1360 occurrunt
1214 1305 1243 1358 in
1261 1305 1409 1377 principio,

273 1409 344 1464 quae
366 1393 465 1446 deinde
486 1393 514 1444 in
536 1407 687 1463 progressu
710 1392 781 1443 hunt
801 1391 931 1443 rariores.
974 1389 1093 1443 Constat
1114 1389 1188 1443 foliis
1212 1390 1330 1465 scriptis
1351 1395 1408 1446 374.

272 1478 406 1531 Continet
422 1478 463 1530 hic
478 1475 684 1530 vetustissimus
702 1475 787 1528 codex
803 1481 831 1528 et
845 1475 917 1528 omni
931 1475 1011 1528 laude
1026 1475 1111 1529 maior
1121 1475 1307 1528 Historiarum
1323 1477 1410 1529 Hero-

272 1562 329 1615 doti
344 1562 428 1614 libros
443 1561 482 1613 lx
496 1561 608 1614 totidem
624 1561 765 1614 Musarum
784 1559 935 1613 nominibus
951 1560 1131 1630 inscriptos.“
1152 1559 1212 1612 Hoc
1225 1559 1362 1614 iudicium
1380 1563 1412 1614 de

273 1647 442 1716 praestantia
457 1646 539 1698 huius
560 1645 677 1710 codicis,
702 1644 785 1696 unius
807 1651 880 1697 certe
902 1661 934 1696 ex
955 1643 1153 1714 antiquissimis
1174 1651 1202 1696 et
1216 1642 1412 1714 pulcherrimis

273 1731 414 1784 codicibus
429 1735 563 1802 quotquot
578 1729 606 1782 in
621 1729 804 1782 Mediceorum
820 1729 983 1783 bibliotheca
998 1735 1192 1796 asservantur,
1207 1729 1246 1780 ita
1262 1730 1414 1783 alfirrnarit

273 1833 362 1886 nuper
379 1815 477 1869 Abicbt
496 1815 538 1887 (in
553 1813 686 1882 Philolog.
701 1812 735 1866 Χ.
759 1831 784 1882 p.
801 1813 881 1880 201),
904 1819 935 1866 ut
957 1815 1039 1867 buius
1059 1813 1161 1868 codicis
1183 1814 1332 1884 primarias
1352 1835 1413 1870 esse

272 1907 366 1970 partes
390 1901 417 1953 in
440 1899 641 1952 constituendis
657 1897 790 1951 Herodoti
810 1899 903 1952 verbis
919 1906 947 1952 et
966 1899 1027 1968 ipse
1048 1900 1234 1969 profiteretur.
1271 1897 1414 1954 Omnibus

273 1986 316 2038 hic
332 1985 417 2038 codex
435 1989 511 2038 caret
531 1984 670 2037 literarum
687 1983 871 2052 compendiis:
899 1984 976 2054 ipsae
991 1983 1086 2037 literae
1105 1984 1174 2038 satis
1189 1999 1306 2053 magnae
1330 1995 1360 2040 et
1378 1987 1414 2038 ita

273 2071 418 2141 perspicue
436 2074 563 2122 exaratae
580 2075 660 2136 sunt,
685 2075 715 2120 ut
735 2068 824 2122 omnia
838 2069 918 2121 facile
933 2069 986 2137 legi
1001 2075 1117 2138 queunt:
1146 2085 1229 2121 unum
1244 2069 1272 2121 id
1288 2070 1414 2124 difficul-

273 2162 355 2208 tatem
371 2155 505 2225 quandam
521 2155 648 2224 praebet,
664 2154 754 2223 quod,
773 2170 832 2206 cum
848 2153 935 2207 omnis
953 2153 1025 2206 absit
1038 2153 1225 2222 interpunctio
1241 2169 1361 2226 unoque
1375 2165 1413 2209 te-

273 2259 340 2294 nore
356 2239 445 2292 omnia
465 2239 568 2308 scripta
584 2238 776 2305 inveniuntur,
801 2245 920 2291 extrema
936 2237 1012 2291 vocis
1028 2237 1144 2290 alicuius
1159 2237 1265 2306 syllaba
1281 2241 1415 2294 crebrius

272 2341 330 2378 cum
346 2324 475 2396 sequenti
492 2341 558 2376 voce
579 2323 725 2376 coniuncta
740 2322 887 2394 reperitur.
924 2323 992 2376 Inde
1007 2341 1023 2376 a
1037 2321 1085 2390 VI,
1100 2325 1134 2378 23
1149 2323 1202 2375 alia
1217 2340 1308 2394 eaque
1325 2327 1415 2378 minor

272 2427 367 2463 munus
383 2409 494 2480 incipit,
521 2426 570 2462 nec
585 2415 672 2462 temen
689 2407 1040 2478 multudiversaapriorir
1066 2407 1203 2464 scribendi
1218 2409 1319 2462 modus
1341 2428 1414 2464 unus

271 2495 406 2565 idemque.
449 2495 546 2564 ltaque
563 2493 637 2546 hicce
654 2493 755 2560 codex,
773 2492 837 2546 licet
852 2501 880 2546 et
893 2493 953 2564 ipse
965 2492 1069 2545 mendis
1080 2493 1152 2546 houd
1167 2499 1273 2560 careat,
1294 2495 1370 2549 adeo
1388 2505 1415 2548 at

272 2581 366 2646 „inter
377 2597 470 2632 omnes
484 2579 563 2632 codd.
576 2578 705 2631 malorum
718 2577 854 2647 pessimus
867 2579 925 2632 iere
940 2577 1081 2630 habendus
1098 2577 1168 2644 sit,“
1185 2579 1415 2648 quemadmodum

272 2665 375 2718 Strure
390 2664 445 2734 (De
461 2663 535 2716 exitu
552 2681 640 2716 rerss.
657 2663 684 2715 in
701 2662 796 2715 Nonui
809 2662 942 2734 Panopol.
959 2661 1124 2716 carminibus
1138 2679 1202 2732 pag.
1219 2664 1266 2730 17)
1283 2681 1415 2734 pronun-

272 2749 338 2816 tiat,
364 2747 408 2801 rix
429 2755 503 2800 recte
523 2747 568 2800 ille
591 2747 699 2818 quidem
714 2765 747 2800 ex
765 2765 822 2800 mea
843 2747 996 2816 sententia,
1017 2753 1105 2800 iernen
1122 2748 1239 2801 metaris
1255 2749 1415 2816 codicibus,

272 2831 319 2901 qui
335 2833 423 2885 adbuc
438 2832 543 2885 inverati
558 2839 586 2885 et
600 2832 703 2900 cogniti
715 2839 795 2900 sunt,
811 2831 922 2886 multum
938 2839 1062 2902 praestat
1076 2832 1226 2904 meritoque
1240 2833 1363 2904 primum
1378 2837 1416 2889 lo

272 2933 331 2969 cnm
349 2917 421 2969 inter
437 2917 544 2970 codices
558 2917 732 2969 Herodoteos
748 2917 872 2970 obtinere
885 2917 1031 2971 iudicatur.

356 3001 488 3071 Sequitur
503 3001 572 3054 ulter
584 3001 667 3054 codex
679 3004 848 3057 Florentiam
858 3003 929 3073 (R),
945 3003 1024 3055 cuius
1037 3018 1124 3068 usum,
1139 3007 1307 3072 procurante
1320 3003 1415 3060 Creu

273 3103 353 3154 sero,
369 3089 433 3140 liber
448 3087 519 3140 Horo
535 3090 567 3140 de
581 3087 777 3140 Schellerslreim
792 3087 1052 3156 Schweighaeusero
1070 3087 1221 3155 concessit,
1239 3089 1414 3144 membrana-

272 3187 337 3224 ceus
352 3171 477 3242 idemque
492 3171 710 3238 vetustissimus,
733 3177 764 3223 ut
780 3171 822 3225 rel
842 3172 980 3226 literarum
996 3172 1110 3240 ductus,
1132 3172 1287 3242 scripturae
1302 3176 1415 3242 modus,

272 3255 325 3309 alia
340 3257 408 3308 satis
424 3256 555 3312 indicant.
592 3255 717 3309 Eundem
732 3274 794 3311 esse
810 3257 940 3324 codicem,
959 3257 1038 3310 cuius
1055 3257 1233 3310 Montlsucon
1249 3257 1277 3310 in
1294 3259 1374 3314 Bibl.
1393 3263 1414 3314 l.

272 3359 298 3410 p.
316 3345 365 3394 lli
378 3340 412 3394 D.
436 3341 477 3393 his
501 3341 594 3394 verbis
613 3341 745 3394 meminit:
768 3342 883 3409 „Codex
899 3341 1049 3410 elegansll
1070 3341 1154 3395 seculi
1171 3343 1415 3399 membranaceus:

192 3437 193 3442 ’
270 3426 405 3479 Herodoti
422 3425 586 3494 historiae,“
603 3426 761 3498 suspicatur
776 3427 1069 3496 Schweighaeuserus‚
1087 3427 1134 3498 qui
1149 3427 1183 3480 de
1199 3427 1250 3480 hoc
1261 3429 1362 3483 codice
1376 3433 1416 3484 its

271 3510 521 3582 iudicatss‘reefat,
538 3511 607 3578 1‚·2.
629 3530 657 3581 p.
672 3510 813 3581 XXXVl):
837 3513 929 3580 „iisse
950 3513 1023 3564 hunc
1042 3511 1161 3566 codicem
1182 3530 1215 3565 ex
1236 3513 1331 3567 eadem
1353 3533 1415 3570 cum

274 3597 345 3650 Pars.
362 3597 422 3650 Aah.
445 3603 472 3648 et
490 3597 563 3650 mea.
579 3596 693 3662 familia,
717 3597 928 3664 electionibus,
950 3613 1020 3666 quas
1040 3597 1104 3650 inde
1124 3596 1306 3667 protulimus,
1327 3601 1415 3654 facile

271 3681 393 3752 adparet.
429 3682 488 3734 Nec
509 3699 575 3733 vero
595 3699 610 3734 e
631 3681 756 3734 Mediceo
779 3681 935 3753 descriptus
956 3688 1013 3746 est,
1039 3699 1098 3735 cum
1119 3699 1174 3754 quo
1195 3681 1228 3735 de
1249 3683 1413 3755 principatu

271 3765 350 3818 etiam
365 3765 475 3819 videtur
489 3765 655 3820 contendere
669 3784 768 3836 posse;
790 3768 838 3820 sed
856 3787 871 3820 e
887 3766 1039 3821 vetustiore
1056 3769 1132 3820 lonte
1146 3767 1290 3820 derivatus
1306 3773 1414 3838 probas

271 3850 368 3902 multas
385 3851 491 3919 profert
506 3849 654 3922 lectiones,
677 3851 724 3904 ubi
738 3855 786 3904 aut
801 3853 828 3904 in
845 3853 911 3905 vitio
927 3853 1021 3905 haeret
1036 3853 1194 3920 Mediceus,
1216 3859 1264 3905 aut
1277 3854 1325 3907 ubi
1344 3857 1414 3908 nihil

272 3941 375 3987 certes
393 3934 534 3987 Gronovio
557 3935 661 3990 ellled.
677 3937 810 4005 prolatum
831 3944 887 4004 est,
911 3938 984 4008 quod
1005 3955 1021 3989 a
1040 3937 1129 3990 mitius
1151 3938 1237 4007 proba
1258 3939 1413 4008 scriptura,

272 4035 342 4088 quae
359 4017 418 4070 olim
435 4019 546 4086 vulgata
560 4031 632 4088 erat,
650 4021 802 4074 discedat.“

356 4103 452 4155 Tertio
472 4103 530 4156 loco
553 4107 690 4174 posuerim
704 4108 813 4161 Askewir'
832 4125 854 4161 s.
871 4109 1006 4178 Suncrosti
1025 4107 1081 4179 (S.)
1098 4107 1216 4160 codicem
1235 4107 1412 4181 alterumque

271 4185 368 4240 librum
383 4189 533 4243 Gurdlnulr's
549 4191 681 4245 Passionei
695 4191 772 4264 (lb),
789 4201 933 4263 utrumque
947 4193 999 4245 iam
1015 4210 1030 4244 a
1045 4192 1230 4261 Wesselingio
1245 4193 1411 4262 adhibitum,

272 4271 319 4341 qui
335 4271 368 4324 de
378 4272 522 4326 Passionei
539 4273 608 4328 libro
624 4276 664 4328 sic
679 4277 775 4330 scribit
789 4278 816 4330 in
831 4277 952 4332 Praetut.
966 4297 993 4348 p.
1006 4277 1067 4331 XX:
1083 4277 1174 4346 „circa
1186 4277 1325 4332 saeculum
1339 4279 1410 4333 duo-

272 4355 401 4410 decimum
417 4359 444 4410 in
460 4359 552 4411 charta
567 4377 729 4430 pergamena
747 4363 781 4414 ab
800 4363 879 4415 docto
896 4363 987 4414 scribo
1010 4371 1139 4416 exaretur
1154 4369 1211 4430 est,
1234 4364 1410 4432 praestantii

272 4441 396 4495 Mediceo
413 4443 478 4495 nihil
496 4443 613 4512 cedens,
637 4463 719 4514 saepe
737 4447 900 4516 superior.“
935 4447 1011 4500 Alter
1028 4447 1099 4500 liber
1113 4447 1251 4502 Guilielmi
1265 4447 1407 4504 Sancrolti
