<?xml version="1.0" encoding="UTF-8"?>
<!DOCTYPE html PUBLIC "-//W3C//DTD XHTML 1.0 Transitional//EN"
    "http://www.w3.org/TR/xhtml1/DTD/xhtml1-transitional.dtd">
<html xmlns="http://www.w3.org/1999/xhtml" xml:lang="en" lang="en">
 <head>
  <title>
</title>
<meta http-equiv="Content-Type" content="text/html;charset=utf-8" />
  <meta name='ocr-system' content='tesseract 3.04.00' />
  <meta name='ocr-capabilities' content='ocr_page ocr_carea ocr_par ocr_line ocrx_word'/>
</head>
<body>
  <div class='ocr_page' id='page_1' title='image "./herodotihalicar02bhgoog/herodotihalicar02bhgoog_0022.png"; bbox 0 0 3040 4962; ppageno 0'>
   <div class='ocr_carea' id='block_1_1' title="bbox 531 377 1306 448">
    <p class='ocr_par' dir='ltr' id='par_1_1' title="bbox 531 377 1306 448">
     <span class='ocr_line' id='line_1_1' title="bbox 531 377 1306 448; baseline 0.014 -11"><span class='ocrx_word' id='word_1_1' title='bbox 531 377 733 440; x_wconf 65' lang='lat' dir='ltr'><strong>UllstNIA.</strong></span> <span class='ocrx_word' id='word_1_2' title='bbox 757 381 846 438; x_wconf 84' lang='lat' dir='ltr'><strong>VIII.</strong></span> <span class='ocrx_word' id='word_1_3' title='bbox 871 391 896 442; x_wconf 89' lang='grc'><strong>3.</strong></span> <span class='ocrx_word' id='word_1_4' title='bbox 919 389 944 440; x_wconf 80' lang='lat' dir='ltr'><strong>l.</strong></span> <span class='ocrx_word' id='word_1_5' title='bbox 1287 391 1306 448; x_wconf 99' lang='lat'><strong>7</strong></span> 
     </span>
    </p>
   </div>
   <div class='ocr_carea' id='block_1_2' title="bbox 111 537 1331 1048">
    <p class='ocr_par' dir='ltr' id='par_1_2' title="bbox 111 537 1331 1048">
     <span class='ocr_line' id='line_1_2' title="bbox 246 537 1331 645; baseline 0.012 -27"><span class='ocrx_word' id='word_1_6' title='bbox 246 546 325 618; x_wconf 86' lang='grc' dir='ltr'><strong><em>Τότε</em></strong></span> <span class='ocrx_word' id='word_1_7' title='bbox 345 548 381 618; x_wconf 79' lang='grc' dir='ltr'><strong><em>δὲ</em></strong></span> <span class='ocrx_word' id='word_1_8' title='bbox 399 537 492 617; x_wconf 79' lang='grc' dir='ltr'><strong><em>οὗτοι</em></strong></span> <span class='ocrx_word' id='word_1_9' title='bbox 509 553 544 617; x_wconf 81' lang='lat' dir='ltr'><strong>ol</strong></span> <span class='ocrx_word' id='word_1_10' title='bbox 559 550 614 618; x_wconf 79' lang='lat' dir='ltr'><strong>aul</strong></span> <span class='ocrx_word' id='word_1_11' title='bbox 634 544 687 620; x_wconf 85' lang='grc' dir='ltr'><strong>ἐπ’</strong></span> <span class='ocrx_word' id='word_1_12' title='bbox 704 545 908 640; x_wconf 79' lang='grc' dir='ltr'><strong><em>Ἀρτεμίσιον</em></strong></span> <span class='ocrx_word' id='word_1_13' title='bbox 921 547 1087 641; x_wconf 78' lang='grc' dir='ltr'><em>Ἑλλήνων</em></span> <span class='ocrx_word' id='word_1_14' title='bbox 1099 549 1331 645; x_wconf 83' lang='grc' dir='ltr'><strong><em>ἆπικόμενοι,4</em></strong></span> 
     </span>
     <span class='ocr_line' id='line_1_3' title="bbox 163 645 1305 778; baseline 0.006 -58"><span class='ocrx_word' id='word_1_15' title='bbox 163 645 209 731; x_wconf 74' lang='grc' dir='ltr'><strong>σὸς</strong></span> <span class='ocrx_word' id='word_1_16' title='bbox 229 649 319 719; x_wconf 85' lang='grc' dir='ltr'><strong><em>εἶδον</em></strong></span> <span class='ocrx_word' id='word_1_17' title='bbox 336 653 414 730; x_wconf 80' lang='grc' dir='ltr'><strong><em>νέας</em></strong></span> <span class='ocrx_word' id='word_1_18' title='bbox 431 677 467 718; x_wconf 90' lang='grc' dir='ltr'><strong>τε</strong></span> <span class='ocrx_word' id='word_1_19' title='bbox 485 647 606 730; x_wconf 81' lang='grc' dir='ltr'><strong><em>πολλὸς</em></strong></span> <span class='ocrx_word' id='word_1_20' title='bbox 624 656 876 740; x_wconf 79' lang='grc' dir='ltr'><strong><em>ααταχθείσας’</em></strong></span> <span class='ocrx_word' id='word_1_21' title='bbox 860 681 891 734; x_wconf 88' lang='grc' dir='ltr'><strong><em>ες</em></strong></span> <span class='ocrx_word' id='word_1_22' title='bbox 909 651 966 734; x_wconf 75' lang='grc' dir='ltr'><strong><em>τοὶς</em></strong></span> <span class='ocrx_word' id='word_1_23' title='bbox 981 651 1119 778; x_wconf 81' lang='grc' dir='ltr'><strong><em>Ἀφέτας</em></strong></span> <span class='ocrx_word' id='word_1_24' title='bbox 1138 659 1192 726; x_wconf 80' lang='grc' dir='ltr'><strong><em>καὶ</em></strong></span> <span class='ocrx_word' id='word_1_25' title='bbox 1209 678 1305 746; x_wconf 89' lang='grc' dir='ltr'><strong><em>στρα-</em></strong></span> 
     </span>
     <span class='ocr_line' id='line_1_4' title="bbox 111 747 1306 869; baseline 0.008 -49"><span class='ocrx_word' id='word_1_26' title='bbox 111 755 239 840; x_wconf 62' lang='lat' dir='ltr'><strong>blinds</strong></span> <span class='ocrx_word' id='word_1_27' title='bbox 253 747 383 821; x_wconf 78' lang='grc' dir='ltr'><strong><em>ἅπαντα</em></strong></span> <span class='ocrx_word' id='word_1_28' title='bbox 400 753 501 838; x_wconf 83' lang='grc' dir='ltr'><strong><em>πλέα,</em></strong></span> <span class='ocrx_word' id='word_1_29' title='bbox 528 753 599 820; x_wconf 77' lang='grc' dir='ltr'><strong><em>ἐπεὶ</em></strong></span> <span class='ocrx_word' id='word_1_30' title='bbox 617 748 747 822; x_wconf 79' lang='grc' dir='ltr'><strong><em>αὐτοῖσι</em></strong></span> <span class='ocrx_word' id='word_1_31' title='bbox 766 752 855 869; x_wconf 75' lang='grc' dir='ltr'><strong><em>παρὰ</em></strong></span> <span class='ocrx_word' id='word_1_32' title='bbox 873 753 1026 838; x_wconf 84' lang='grc' dir='ltr'><strong><em>δόξαν</em></strong></span> <span class='ocrx_word' id='word_1_33' title='bbox 990 786 1030 826; x_wconf 90' lang='grc' dir='ltr'><strong>τα</strong></span> <span class='ocrx_word' id='word_1_34' title='bbox 1047 755 1222 848; x_wconf 76' lang='grc' dir='ltr'><strong><em>πρήγματα</em></strong></span> <span class='ocrx_word' id='word_1_35' title='bbox 1239 788 1306 830; x_wconf 85' lang='grc' dir='ltr'><strong>των</strong></span> 
     </span>
     <span class='ocr_line' id='line_1_5' title="bbox 161 847 1304 984; baseline 0.008 -63"><span class='ocrx_word' id='word_1_36' title='bbox 161 850 344 942; x_wconf 80' lang='grc' dir='ltr'><strong><em>βαρβάρων</em></strong></span> <span class='ocrx_word' id='word_1_37' title='bbox 361 847 561 940; x_wconf 56' lang='lat' dir='ltr'><strong>dadoenus*</strong></span> <span class='ocrx_word' id='word_1_38' title='bbox 541 848 620 940; x_wconf 72' lang='grc' dir='ltr'><strong>ηὼς</strong></span> <span class='ocrx_word' id='word_1_39' title='bbox 639 851 733 924; x_wconf 82' lang='grc' dir='ltr'><strong><em>αὐτοι</em></strong></span> <span class='ocrx_word' id='word_1_40' title='bbox 723 853 952 927; x_wconf 77' lang='grc' dir='ltr'><strong><em>κατἐδόκεον</em></strong></span> <span class='ocrx_word' id='word_1_41' title='bbox 960 857 1304 984; x_wconf 80' lang='grc' dir='ltr'><strong><em>,καταρρωδήσαντες</em></strong></span> 
     </span>
     <span class='ocr_line' id='line_1_6' title="bbox 162 949 1301 1048; baseline 0.007 -24"><span class='ocrx_word' id='word_1_42' title='bbox 162 951 312 1046; x_wconf 79' lang='grc' dir='ltr'><strong><em>δρησμὸν</em></strong></span> <span class='ocrx_word' id='word_1_43' title='bbox 336 949 558 1043; x_wconf 79' lang='grc' dir='ltr'><strong><em>ἕβουλευον’</em></strong></span> <span class='ocrx_word' id='word_1_44' title='bbox 538 952 602 1023; x_wconf 84' lang='grc' dir='ltr'><strong><em>απὸ</em></strong></span> <span class='ocrx_word' id='word_1_45' title='bbox 626 958 687 1024; x_wconf 76' lang='grc' dir='ltr'><strong><em>τοῦ</em></strong></span> <span class='ocrx_word' id='word_1_46' title='bbox 707 951 912 1047; x_wconf 75' lang='grc' dir='ltr'><strong><em>Ἀρτεμισίου</em></strong></span> <span class='ocrx_word' id='word_1_47' title='bbox 937 965 1001 1028; x_wconf 84' lang='grc' dir='ltr'><strong>ἔσω</strong></span> <span class='ocrx_word' id='word_1_48' title='bbox 1022 963 1054 1040; x_wconf 81' lang='grc' dir='ltr'><strong>ἐς</strong></span> <span class='ocrx_word' id='word_1_49' title='bbox 1071 957 1132 1048; x_wconf 82' lang='grc' dir='ltr'><strong>τὴν</strong></span> <span class='ocrx_word' id='word_1_50' title='bbox 1150 955 1301 1032; x_wconf 77' lang='grc' dir='ltr'><strong><em>Ελλάδα.</em></strong></span> 
     </span>
    </p>
   </div>
   <div class='ocr_carea' id='block_1_3' title="bbox 157 1143 1305 1911">
    <p class='ocr_par' dir='ltr' id='par_1_3' title="bbox 157 1143 1305 1898">
     <span class='ocr_line' id='line_1_7' title="bbox 161 1143 1305 1232; baseline 0.006 -29"><span class='ocrx_word' id='word_1_51' title='bbox 161 1143 382 1232; x_wconf 68' lang='grc' dir='ltr'><strong><em>λαττανᾷρχήν.</em></strong></span> <span class='ocrx_word' id='word_1_52' title='bbox 400 1153 709 1205; x_wconf 77' lang='lat' dir='ltr'><strong>RectiusdiaissctDio-</strong></span> <span class='ocrx_word' id='word_1_53' title='bbox 761 1156 841 1219; x_wconf 91' lang='lat' dir='ltr'><strong>VIII,</strong></span> <span class='ocrx_word' id='word_1_54' title='bbox 867 1155 975 1218; x_wconf 90' lang='lat' dir='ltr'><strong>18fin.,</strong></span> <span class='ocrx_word' id='word_1_55' title='bbox 999 1158 1047 1208; x_wconf 88' lang='lat' dir='ltr'><strong>ubi</strong></span> <span class='ocrx_word' id='word_1_56' title='bbox 1070 1157 1166 1208; x_wconf 83' lang='lat' dir='ltr'><strong>eedem</strong></span> <span class='ocrx_word' id='word_1_57' title='bbox 1189 1161 1305 1226; x_wconf 86' lang='lat' dir='ltr'><strong>scriptu-</strong></span> 
     </span>
     <span class='ocr_line' id='line_1_8' title="bbox 162 1219 1305 1298; baseline 0.007 -28"><span class='ocrx_word' id='word_1_58' title='bbox 162 1221 246 1270; x_wconf 85' lang='lat' dir='ltr'><strong>dorus</strong></span> <span class='ocrx_word' id='word_1_59' title='bbox 254 1237 312 1298; x_wconf 81' lang='grc' dir='ltr'><strong>την</strong></span> <span class='ocrx_word' id='word_1_60' title='bbox 323 1219 491 1287; x_wconf 82' lang='grc' dir='ltr'><strong><em>ηγειιονιαν</em></strong></span> <span class='ocrx_word' id='word_1_61' title='bbox 503 1223 632 1280; x_wconf 73' lang='lat' dir='ltr'><strong>ducebam,</strong></span> <span class='ocrx_word' id='word_1_62' title='bbox 645 1238 708 1272; x_wconf 82' lang='lat' dir='ltr'><strong>nam</strong></span> <span class='ocrx_word' id='word_1_63' title='bbox 761 1239 808 1273; x_wconf 86' lang='lat' dir='ltr'><strong>rue</strong></span> <span class='ocrx_word' id='word_1_64' title='bbox 839 1225 994 1275; x_wconf 77' lang='lat' dir='ltr'><strong>diuersitas.</strong></span> <span class='ocrx_word' id='word_1_65' title='bbox 1030 1227 1099 1276; x_wconf 83' lang='lat' dir='ltr'><strong>Nem</strong></span> <span class='ocrx_word' id='word_1_66' title='bbox 1129 1226 1169 1275; x_wconf 89' lang='lat' dir='ltr'><strong>ibi</strong></span> <span class='ocrx_word' id='word_1_67' title='bbox 1199 1243 1305 1292; x_wconf 85' lang='lat' dir='ltr'><strong>quoque</strong></span> 
     </span>
     <span class='ocr_line' id='line_1_9' title="bbox 161 1280 1303 1356; baseline 0.005 -18"><span class='ocrx_word' id='word_1_68' title='bbox 161 1280 262 1353; x_wconf 87' lang='grc' dir='ltr'><strong><em>περΙ</em></strong></span> <span class='ocrx_word' id='word_1_69' title='bbox 242 1304 341 1353; x_wconf 83' lang='grc' dir='ltr'><strong><em>αρχης,</em></strong></span> <span class='ocrx_word' id='word_1_70' title='bbox 355 1290 406 1338; x_wconf 82' lang='lat' dir='ltr'><strong>de</strong></span> <span class='ocrx_word' id='word_1_71' title='bbox 398 1305 509 1354; x_wconf 76' lang='lat' dir='ltr'><strong>smperro</strong></span> <span class='ocrx_word' id='word_1_72' title='bbox 523 1289 638 1340; x_wconf 86' lang='lat' dir='ltr'><strong>necdum</strong></span> <span class='ocrx_word' id='word_1_73' title='bbox 649 1295 709 1339; x_wconf 85' lang='lat' dir='ltr'><strong>erat</strong></span> <span class='ocrx_word' id='word_1_74' title='bbox 760 1289 915 1356; x_wconf 84' lang='lat' dir='ltr'><strong>Schweigh</strong></span> <span class='ocrx_word' id='word_1_75' title='bbox 934 1299 962 1342; x_wconf 90' lang='lat' dir='ltr'><strong>et</strong></span> <span class='ocrx_word' id='word_1_76' title='bbox 976 1293 1064 1343; x_wconf 67' lang='grc' dir='ltr'><strong><em>(δοιοί</em></strong></span> <span class='ocrx_word' id='word_1_77' title='bbox 1081 1309 1142 1342; x_wconf 90' lang='lat' dir='ltr'><strong>curn</strong></span> <span class='ocrx_word' id='word_1_78' title='bbox 1155 1294 1303 1345; x_wconf 87' lang='lat' dir='ltr'><strong>Wesselin-</strong></span> 
     </span>
     <span class='ocr_line' id='line_1_10' title="bbox 160 1351 1305 1426; baseline 0.006 -21"><span class='ocrx_word' id='word_1_79' title='bbox 160 1363 209 1406; x_wconf 83' lang='lat' dir='ltr'><strong>aut</strong></span> <span class='ocrx_word' id='word_1_80' title='bbox 234 1371 295 1406; x_wconf 85' lang='lat' dir='ltr'><strong>esse</strong></span> <span class='ocrx_word' id='word_1_81' title='bbox 316 1361 425 1422; x_wconf 86' lang='lat' dir='ltr'><strong>poterat</strong></span> <span class='ocrx_word' id='word_1_82' title='bbox 443 1357 627 1407; x_wconf 79' lang='lat' dir='ltr'><strong>concertatio:</strong></span> <span class='ocrx_word' id='word_1_83' title='bbox 651 1358 706 1408; x_wconf 86' lang='lat' dir='ltr'><strong>vid.</strong></span> <span class='ocrx_word' id='word_1_84' title='bbox 760 1359 805 1424; x_wconf 87' lang='lat' dir='ltr'><strong>gio</strong></span> <span class='ocrx_word' id='word_1_85' title='bbox 832 1361 1004 1409; x_wconf 82' lang='lat' dir='ltr'><strong>retinuerunt</strong></span> <span class='ocrx_word' id='word_1_86' title='bbox 1032 1351 1196 1426; x_wconf 73' lang='grc' dir='ltr'><strong><em>ἐβούλευον.</em></strong></span> <span class='ocrx_word' id='word_1_87' title='bbox 1228 1365 1305 1413; x_wconf 84' lang='lat' dir='ltr'><strong>cuiue</strong></span> 
     </span>
     <span class='ocr_line' id='line_1_11' title="bbox 159 1423 1303 1504; baseline 0.006 -30"><span class='ocrx_word' id='word_1_88' title='bbox 159 1425 195 1474; x_wconf 85' lang='lat' dir='ltr'><strong>Is.</strong></span> <span class='ocrx_word' id='word_1_89' title='bbox 212 1423 598 1504; x_wconf 74' lang='lat' dir='ltr'><strong>Caseub.1nPolybpngllli</strong></span> <span class='ocrx_word' id='word_1_90' title='bbox 619 1425 706 1486; x_wconf 80' lang='lat' dir='ltr'><strong>Quam</strong></span> <span class='ocrx_word' id='word_1_91' title='bbox 758 1426 820 1476; x_wconf 88' lang='lat' dir='ltr'><strong>loco</strong></span> <span class='ocrx_word' id='word_1_92' title='bbox 844 1427 1010 1478; x_wconf 79' lang='lat' dir='ltr'><strong>Scheelerus</strong></span> <span class='ocrx_word' id='word_1_93' title='bbox 1040 1433 1068 1478; x_wconf 89' lang='lat' dir='ltr'><strong>et</strong></span> <span class='ocrx_word' id='word_1_94' title='bbox 1096 1433 1212 1479; x_wconf 73' lang='lat' dir='ltr'><strong>recenti.</strong></span> <span class='ocrx_word' id='word_1_95' title='bbox 1242 1430 1303 1480; x_wconf 91' lang='lat' dir='ltr'><strong>edd.</strong></span> 
     </span>
     <span class='ocr_line' id='line_1_12' title="bbox 159 1483 1305 1568; baseline 0.005 -27"><span class='ocrx_word' id='word_1_96' title='bbox 159 1497 329 1556; x_wconf 82' lang='lat' dir='ltr'><strong>acceperunt</strong></span> <span class='ocrx_word' id='word_1_97' title='bbox 342 1491 465 1542; x_wconf 83' lang='lat' dir='ltr'><strong>oblatam</strong></span> <span class='ocrx_word' id='word_1_98' title='bbox 481 1485 535 1558; x_wconf 80' lang='grc' dir='ltr'><strong>τὴν</strong></span> <span class='ocrx_word' id='word_1_99' title='bbox 548 1483 707 1568; x_wconf 77' lang='grc' dir='ltr'>ἡγεμονίην</span> <span class='ocrx_word' id='word_1_100' title='bbox 759 1485 952 1560; x_wconf 69' lang='grc' dir='ltr'><strong><em>ἐβουλεύοντο,</em></strong></span> <span class='ocrx_word' id='word_1_101' title='bbox 967 1495 1036 1559; x_wconf 90' lang='lat' dir='ltr'><strong>quod</strong></span> <span class='ocrx_word' id='word_1_102' title='bbox 1050 1497 1095 1545; x_wconf 85' lang='lat' dir='ltr'><strong>et&#39;</strong></span> <span class='ocrx_word' id='word_1_103' title='bbox 1088 1513 1175 1561; x_wconf 77' lang='lat' dir='ltr'><strong>ipsum</strong></span> <span class='ocrx_word' id='word_1_104' title='bbox 1188 1498 1305 1562; x_wconf 80' lang='lat' dir='ltr'><strong>praebet</strong></span> 
     </span>
     <span class='ocr_line' id='line_1_13' title="bbox 157 1553 1304 1625; baseline 0.004 -16"><span class='ocrx_word' id='word_1_105' title='bbox 157 1559 344 1610; x_wconf 76' lang='lat' dir='ltr'>Athenienses</span> <span class='ocrx_word' id='word_1_106' title='bbox 355 1560 426 1625; x_wconf 84' lang='lat' dir='ltr'><strong>apud</strong></span> <span class='ocrx_word' id='word_1_107' title='bbox 437 1561 615 1623; x_wconf 86' lang='lat' dir='ltr'><strong>Herodotum,</strong></span> <span class='ocrx_word' id='word_1_108' title='bbox 625 1553 707 1612; x_wconf 83' lang='grc' dir='ltr'><strong><em>οἱπεί-</em></strong></span> <span class='ocrx_word' id='word_1_109' title='bbox 758 1561 933 1612; x_wconf 80' lang='lat' dir='ltr'><strong>Florentinus</strong></span> <span class='ocrx_word' id='word_1_110' title='bbox 946 1563 1016 1612; x_wconf 89' lang='lat' dir='ltr'><strong>liber</strong></span> <span class='ocrx_word' id='word_1_111' title='bbox 1029 1578 1090 1612; x_wconf 88' lang='lat' dir='ltr'><strong>curn</strong></span> <span class='ocrx_word' id='word_1_112' title='bbox 1103 1564 1174 1613; x_wconf 87' lang='lat' dir='ltr'><strong>oliis.</strong></span> <span class='ocrx_word' id='word_1_113' title='bbox 1205 1565 1304 1614; x_wconf 87' lang='lat' dir='ltr'><strong>Nostro</strong></span> 
     </span>
     <span class='ocr_line' id='line_1_14' title="bbox 158 1618 1303 1696; baseline 0.004 -20"><span class='ocrx_word' id='word_1_114' title='bbox 158 1626 243 1677; x_wconf 83' lang='grc' dir='ltr'><strong><em>λοντο</em></strong></span> <span class='ocrx_word' id='word_1_115' title='bbox 271 1618 338 1684; x_wconf 79' lang='grc' dir='ltr'><strong>τούς</strong></span> <span class='ocrx_word' id='word_1_116' title='bbox 361 1625 625 1693; x_wconf 78' lang='grc' dir='ltr'><strong><em>Λακεδαιμονιους,</em></strong></span> <span class='ocrx_word' id='word_1_117' title='bbox 656 1643 706 1678; x_wconf 81' lang='lat' dir='ltr'><strong>sne</strong></span> <span class='ocrx_word' id='word_1_118' title='bbox 759 1645 787 1678; x_wconf 90' lang='lat' dir='ltr'><strong>1n</strong></span> <span class='ocrx_word' id='word_1_119' title='bbox 804 1629 865 1680; x_wconf 89' lang='lat' dir='ltr'><strong>loco</strong></span> <span class='ocrx_word' id='word_1_120' title='bbox 883 1631 952 1680; x_wconf 87' lang='lat' dir='ltr'>nihil</span> <span class='ocrx_word' id='word_1_121' title='bbox 971 1631 1074 1692; x_wconf 79' lang='lat' dir='ltr'><strong>obstat,</strong></span> <span class='ocrx_word' id='word_1_122' title='bbox 1094 1631 1164 1696; x_wconf 81' lang='lat' dir='ltr'><strong>qnod</strong></span> <span class='ocrx_word' id='word_1_123' title='bbox 1182 1647 1243 1681; x_wconf 89' lang='lat' dir='ltr'><strong>mox</strong></span> <span class='ocrx_word' id='word_1_124' title='bbox 1261 1648 1303 1681; x_wconf 85' lang='lat' dir='ltr'><strong>se-</strong></span> 
     </span>
     <span class='ocr_line' id='line_1_15' title="bbox 158 1692 1302 1789; baseline 0.004 -45"><span class='ocrx_word' id='word_1_125' title='bbox 158 1695 286 1744; x_wconf 89' lang='lat' dir='ltr'><strong>nimirum</strong></span> <span class='ocrx_word' id='word_1_126' title='bbox 299 1695 402 1744; x_wconf 86' lang='lat' dir='ltr'><strong>virtute</strong></span> <span class='ocrx_word' id='word_1_127' title='bbox 413 1696 587 1760; x_wconf 84' lang='lat' dir='ltr'><strong>virorumque</strong></span> <span class='ocrx_word' id='word_1_128' title='bbox 601 1697 706 1789; x_wconf 89' lang='lat' dir='ltr'><strong>prlnci-</strong></span> <span class='ocrx_word' id='word_1_129' title='bbox 759 1699 849 1762; x_wconf 84' lang='lat' dir='ltr'><strong>quitur</strong></span> <span class='ocrx_word' id='word_1_130' title='bbox 866 1692 1103 1762; x_wconf 63' lang='lat' dir='ltr'><strong>devicissemus,</strong></span> <span class='ocrx_word' id='word_1_131' title='bbox 1124 1715 1203 1778; x_wconf 77' lang='lat' dir='ltr'><strong>quupr</strong></span> <span class='ocrx_word' id='word_1_132' title='bbox 1216 1701 1302 1748; x_wconf 90' lang='lat' dir='ltr'><strong>Hero-</strong></span> 
     </span>
     <span class='ocr_line' id='line_1_16' title="bbox 159 1762 1302 1827; baseline 0.007 -19"><span class='ocrx_word' id='word_1_133' title='bbox 159 1777 225 1827; x_wconf 91' lang='lat' dir='ltr'><strong>pum</strong></span> <span class='ocrx_word' id='word_1_134' title='bbox 238 1763 343 1812; x_wconf 79' lang='lat' dir='ltr'><strong>artibus</strong></span> <span class='ocrx_word' id='word_1_135' title='bbox 358 1777 412 1812; x_wconf 90' lang='lat' dir='ltr'><strong>non</strong></span> <span class='ocrx_word' id='word_1_136' title='bbox 424 1762 608 1827; x_wconf 76' lang='lat' dir='ltr'><strong>ungamus</strong></span> <span class='ocrx_word' id='word_1_137' title='bbox 642 1763 705 1814; x_wconf 89' lang='lat' dir='ltr'><strong>Plu·</strong></span> <span class='ocrx_word' id='word_1_138' title='bbox 758 1765 838 1814; x_wconf 84' lang='lat' dir='ltr'><strong>dotus</strong></span> <span class='ocrx_word' id='word_1_139' title='bbox 861 1766 1009 1816; x_wconf 85' lang='lat' dir='ltr'><strong>eimilenr&#39;</strong></span> <span class='ocrx_word' id='word_1_140' title='bbox 1001 1782 1030 1815; x_wconf 86' lang='lat' dir='ltr'><strong>rn</strong></span> <span class='ocrx_word' id='word_1_141' title='bbox 1052 1767 1188 1815; x_wconf 87' lang='lat' dir='ltr'><strong>modum&#39;</strong></span> <span class='ocrx_word' id='word_1_142' title='bbox 1181 1782 1235 1816; x_wconf 87' lang='lat' dir='ltr'><strong>nnn</strong></span> <span class='ocrx_word' id='word_1_143' title='bbox 1259 1782 1302 1816; x_wconf 90' lang='lat' dir='ltr'><strong>su-</strong></span> 
     </span>
     <span class='ocr_line' id='line_1_17' title="bbox 158 1827 1303 1911; baseline 0.003 -31"><span class='ocrx_word' id='word_1_144' title='bbox 158 1831 236 1880; x_wconf 85' lang='lat' dir='ltr'><strong>ribus</strong></span> <span class='ocrx_word' id='word_1_145' title='bbox 259 1845 364 1894; x_wconf 87' lang='lat' dir='ltr'><strong>quoqne</strong></span> <span class='ocrx_word' id='word_1_146' title='bbox 388 1830 421 1880; x_wconf 90' lang='lat' dir='ltr'><strong>de</strong></span> <span class='ocrx_word' id='word_1_147' title='bbox 438 1830 483 1880; x_wconf 86' lang='lat' dir='ltr'><strong>his</strong></span> <span class='ocrx_word' id='word_1_148' title='bbox 500 1832 626 1895; x_wconf 80' lang='lat' dir='ltr'><strong>exposuit</strong></span> <span class='ocrx_word' id='word_1_149' title='bbox 642 1831 705 1881; x_wconf 89' lang='lat' dir='ltr'><strong>Plu·</strong></span> <span class='ocrx_word' id='word_1_150' title='bbox 758 1847 808 1896; x_wconf 86' lang='lat' dir='ltr'><strong>pru</strong></span> <span class='ocrx_word' id='word_1_151' title='bbox 820 1833 856 1892; x_wconf 91' lang='lat' dir='ltr'><strong>V,</strong></span> <span class='ocrx_word' id='word_1_152' title='bbox 873 1833 920 1882; x_wconf 79' lang='grc'><strong>121</strong></span> <span class='ocrx_word' id='word_1_153' title='bbox 934 1839 1047 1898; x_wconf 83' lang='lat' dir='ltr'><strong>utroque</strong></span> <span class='ocrx_word' id='word_1_154' title='bbox 1060 1834 1145 1883; x_wconf 86' lang='lat' dir='ltr'><strong>verbo</strong></span> <span class='ocrx_word' id='word_1_155' title='bbox 1164 1827 1303 1911; x_wconf 83' lang='grc' dir='ltr'><strong>(δρησμὸν</strong></span> 
     </span>
    </p>
   </div>
   <div class='ocr_carea' id='block_1_4' title="bbox 157 1871 1302 2300">
    <p class='ocr_par' dir='ltr' id='par_1_4' title="bbox 157 1871 1302 2300">
     <span class='ocr_line' id='line_1_18' title="bbox 157 1871 1302 2018; baseline 0.004 -71"><span class='ocrx_word' id='word_1_156' title='bbox 157 1897 248 1948; x_wconf 82' lang='lat' dir='ltr'><strong>tarch.</strong></span> <span class='ocrx_word' id='word_1_157' title='bbox 268 1898 322 1954; x_wconf 79' lang='lat' dir='ltr'><strong>Vll.</strong></span> <span class='ocrx_word' id='word_1_158' title='bbox 335 1897 447 1947; x_wconf 79' lang='lat' dir='ltr'><strong>Aristid.</strong></span> <span class='ocrx_word' id='word_1_159' title='bbox 466 1913 527 1962; x_wconf 85' lang='lat' dir='ltr'><strong>cap.</strong></span> <span class='ocrx_word' id='word_1_160' title='bbox 541 1898 582 1950; x_wconf 86' lang='grc'>23.</span> <span class='ocrx_word' id='word_1_161' title='bbox 645 1899 704 1962; x_wconf 79' lang='grc'>232,</span> <span class='ocrx_word' id='word_1_162' title='bbox 759 1871 972 2018; x_wconf 59' lang='grc' dir='ltr'><strong><em>ἐβουλενεέ-</em></strong></span> <span class='ocrx_word' id='word_1_163' title='bbox 938 1895 1159 1978; x_wconf 79' lang='grc' dir='ltr'><strong><em>-συγκαλὲοας</em></strong></span> <span class='ocrx_word' id='word_1_164' title='bbox 1176 1917 1242 1960; x_wconf 87' lang='grc' dir='ltr'><strong><em>τους</em></strong></span> <span class='ocrx_word' id='word_1_165' title='bbox 1255 1917 1302 1952; x_wconf 88' lang='grc' dir='ltr'><strong>συ</strong></span> 
     </span>
     <span class='ocr_line' id='line_1_19' title="bbox 159 1915 707 2042; baseline 0.007 -28"><span class='ocrx_word' id='word_1_166' title='bbox 159 1965 294 2030; x_wconf 87' lang='lat' dir='ltr'><strong>quomodo</strong></span> <span class='ocrx_word' id='word_1_167' title='bbox 315 1965 425 2014; x_wconf 84' lang='lat' dir='ltr'><strong>scilieet</strong></span> <span class='ocrx_word' id='word_1_168' title='bbox 442 1965 575 2016; x_wconf 76' lang='lat' dir='ltr'>Aristides</span> <span class='ocrx_word' id='word_1_169' title='bbox 599 1915 707 2042; x_wconf 45' lang='grc' dir='ltr'><strong><em>δίδαζῖε</em></strong></span> 
     </span>
     <span class='ocr_line' id='line_1_20' title="bbox 157 2023 707 2112; baseline 0.004 -30"><span class='ocrx_word' id='word_1_170' title='bbox 157 2023 707 2112; x_wconf 61' lang='grc' dir='ltr'><strong><em>τοῖνΛατεδαιμονίωνοὐχὸπλοις</em></strong></span> 
     </span>
     <span class='ocr_line' id='line_1_21' title="bbox 158 2090 706 2182; baseline 0.006 -32"><span class='ocrx_word' id='word_1_171' title='bbox 158 2090 229 2150; x_wconf 74' lang='grc' dir='ltr'><strong><em>ουδὲ</em></strong></span> <span class='ocrx_word' id='word_1_172' title='bbox 242 2097 345 2150; x_wconf 76' lang='lat' dir='ltr'><strong>cccclv</strong></span> <span class='ocrx_word' id='word_1_173' title='bbox 357 2090 424 2150; x_wconf 74' lang='grc' dir='ltr'><strong><em>οὐδ’</em></strong></span> <span class='ocrx_word' id='word_1_174' title='bbox 438 2097 552 2178; x_wconf 74' lang='grc' dir='ltr'><strong><em>ἴπνοις,</em></strong></span> <span class='ocrx_word' id='word_1_175' title='bbox 567 2116 706 2182; x_wconf 80' lang='grc' dir='ltr'><strong><em>ενγνωμο-</em></strong></span> 
     </span>
     <span class='ocr_line' id='line_1_22' title="bbox 157 2161 705 2235; baseline 0.004 -17"><span class='ocrx_word' id='word_1_176' title='bbox 157 2161 231 2232; x_wconf 78' lang='grc' dir='ltr'><strong><em>σὸνῃ</em></strong></span> <span class='ocrx_word' id='word_1_177' title='bbox 244 2161 277 2218; x_wconf 76' lang='grc' dir='ltr'><strong><em>δὲ</em></strong></span> <span class='ocrx_word' id='word_1_178' title='bbox 295 2165 345 2218; x_wconf 77' lang='grc' dir='ltr'><strong><em>καὶ</em></strong></span> <span class='ocrx_word' id='word_1_179' title='bbox 362 2167 493 2233; x_wconf 75' lang='grc' dir='ltr'><strong><em>πολιτείᾳ</em></strong></span> <span class='ocrx_word' id='word_1_180' title='bbox 509 2161 562 2234; x_wconf 72' lang='grc' dir='ltr'><strong>τὴν</strong></span> <span class='ocrx_word' id='word_1_181' title='bbox 579 2163 705 2235; x_wconf 78' lang='grc' dir='ltr'><strong><em>ἠγεμο-</em></strong></span> 
     </span>
     <span class='ocr_line' id='line_1_23' title="bbox 157 2221 514 2300; baseline 0 -14"><span class='ocrx_word' id='word_1_182' title='bbox 157 2233 245 2286; x_wconf 88' lang='grc' dir='ltr'><strong>νιάν</strong></span> <span class='ocrx_word' id='word_1_183' title='bbox 263 2221 514 2300; x_wconf 83' lang='grc' dir='ltr'><strong><em>παρελόμενὸς</em></strong></span> 
     </span>
    </p>
   </div>
   <div class='ocr_carea' id='block_1_5' title="bbox 340 2403 472 2456">
    <p class='ocr_par' dir='ltr' id='par_1_5' title="bbox 340 2403 472 2456">
     <span class='ocr_line' id='line_1_24' title="bbox 340 2403 472 2456; baseline 0 -2"><span class='ocrx_word' id='word_1_184' title='bbox 340 2403 406 2456; x_wconf 81' lang='lat' dir='ltr'><strong>Car.</strong></span> <span class='ocrx_word' id='word_1_185' title='bbox 425 2405 472 2454; x_wconf 93' lang='lat' dir='ltr'><strong>IV.</strong></span> 
     </span>
    </p>
   </div>
   <div class='ocr_carea' id='block_1_6' title="bbox 154 2497 705 3991">
    <p class='ocr_par' dir='ltr' id='par_1_6' title="bbox 154 2497 705 3518">
     <span class='ocr_line' id='line_1_25' title="bbox 191 2497 704 2573; baseline -0.002 -16"><span class='ocrx_word' id='word_1_186' title='bbox 191 2500 223 2558; x_wconf 80' lang='grc' dir='ltr'><strong>οἶ</strong></span> <span class='ocrx_word' id='word_1_187' title='bbox 239 2501 289 2556; x_wconf 77' lang='lat' dir='ltr'><strong>acl</strong></span> <span class='ocrx_word' id='word_1_188' title='bbox 307 2497 355 2556; x_wconf 71' lang='grc' dir='ltr'><strong>ἐπ’</strong></span> <span class='ocrx_word' id='word_1_189' title='bbox 370 2497 550 2573; x_wconf 75' lang='grc' dir='ltr'><strong><em>Ἀρτεμίσιον]</em></strong></span> <span class='ocrx_word' id='word_1_190' title='bbox 571 2506 623 2556; x_wconf 88' lang='lat' dir='ltr'><strong>Pro</strong></span> <span class='ocrx_word' id='word_1_191' title='bbox 645 2502 704 2566; x_wconf 74' lang='grc' dir='ltr'><strong><em>καὶ,</em></strong></span> 
     </span>
     <span class='ocr_line' id='line_1_26' title="bbox 158 2573 704 2640; baseline 0 -16"><span class='ocrx_word' id='word_1_192' title='bbox 158 2573 369 2640; x_wconf 76' lang='lat' dir='ltr'><strong>qundoquidem</strong></span> <span class='ocrx_word' id='word_1_193' title='bbox 384 2590 444 2624; x_wconf 89' lang='lat' dir='ltr'><strong>cnm</strong></span> <span class='ocrx_word' id='word_1_194' title='bbox 457 2579 575 2624; x_wconf 85' lang='lat' dir='ltr'><strong>recentt.</strong></span> <span class='ocrx_word' id='word_1_195' title='bbox 589 2574 648 2624; x_wconf 90' lang='lat' dir='ltr'><strong>edd.</strong></span> <span class='ocrx_word' id='word_1_196' title='bbox 663 2589 704 2624; x_wconf 89' lang='lat' dir='ltr'><strong>re·</strong></span> 
     </span>
     <span class='ocr_line' id='line_1_27' title="bbox 155 2641 704 2712; baseline -0.002 -20"><span class='ocrx_word' id='word_1_197' title='bbox 155 2645 258 2712; x_wconf 75' lang='lat' dir='ltr'><strong>vocevi</strong></span> <span class='ocrx_word' id='word_1_198' title='bbox 277 2641 382 2692; x_wconf 77' lang='lat' dir='ltr'><strong>olibrio</strong></span> <span class='ocrx_word' id='word_1_199' title='bbox 395 2643 519 2708; x_wconf 86' lang='lat' dir='ltr'><strong>scriptis,</strong></span> <span class='ocrx_word' id='word_1_200' title='bbox 538 2642 704 2692; x_wconf 79' lang='lat' dir='ltr'><strong>Sebeelerus</strong></span> 
     </span>
     <span class='ocr_line' id='line_1_28' title="bbox 157 2701 703 2776; baseline -0.002 -16"><span class='ocrx_word' id='word_1_201' title='bbox 157 2703 288 2776; x_wconf 82' lang='lat' dir='ltr'><strong>posuerat</strong></span> <span class='ocrx_word' id='word_1_202' title='bbox 308 2701 353 2767; x_wconf 78' lang='grc' dir='ltr'><strong><em>τὸς.</em></strong></span> <span class='ocrx_word' id='word_1_203' title='bbox 390 2710 454 2760; x_wconf 86' lang='lat' dir='ltr'><strong>Siue</strong></span> <span class='ocrx_word' id='word_1_204' title='bbox 477 2725 573 2771; x_wconf 82' lang='lat' dir='ltr'><strong>cunae,</strong></span> <span class='ocrx_word' id='word_1_205' title='bbox 599 2711 703 2774; x_wconf 86' lang='lat' dir='ltr'><strong>opinor.</strong></span> 
     </span>
     <span class='ocr_line' id='line_1_29' title="bbox 156 2747 705 2858; baseline -0.002 -30"><span class='ocrx_word' id='word_1_206' title='bbox 156 2781 197 2828; x_wconf 81' lang='lat' dir='ltr'><strong>Ae</strong></span> <span class='ocrx_word' id='word_1_207' title='bbox 222 2777 293 2826; x_wconf 90' lang='lat' dir='ltr'><strong>bene</strong></span> <span class='ocrx_word' id='word_1_208' title='bbox 318 2747 610 2858; x_wconf 80' lang='lat' dir='ltr'><strong>Schweighaeuserirs</strong></span> <span class='ocrx_word' id='word_1_209' title='bbox 623 2777 705 2827; x_wconf 77' lang='lat' dir='ltr'><strong>allent</strong></span> 
     </span>
     <span class='ocr_line' id='line_1_30' title="bbox 155 2837 705 2906; baseline 0 -12"><span class='ocrx_word' id='word_1_210' title='bbox 155 2845 293 2894; x_wconf 80' lang='lat' dir='ltr'><strong>Herodoti</strong></span> <span class='ocrx_word' id='word_1_211' title='bbox 311 2844 402 2894; x_wconf 85' lang='lat' dir='ltr'><strong>locnrn</strong></span> <span class='ocrx_word' id='word_1_212' title='bbox 417 2845 482 2905; x_wconf 85' lang='lat' dir='ltr'><strong>VII,</strong></span> <span class='ocrx_word' id='word_1_213' title='bbox 501 2844 549 2894; x_wconf 92' lang='grc'><strong>297</strong></span> <span class='ocrx_word' id='word_1_214' title='bbox 569 2838 610 2906; x_wconf 82' lang='lat' dir='ltr'><strong>(oi</strong></span> <span class='ocrx_word' id='word_1_215' title='bbox 627 2839 659 2894; x_wconf 76' lang='grc' dir='ltr'><strong><em>δὲ</em></strong></span> <span class='ocrx_word' id='word_1_216' title='bbox 674 2837 705 2895; x_wconf 76' lang='grc' dir='ltr'><strong><em>ἐν</em></strong></span> 
     </span>
     <span class='ocr_line' id='line_1_31' title="bbox 157 2901 704 2992; baseline 0.004 -32"><span class='ocrx_word' id='word_1_217' title='bbox 157 2903 357 2992; x_wconf 72' lang='grc' dir='ltr'><strong><em>Θερμοπύλῃσι</em></strong></span> <span class='ocrx_word' id='word_1_218' title='bbox 368 2901 547 2989; x_wconf 79' lang='grc' dir='ltr'><strong><em>Ελληνες-</em></strong></span> <span class='ocrx_word' id='word_1_219' title='bbox 516 2929 704 2988; x_wconf 78' lang='grc' dir='ltr'><strong><em>-νιαταρρω-</em></strong></span> 
     </span>
     <span class='ocr_line' id='line_1_32' title="bbox 156 2963 703 3046; baseline -0.002 -15"><span class='ocrx_word' id='word_1_220' title='bbox 156 2976 272 3037; x_wconf 78' lang='grc' dir='ltr'><strong><em>δέοντες</em></strong></span> <span class='ocrx_word' id='word_1_221' title='bbox 291 2963 476 3046; x_wconf 72' lang='grc' dir='ltr'><strong><em>ἐβουλεύοντο</em></strong></span> <span class='ocrx_word' id='word_1_222' title='bbox 494 2977 560 3041; x_wconf 85' lang='grc' dir='ltr'><strong><em>περΙ</em></strong></span> <span class='ocrx_word' id='word_1_223' title='bbox 578 2970 703 3030; x_wconf 78' lang='lat' dir='ltr'><strong>ninellu-</strong></span> 
     </span>
     <span class='ocr_line' id='line_1_33' title="bbox 156 3047 702 3128; baseline 0 -32"><span class='ocrx_word' id='word_1_224' title='bbox 156 3047 231 3112; x_wconf 74' lang='grc' dir='ltr'>γῆς),</span> <span class='ocrx_word' id='word_1_225' title='bbox 246 3047 281 3096; x_wconf 81' lang='lat' dir='ltr'><strong>ad</strong></span> <span class='ocrx_word' id='word_1_226' title='bbox 295 3063 374 3113; x_wconf 86' lang='lat' dir='ltr'><strong>quem</strong></span> <span class='ocrx_word' id='word_1_227' title='bbox 387 3063 458 3112; x_wconf 87' lang='lat' dir='ltr'><strong>quac</strong></span> <span class='ocrx_word' id='word_1_228' title='bbox 471 3047 522 3098; x_wconf 85' lang='lat' dir='ltr'><strong>hoc</strong></span> <span class='ocrx_word' id='word_1_229' title='bbox 536 3047 595 3098; x_wconf 89' lang='lat' dir='ltr'><strong>loce</strong></span> <span class='ocrx_word' id='word_1_230' title='bbox 608 3047 702 3128; x_wconf 83' lang='lat' dir='ltr'><strong>legun·</strong></span> 
     </span>
     <span class='ocr_line' id='line_1_34' title="bbox 155 3109 703 3191; baseline 0 -26"><span class='ocrx_word' id='word_1_231' title='bbox 155 3123 211 3176; x_wconf 82' lang='lat' dir='ltr'><strong>tur,</strong></span> <span class='ocrx_word' id='word_1_232' title='bbox 224 3116 389 3164; x_wconf 82' lang='lat' dir='ltr'><strong>reseruntur.</strong></span> <span class='ocrx_word' id='word_1_233' title='bbox 398 3141 430 3150; x_wconf 83' lang='lat'><em>-</em></span> <span class='ocrx_word' id='word_1_234' title='bbox 443 3115 483 3164; x_wconf 76' lang='lat' dir='ltr'><strong>Ad</strong></span> <span class='ocrx_word' id='word_1_235' title='bbox 496 3116 581 3165; x_wconf 83' lang='lat' dir='ltr'><strong>verba</strong></span> <span class='ocrx_word' id='word_1_236' title='bbox 589 3109 661 3191; x_wconf 81' lang='grc' dir='ltr'><strong><em>νέας</em></strong></span> <span class='ocrx_word' id='word_1_237' title='bbox 674 3130 703 3165; x_wconf 84' lang='grc' dir='ltr'><strong>τε</strong></span> 
     </span>
     <span class='ocr_line' id='line_1_35' title="bbox 155 3173 703 3248; baseline -0.002 -15"><span class='ocrx_word' id='word_1_238' title='bbox 155 3177 265 3240; x_wconf 79' lang='grc' dir='ltr'><strong><em>πολλὰς</em></strong></span> <span class='ocrx_word' id='word_1_239' title='bbox 278 3180 473 3248; x_wconf 78' lang='grc' dir='ltr'><strong><em>καταχθείσας</em></strong></span> <span class='ocrx_word' id='word_1_240' title='bbox 486 3174 558 3240; x_wconf 77' lang='grc' dir='ltr'><strong>ἐς</strong></span> <span class='ocrx_word' id='word_1_241' title='bbox 526 3199 577 3240; x_wconf 87' lang='grc' dir='ltr'><strong>τας</strong></span> <span class='ocrx_word' id='word_1_242' title='bbox 589 3173 703 3247; x_wconf 82' lang='grc' dir='ltr'><strong><em>Ἀφέτας</em></strong></span> 
     </span>
     <span class='ocr_line' id='line_1_36' title="bbox 157 3249 702 3316; baseline 0 -16"><span class='ocrx_word' id='word_1_243' title='bbox 157 3252 186 3313; x_wconf 84' lang='lat' dir='ltr'><strong>(i.</strong></span> <span class='ocrx_word' id='word_1_244' title='bbox 201 3267 226 3300; x_wconf 92' lang='lat' dir='ltr'><strong>e.</strong></span> <span class='ocrx_word' id='word_1_245' title='bbox 245 3265 331 3300; x_wconf 81' lang='lat' dir='ltr'><strong>neves</strong></span> <span class='ocrx_word' id='word_1_246' title='bbox 349 3249 464 3314; x_wconf 86' lang='lat' dir='ltr'><strong>multas,</strong></span> <span class='ocrx_word' id='word_1_247' title='bbox 484 3267 547 3316; x_wconf 83' lang='lat' dir='ltr'><strong>punc</strong></span> <span class='ocrx_word' id='word_1_248' title='bbox 564 3255 599 3300; x_wconf 86' lang='lat' dir='ltr'><strong>ad</strong></span> <span class='ocrx_word' id='word_1_249' title='bbox 616 3252 702 3314; x_wconf 83' lang='grc' dir='ltr'><strong><em>Αμλι-</em></strong></span> 
     </span>
     <span class='ocr_line' id='line_1_37' title="bbox 154 3318 701 3382; baseline 0 -14"><span class='ocrx_word' id='word_1_250' title='bbox 154 3325 196 3368; x_wconf 81' lang='grc' dir='ltr'><strong><em>Ιαε</em></strong></span> <span class='ocrx_word' id='word_1_251' title='bbox 214 3319 377 3382; x_wconf 77' lang='lat' dir='ltr'><strong>appulerant)</strong></span> <span class='ocrx_word' id='word_1_252' title='bbox 396 3319 469 3368; x_wconf 88' lang='lat' dir='ltr'><strong>conl.</strong></span> <span class='ocrx_word' id='word_1_253' title='bbox 486 3319 538 3376; x_wconf 88' lang='lat' dir='ltr'><strong>Vl,</strong></span> <span class='ocrx_word' id='word_1_254' title='bbox 561 3318 615 3368; x_wconf 93' lang='grc'>101.</span> <span class='ocrx_word' id='word_1_255' title='bbox 640 3319 701 3374; x_wconf 87' lang='lat' dir='ltr'><strong>VII,</strong></span> 
     </span>
     <span class='ocr_line' id='line_1_38' title="bbox 155 3355 703 3466; baseline 0 -30"><span class='ocrx_word' id='word_1_256' title='bbox 155 3385 211 3444; x_wconf 82' lang='grc'><strong>59(</strong></span> <span class='ocrx_word' id='word_1_257' title='bbox 202 3385 307 3466; x_wconf 70' lang='lat' dir='ltr'><strong>rbrqnc</strong></span> <span class='ocrx_word' id='word_1_258' title='bbox 321 3386 411 3446; x_wconf 90' lang='lat' dir='ltr'><strong>nott)</strong></span> <span class='ocrx_word' id='word_1_259' title='bbox 426 3387 497 3444; x_wconf 84' lang='lat' dir='ltr'><strong>VIII</strong></span> <span class='ocrx_word' id='word_1_260' title='bbox 511 3355 553 3436; x_wconf 72' lang='lat' dir='ltr'><strong>li)</strong></span> <span class='ocrx_word' id='word_1_261' title='bbox 566 3386 703 3448; x_wconf 76' lang='lat' dir='ltr'><strong>41.4·.’,et</strong></span> 
     </span>
     <span class='ocr_line' id='line_1_39' title="bbox 157 3423 675 3531; baseline -0.002 -28"><span class='ocrx_word' id='word_1_262' title='bbox 157 3455 192 3503; x_wconf 87' lang='lat' dir='ltr'><strong>ad</strong></span> <span class='ocrx_word' id='word_1_263' title='bbox 210 3445 322 3531; x_wconf 72' lang='grc' dir='ltr'><strong><em>ᾍφετας</em></strong></span> <span class='ocrx_word' id='word_1_264' title='bbox 336 3454 397 3514; x_wconf 89' lang='lat' dir='ltr'><strong>VII,</strong></span> <span class='ocrx_word' id='word_1_265' title='bbox 414 3452 461 3503; x_wconf 86' lang='grc'><strong>193</strong></span> <span class='ocrx_word' id='word_1_266' title='bbox 454 3454 566 3530; x_wconf 80' lang='lat' dir='ltr'>ibique</span> <span class='ocrx_word' id='word_1_267' title='bbox 579 3423 675 3503; x_wconf 76' lang='lat' dir='ltr'><strong>allati.</strong></span> 
     </span>
    </p>

    <p class='ocr_par' dir='ltr' id='par_1_7' title="bbox 155 3508 704 3842">
     <span class='ocr_line' id='line_1_40' title="bbox 190 3508 703 3587; baseline 0 -17"><span class='ocrx_word' id='word_1_268' title='bbox 190 3514 226 3570; x_wconf 81' lang='lat' dir='ltr'><strong>roi</strong></span> <span class='ocrx_word' id='word_1_269' title='bbox 239 3513 435 3587; x_wconf 79' lang='grc' dir='ltr'><strong><em>πρήγμαια-</em></strong></span> <span class='ocrx_word' id='word_1_270' title='bbox 447 3508 467 3587; x_wconf 80' lang='grc' dir='ltr'><em>ἢ</em></span> <span class='ocrx_word' id='word_1_271' title='bbox 478 3516 515 3578; x_wconf 80' lang='grc' dir='ltr'><strong>ὠς</strong></span> <span class='ocrx_word' id='word_1_272' title='bbox 529 3512 610 3570; x_wconf 74' lang='grc' dir='ltr'><strong><em>αὐτοὶ</em></strong></span> <span class='ocrx_word' id='word_1_273' title='bbox 624 3535 703 3570; x_wconf 84' lang='grc' dir='ltr'><strong><em>κατε-</em></strong></span> 
     </span>
     <span class='ocr_line' id='line_1_41' title="bbox 157 3581 703 3652; baseline 0 -14"><span class='ocrx_word' id='word_1_274' title='bbox 157 3581 272 3652; x_wconf 78' lang='grc' dir='ltr'><strong><em>δόκεον]</em></strong></span> <span class='ocrx_word' id='word_1_275' title='bbox 295 3589 401 3638; x_wconf 83' lang='lat' dir='ltr'><strong>Eadem</strong></span> <span class='ocrx_word' id='word_1_276' title='bbox 420 3589 478 3639; x_wconf 78' lang='lat' dir='ltr'><strong>fere</strong></span> <span class='ocrx_word' id='word_1_277' title='bbox 500 3588 603 3638; x_wconf 72' lang='lat' dir='ltr'><strong>locutio</strong></span> <span class='ocrx_word' id='word_1_278' title='bbox 621 3587 703 3650; x_wconf 88' lang='grc'>179,</span> 
     </span>
     <span class='ocr_line' id='line_1_42' title="bbox 155 3655 702 3707; baseline 0.002 -1"><span class='ocrx_word' id='word_1_279' title='bbox 155 3657 204 3706; x_wconf 90' lang='lat' dir='ltr'><strong>ubi</strong></span> <span class='ocrx_word' id='word_1_280' title='bbox 217 3655 273 3706; x_wconf 82' lang='lat' dir='ltr'><strong>vid.</strong></span> <span class='ocrx_word' id='word_1_281' title='bbox 303 3657 371 3706; x_wconf 82' lang='lat' dir='ltr'><strong>add.</strong></span> <span class='ocrx_word' id='word_1_282' title='bbox 383 3656 536 3706; x_wconf 82' lang='lat' dir='ltr'><strong>Stellbaum</strong></span> <span class='ocrx_word' id='word_1_283' title='bbox 548 3657 582 3705; x_wconf 87' lang='lat' dir='ltr'><strong>ad</strong></span> <span class='ocrx_word' id='word_1_284' title='bbox 592 3657 613 3705; x_wconf 79' lang='lat'><strong>1³</strong></span> <span class='ocrx_word' id='word_1_285' title='bbox 615 3655 702 3707; x_wconf 86' lang='lat' dir='ltr'><strong>laton.</strong></span> 
     </span>
     <span class='ocr_line' id='line_1_43' title="bbox 156 3723 704 3790; baseline -0.004 -16"><span class='ocrx_word' id='word_1_286' title='bbox 156 3724 261 3776; x_wconf 85' lang='lat' dir='ltr'><strong>Criton.</strong></span> <span class='ocrx_word' id='word_1_287' title='bbox 275 3740 336 3790; x_wconf 77' lang='lat' dir='ltr'><strong>cup.</strong></span> <span class='ocrx_word' id='word_1_288' title='bbox 347 3723 404 3775; x_wconf 77' lang='lat' dir='ltr'><strong>set</strong></span> <span class='ocrx_word' id='word_1_289' title='bbox 417 3723 453 3774; x_wconf 87' lang='lat' dir='ltr'><strong>el.</strong></span> <span class='ocrx_word' id='word_1_290' title='bbox 464 3723 575 3774; x_wconf 80' lang='lat' dir='ltr'><strong>Arnold</strong></span> <span class='ocrx_word' id='word_1_291' title='bbox 587 3724 622 3773; x_wconf 82' lang='lat' dir='ltr'><strong>nd</strong></span> <span class='ocrx_word' id='word_1_292' title='bbox 631 3724 704 3773; x_wconf 86' lang='lat' dir='ltr'><strong>Thu·</strong></span> 
     </span>
     <span class='ocr_line' id='line_1_44' title="bbox 156 3789 353 3856; baseline 0 -14"><span class='ocrx_word' id='word_1_293' title='bbox 156 3808 190 3856; x_wconf 82' lang='lat' dir='ltr'><strong>cy</strong></span> <span class='ocrx_word' id='word_1_294' title='bbox 193 3791 248 3841; x_wconf 87' lang='lat' dir='ltr'><strong>did.</strong></span> <span class='ocrx_word' id='word_1_295' title='bbox 261 3793 300 3846; x_wconf 91' lang='lat' dir='ltr'><strong>V.</strong></span> <span class='ocrx_word' id='word_1_296' title='bbox 312 3789 353 3842; x_wconf 94' lang='grc'><strong>95.</strong></span> 
     </span>
    </p>

    <p class='ocr_par' dir='ltr' id='par_1_8' title="bbox 156 3851 703 3991">
     <span class='ocr_line' id='line_1_45' title="bbox 192 3851 703 3934; baseline 0.004 -26"><span class='ocrx_word' id='word_1_297' title='bbox 192 3851 321 3934; x_wconf 79' lang='grc' dir='ltr'><strong><em>δρησμον</em></strong></span> <span class='ocrx_word' id='word_1_298' title='bbox 336 3851 500 3926; x_wconf 74' lang='grc' dir='ltr'><strong><em>ἐβούλευον]</em></strong></span> <span class='ocrx_word' id='word_1_299' title='bbox 520 3859 609 3926; x_wconf 84' lang='lat' dir='ltr'><strong>Vulgo</strong></span> <span class='ocrx_word' id='word_1_300' title='bbox 623 3851 703 3924; x_wconf 75' lang='grc' dir='ltr'><strong><em>ἐβου-</em></strong></span> 
     </span>
     <span class='ocr_line' id='line_1_46' title="bbox 156 3918 702 3991; baseline 0.002 -15"><span class='ocrx_word' id='word_1_301' title='bbox 156 3918 285 3989; x_wconf 76' lang='grc' dir='ltr'><strong><em>λεύοντο,</em></strong></span> <span class='ocrx_word' id='word_1_302' title='bbox 299 3927 371 3991; x_wconf 82' lang='lat' dir='ltr'><strong>quod</strong></span> <span class='ocrx_word' id='word_1_303' title='bbox 384 3926 550 3978; x_wconf 84' lang='lat' dir='ltr'><strong>Schaelerns</strong></span> <span class='ocrx_word' id='word_1_304' title='bbox 564 3935 591 3977; x_wconf 79' lang='lat' dir='ltr'><strong>et</strong></span> <span class='ocrx_word' id='word_1_305' title='bbox 604 3927 702 3977; x_wconf 79' lang='lat' dir='ltr'><strong>blatth.</strong></span> 
     </span>
    </p>
   </div>
   <div class='ocr_carea' id='block_1_7' title="bbox 753 1959 1304 3502">
    <p class='ocr_par' dir='ltr' id='par_1_9' title="bbox 753 1959 1304 3502">
     <span class='ocr_line' id='line_1_47' title="bbox 759 1959 1303 2049; baseline 0.002 -32"><span class='ocrx_word' id='word_1_306' title='bbox 759 1960 913 2026; x_wconf 73' lang='grc' dir='ltr'><strong><em>στασιώτας</em></strong></span> <span class='ocrx_word' id='word_1_307' title='bbox 926 1959 1137 2049; x_wconf 72' lang='grc' dir='ltr'><strong><em>ἐβουλεύετο</em></strong></span> <span class='ocrx_word' id='word_1_308' title='bbox 1151 1963 1249 2033; x_wconf 76' lang='grc' dir='ltr'><strong><em>λέγων)</em></strong></span> <span class='ocrx_word' id='word_1_309' title='bbox 1267 1970 1303 2019; x_wconf 85' lang='lat' dir='ltr'><strong>sit</strong></span> 
     </span>
     <span class='ocr_line' id='line_1_48' title="bbox 758 2036 1304 2101; baseline 0.004 -17"><span class='ocrx_word' id='word_1_310' title='bbox 758 2049 835 2098; x_wconf 85' lang='lat' dir='ltr'><strong>usne,</strong></span> <span class='ocrx_word' id='word_1_311' title='bbox 854 2036 925 2086; x_wconf 91' lang='lat' dir='ltr'><strong>bene</strong></span> <span class='ocrx_word' id='word_1_312' title='bbox 944 2037 1040 2101; x_wconf 87' lang='lat' dir='ltr'><strong>opinor</strong></span> <span class='ocrx_word' id='word_1_313' title='bbox 1057 2037 1129 2086; x_wconf 88' lang='lat' dir='ltr'><strong>inter</strong></span> <span class='ocrx_word' id='word_1_314' title='bbox 1141 2038 1261 2087; x_wconf 80' lang='lat' dir='ltr'><strong>activum</strong></span> <span class='ocrx_word' id='word_1_315' title='bbox 1275 2043 1304 2088; x_wconf 83' lang='lat' dir='ltr'><strong>et</strong></span> 
     </span>
     <span class='ocr_line' id='line_1_49' title="bbox 758 2074 1302 2169; baseline 0.004 -17"><span class='ocrx_word' id='word_1_316' title='bbox 758 2074 875 2152; x_wconf 78' lang='lat' dir='ltr'><strong>medinm</strong></span> <span class='ocrx_word' id='word_1_317' title='bbox 896 2104 1010 2154; x_wconf 82' lang='lat' dir='ltr'><strong>verbnm</strong></span> <span class='ocrx_word' id='word_1_318' title='bbox 1027 2105 1202 2154; x_wconf 86' lang='lat' dir='ltr'><strong>discernens.</strong></span> <span class='ocrx_word' id='word_1_319' title='bbox 1231 2106 1302 2169; x_wconf 91' lang='lat' dir='ltr'><strong>quod</strong></span> 
     </span>
     <span class='ocr_line' id='line_1_50' title="bbox 758 2169 1301 2236; baseline 0.002 -16"><span class='ocrx_word' id='word_1_320' title='bbox 758 2169 831 2220; x_wconf 88' lang='lat' dir='ltr'><strong>idem</strong></span> <span class='ocrx_word' id='word_1_321' title='bbox 849 2172 948 2220; x_wconf 77' lang='lat' dir='ltr'><strong>statuit</strong></span> <span class='ocrx_word' id='word_1_322' title='bbox 960 2172 1075 2222; x_wconf 86' lang='lat' dir='ltr'><strong>Bredov</strong></span> <span class='ocrx_word' id='word_1_323' title='bbox 1090 2187 1153 2236; x_wconf 82' lang='lat' dir='ltr'><strong>pag.</strong></span> <span class='ocrx_word' id='word_1_324' title='bbox 1168 2172 1209 2221; x_wconf 97' lang='grc'><strong>25.</strong></span> <span class='ocrx_word' id='word_1_325' title='bbox 1245 2174 1301 2222; x_wconf 81' lang='lat' dir='ltr'><strong>Ita-</strong></span> 
     </span>
     <span class='ocr_line' id='line_1_51' title="bbox 757 2233 1302 2354; baseline 0.004 -68"><span class='ocrx_word' id='word_1_326' title='bbox 757 2253 825 2354; x_wconf 82' lang='lat' dir='ltr'><strong>pue</strong></span> <span class='ocrx_word' id='word_1_327' title='bbox 840 2239 890 2289; x_wconf 91' lang='lat' dir='ltr'><strong>hoe</strong></span> <span class='ocrx_word' id='word_1_328' title='bbox 920 2238 981 2288; x_wconf 89' lang='lat' dir='ltr'><strong>loco</strong></span> <span class='ocrx_word' id='word_1_329' title='bbox 1017 2239 1143 2302; x_wconf 83' lang='lat' dir='ltr'><strong>equidem</strong></span> <span class='ocrx_word' id='word_1_330' title='bbox 1175 2233 1302 2304; x_wconf 84' lang='grc' dir='ltr'><strong><em>δρησμὸν</em></strong></span> 
     </span>
     <span class='ocr_line' id='line_1_52' title="bbox 773 2297 1301 2370; baseline 0.002 -16"><span class='ocrx_word' id='word_1_331' title='bbox 773 2297 911 2370; x_wconf 80' lang='grc' dir='ltr'><strong><em>βούλευον</em></strong></span> <span class='ocrx_word' id='word_1_332' title='bbox 923 2303 1100 2354; x_wconf 80' lang='lat' dir='ltr'><strong>reddiderim.</strong></span> <span class='ocrx_word' id='word_1_333' title='bbox 1114 2307 1301 2369; x_wconf 79' lang='lat' dir='ltr'><strong>copiladuntrle</strong></span> 
     </span>
     <span class='ocr_line' id='line_1_53' title="bbox 756 2373 1300 2436; baseline 0 -14"><span class='ocrx_word' id='word_1_334' title='bbox 756 2375 883 2436; x_wconf 75' lang='lat' dir='ltr'><strong>discessu,</strong></span> <span class='ocrx_word' id='word_1_335' title='bbox 910 2373 1042 2436; x_wconf 79' lang='grc' dir='ltr'><strong><em>αρίίαδααλ</em></strong></span> <span class='ocrx_word' id='word_1_336' title='bbox 1063 2374 1170 2422; x_wconf 81' lang='lat' dir='ltr'><strong>consilia</strong></span> <span class='ocrx_word' id='word_1_337' title='bbox 1193 2375 1225 2422; x_wconf 82' lang='lat' dir='ltr'><strong>de</strong></span> <span class='ocrx_word' id='word_1_338' title='bbox 1248 2375 1300 2422; x_wconf 82' lang='lat' dir='ltr'><strong>dis</strong></span> 
     </span>
     <span class='ocr_line' id='line_1_54' title="bbox 756 2410 1301 2505; baseline 0.002 -16"><span class='ocrx_word' id='word_1_339' title='bbox 756 2455 841 2496; x_wconf 80' lang='lat' dir='ltr'><strong>sessu,</strong></span> <span class='ocrx_word' id='word_1_340' title='bbox 856 2445 883 2488; x_wconf 87' lang='lat' dir='ltr'><strong>ct</strong></span> <span class='ocrx_word' id='word_1_341' title='bbox 876 2410 1117 2505; x_wconf 80' lang='grc' dir='ltr'><strong><em>βουλευομένους</em></strong></span> <span class='ocrx_word' id='word_1_342' title='bbox 1126 2437 1229 2489; x_wconf 71' lang='lat' dir='ltr'><strong>cedro:</strong></span> <span class='ocrx_word' id='word_1_343' title='bbox 1238 2441 1301 2490; x_wconf 84' lang='lat' dir='ltr'><strong>laec</strong></span> 
     </span>
     <span class='ocr_line' id='line_1_55' title="bbox 754 2508 1302 2572; baseline 0 -15"><span class='ocrx_word' id='word_1_344' title='bbox 754 2523 837 2557; x_wconf 86' lang='lat' dir='ltr'><strong>secum</strong></span> <span class='ocrx_word' id='word_1_345' title='bbox 849 2508 1032 2564; x_wconf 79' lang='lat' dir='ltr'><strong>deliberantes,</strong></span> <span class='ocrx_word' id='word_1_346' title='bbox 1049 2509 1112 2557; x_wconf 81' lang='lat' dir='ltr'><strong>llaec</strong></span> <span class='ocrx_word' id='word_1_347' title='bbox 1128 2511 1234 2557; x_wconf 80' lang='lat' dir='ltr'><strong>consilia</strong></span> <span class='ocrx_word' id='word_1_348' title='bbox 1249 2515 1302 2572; x_wconf 81' lang='grc' dir='ltr'><strong><em>αρι-</em></strong></span> 
     </span>
     <span class='ocr_line' id='line_1_56' title="bbox 755 2577 1302 2633; baseline 0 -9"><span class='ocrx_word' id='word_1_349' title='bbox 755 2581 840 2624; x_wconf 79' lang='lat' dir='ltr'><strong>rantes</strong></span> <span class='ocrx_word' id='word_1_350' title='bbox 852 2591 873 2626; x_wconf 86' lang='lat' dir='ltr'><strong>s.</strong></span> <span class='ocrx_word' id='word_1_351' title='bbox 887 2591 969 2624; x_wconf 81' lang='lat' dir='ltr'><strong>secum</strong></span> <span class='ocrx_word' id='word_1_352' title='bbox 982 2577 1070 2625; x_wconf 80' lang='lat' dir='ltr'><strong>animis</strong></span> <span class='ocrx_word' id='word_1_353' title='bbox 1081 2578 1217 2633; x_wconf 77' lang='lat' dir='ltr'><strong>volventes,</strong></span> <span class='ocrx_word' id='word_1_354' title='bbox 1231 2583 1262 2625; x_wconf 92' lang='lat' dir='ltr'><strong>ut</strong></span> <span class='ocrx_word' id='word_1_355' title='bbox 1275 2583 1302 2625; x_wconf 89' lang='lat' dir='ltr'><strong>et</strong></span> 
     </span>
     <span class='ocr_line' id='line_1_57' title="bbox 757 2641 1301 2692; baseline 0 0"><span class='ocrx_word' id='word_1_356' title='bbox 757 2643 842 2692; x_wconf 82' lang='lat' dir='ltr'><strong>activi</strong></span> <span class='ocrx_word' id='word_1_357' title='bbox 862 2647 889 2691; x_wconf 85' lang='lat' dir='ltr'><strong>el</strong></span> <span class='ocrx_word' id='word_1_358' title='bbox 902 2643 985 2692; x_wconf 89' lang='lat' dir='ltr'><strong>medii</strong></span> <span class='ocrx_word' id='word_1_359' title='bbox 996 2642 1074 2692; x_wconf 86' lang='lat' dir='ltr'><strong>verbi</strong></span> <span class='ocrx_word' id='word_1_360' title='bbox 1090 2641 1200 2692; x_wconf 79' lang='lat' dir='ltr'><strong>eluceat</strong></span> <span class='ocrx_word' id='word_1_361' title='bbox 1213 2645 1254 2692; x_wconf 84' lang='lat' dir='ltr'><strong>vis</strong></span> <span class='ocrx_word' id='word_1_362' title='bbox 1268 2659 1301 2692; x_wconf 89' lang='lat' dir='ltr'><strong>ac</strong></span> 
     </span>
     <span class='ocr_line' id='line_1_58' title="bbox 756 2711 1301 2774; baseline 0.002 -15"><span class='ocrx_word' id='word_1_363' title='bbox 756 2711 913 2760; x_wconf 83' lang='lat' dir='ltr'><strong>discrimen.</strong></span> <span class='ocrx_word' id='word_1_364' title='bbox 950 2711 1044 2774; x_wconf 86' lang='lat' dir='ltr'><strong>Neque</strong></span> <span class='ocrx_word' id='word_1_365' title='bbox 1063 2711 1118 2760; x_wconf 88' lang='lat' dir='ltr'><strong>alio</strong></span> <span class='ocrx_word' id='word_1_366' title='bbox 1135 2711 1213 2760; x_wconf 90' lang='lat' dir='ltr'><strong>modo</strong></span> <span class='ocrx_word' id='word_1_367' title='bbox 1232 2711 1301 2760; x_wconf 84' lang='lat' dir='ltr'><strong>alte·</strong></span> 
     </span>
     <span class='ocr_line' id='line_1_59' title="bbox 756 2777 1298 2843; baseline 0 -16"><span class='ocrx_word' id='word_1_368' title='bbox 756 2793 827 2838; x_wconf 89' lang='lat' dir='ltr'><strong>rum,</strong></span> <span class='ocrx_word' id='word_1_369' title='bbox 848 2793 927 2843; x_wconf 88' lang='lat' dir='ltr'><strong>quem</strong></span> <span class='ocrx_word' id='word_1_370' title='bbox 945 2779 1023 2828; x_wconf 88' lang='lat' dir='ltr'><strong>nrodo</strong></span> <span class='ocrx_word' id='word_1_371' title='bbox 1041 2777 1135 2840; x_wconf 86' lang='lat' dir='ltr'><strong>attuli,</strong></span> <span class='ocrx_word' id='word_1_372' title='bbox 1162 2777 1249 2828; x_wconf 88' lang='lat' dir='ltr'><strong>locum</strong></span> <span class='ocrx_word' id='word_1_373' title='bbox 1267 2779 1298 2839; x_wconf 94' lang='lat' dir='ltr'><strong>V,</strong></span> 
     </span>
     <span class='ocr_line' id='line_1_60' title="bbox 758 2846 1301 2911; baseline 0.002 -17"><span class='ocrx_word' id='word_1_374' title='bbox 758 2847 805 2895; x_wconf 84' lang='grc'><strong>121</strong></span> <span class='ocrx_word' id='word_1_375' title='bbox 819 2846 1054 2911; x_wconf 76' lang='lat' dir='ltr'><strong>interpretandum</strong></span> <span class='ocrx_word' id='word_1_376' title='bbox 1067 2861 1127 2895; x_wconf 88' lang='lat' dir='ltr'><strong>esse</strong></span> <span class='ocrx_word' id='word_1_377' title='bbox 1139 2861 1248 2902; x_wconf 82' lang='lat' dir='ltr'><strong>censeo.</strong></span> <span class='ocrx_word' id='word_1_378' title='bbox 1261 2847 1301 2895; x_wconf 90' lang='lat' dir='ltr'><strong>in-</strong></span> 
     </span>
     <span class='ocr_line' id='line_1_61' title="bbox 756 2914 1299 2977; baseline 0 -15"><span class='ocrx_word' id='word_1_379' title='bbox 756 2915 843 2977; x_wconf 88' lang='lat' dir='ltr'><strong>deque</strong></span> <span class='ocrx_word' id='word_1_380' title='bbox 861 2918 938 2963; x_wconf 86' lang='lat' dir='ltr'><strong>recte</strong></span> <span class='ocrx_word' id='word_1_381' title='bbox 952 2914 1072 2963; x_wconf 79' lang='lat' dir='ltr'><strong>activum</strong></span> <span class='ocrx_word' id='word_1_382' title='bbox 1085 2914 1198 2963; x_wconf 86' lang='lat' dir='ltr'><strong>verbum</strong></span> <span class='ocrx_word' id='word_1_383' title='bbox 1218 2931 1235 2962; x_wconf 89' lang='lat' dir='ltr'><strong>a</strong></span> <span class='ocrx_word' id='word_1_384' title='bbox 1247 2915 1299 2963; x_wconf 92' lang='lat' dir='ltr'><strong>No-</strong></span> 
     </span>
     <span class='ocr_line' id='line_1_62' title="bbox 755 2979 1300 3042; baseline -0.002 -11"><span class='ocrx_word' id='word_1_385' title='bbox 755 2986 811 3031; x_wconf 89' lang='lat' dir='ltr'><strong>stro</strong></span> <span class='ocrx_word' id='word_1_386' title='bbox 823 2981 947 3030; x_wconf 89' lang='lat' dir='ltr'><strong>adhiberi</strong></span> <span class='ocrx_word' id='word_1_387' title='bbox 959 2981 1084 3031; x_wconf 79' lang='lat' dir='ltr'><strong>existimo</strong></span> <span class='ocrx_word' id='word_1_388' title='bbox 1094 2981 1171 3042; x_wconf 90' lang='lat' dir='ltr'><strong>VIII,</strong></span> <span class='ocrx_word' id='word_1_389' title='bbox 1186 2979 1215 3030; x_wconf 81' lang='lat'><strong>18</strong></span> <span class='ocrx_word' id='word_1_390' title='bbox 1225 2981 1300 3030; x_wconf 84' lang='lat' dir='ltr'><strong>nliis·</strong></span> 
     </span>
     <span class='ocr_line' id='line_1_63' title="bbox 756 3048 1298 3114; baseline 0.002 -18"><span class='ocrx_word' id='word_1_391' title='bbox 756 3065 807 3114; x_wconf 89' lang='lat' dir='ltr'><strong>que</strong></span> <span class='ocrx_word' id='word_1_392' title='bbox 825 3048 906 3098; x_wconf 88' lang='lat' dir='ltr'><strong>huius</strong></span> <span class='ocrx_word' id='word_1_393' title='bbox 922 3049 986 3098; x_wconf 88' lang='lat' dir='ltr'><strong>libri</strong></span> <span class='ocrx_word' id='word_1_394' title='bbox 1003 3050 1073 3099; x_wconf 89' lang='lat' dir='ltr'><strong>locis</strong></span> <span class='ocrx_word' id='word_1_395' title='bbox 1095 3063 1179 3114; x_wconf 85' lang='lat' dir='ltr'><strong>supra</strong></span> <span class='ocrx_word' id='word_1_396' title='bbox 1197 3049 1298 3110; x_wconf 83' lang='lat' dir='ltr'><strong>ailulis,</strong></span> 
     </span>
     <span class='ocr_line' id='line_1_64' title="bbox 755 3115 1300 3194; baseline -0.002 -28"><span class='ocrx_word' id='word_1_397' title='bbox 755 3117 853 3180; x_wconf 86' lang='lat' dir='ltr'><strong>quibus</strong></span> <span class='ocrx_word' id='word_1_398' title='bbox 871 3115 915 3166; x_wconf 88' lang='lat' dir='ltr'><strong>vel</strong></span> <span class='ocrx_word' id='word_1_399' title='bbox 928 3115 1071 3166; x_wconf 83' lang='lat' dir='ltr'><strong>Plutarchi</strong></span> <span class='ocrx_word' id='word_1_400' title='bbox 1088 3117 1132 3166; x_wconf 85' lang='lat' dir='ltr'><strong>loe</strong></span> <span class='ocrx_word' id='word_1_401' title='bbox 1134 3131 1164 3166; x_wconf 88' lang='lat' dir='ltr'><strong>us</strong></span> <span class='ocrx_word' id='word_1_402' title='bbox 1178 3117 1241 3166; x_wconf 86' lang='lat' dir='ltr'><strong>addi</strong></span> <span class='ocrx_word' id='word_1_403' title='bbox 1250 3133 1300 3194; x_wconf 94' lang='lat' dir='ltr'><strong>po·</strong></span> 
     </span>
     <span class='ocr_line' id='line_1_65' title="bbox 753 3179 1300 3266; baseline 0.002 -34"><span class='ocrx_word' id='word_1_404' title='bbox 753 3190 811 3232; x_wconf 81' lang='lat' dir='ltr'><strong>test</strong></span> <span class='ocrx_word' id='word_1_405' title='bbox 833 3185 861 3232; x_wconf 91' lang='lat' dir='ltr'><strong>in</strong></span> <span class='ocrx_word' id='word_1_406' title='bbox 882 3183 937 3232; x_wconf 87' lang='lat' dir='ltr'><strong>Vit.</strong></span> <span class='ocrx_word' id='word_1_407' title='bbox 955 3185 1039 3233; x_wconf 85' lang='lat' dir='ltr'><strong>Mnrii</strong></span> <span class='ocrx_word' id='word_1_408' title='bbox 1063 3199 1123 3249; x_wconf 88' lang='lat' dir='ltr'><strong>cap.</strong></span> <span class='ocrx_word' id='word_1_409' title='bbox 1149 3183 1179 3233; x_wconf 89' lang='grc'>19</span> <span class='ocrx_word' id='word_1_410' title='bbox 1201 3179 1300 3266; x_wconf 73' lang='grc' dir='ltr'><strong><em>αρνφρι</em></strong></span> 
     </span>
     <span class='ocr_line' id='line_1_66' title="bbox 754 3242 1299 3314; baseline 0 -14"><span class='ocrx_word' id='word_1_411' title='bbox 754 3244 787 3300; x_wconf 70' lang='grc' dir='ltr'><strong><em>δὲ</em></strong></span> <span class='ocrx_word' id='word_1_412' title='bbox 805 3245 983 3314; x_wconf 75' lang='grc' dir='ltr'><strong><em>βουλεύων</em></strong></span> <span class='ocrx_word' id='word_1_413' title='bbox 1002 3249 1162 3314; x_wconf 83' lang='grc' dir='ltr'><strong><em>προδοσίαν</em></strong></span> <span class='ocrx_word' id='word_1_414' title='bbox 1186 3242 1219 3301; x_wconf 69' lang='grc' dir='ltr'><strong><em>ἔτι</em></strong></span> <span class='ocrx_word' id='word_1_415' title='bbox 1250 3267 1299 3302; x_wconf 92' lang='grc' dir='ltr'><strong><em>αυ-</em></strong></span> 
     </span>
     <span class='ocr_line' id='line_1_67' title="bbox 753 3311 1300 3384; baseline 0 -16"><span class='ocrx_word' id='word_1_416' title='bbox 753 3335 804 3382; x_wconf 84' lang='grc' dir='ltr'><strong>τῳ,</strong></span> <span class='ocrx_word' id='word_1_417' title='bbox 828 3324 855 3368; x_wconf 86' lang='lat' dir='ltr'><strong>et</strong></span> <span class='ocrx_word' id='word_1_418' title='bbox 868 3319 1028 3384; x_wconf 81' lang='grc' dir='ltr'><strong><em>Εαείρίδὶο</em></strong></span> <span class='ocrx_word' id='word_1_419' title='bbox 1022 3335 1050 3367; x_wconf 90' lang='lat' dir='ltr'>m</span> <span class='ocrx_word' id='word_1_420' title='bbox 1063 3319 1170 3368; x_wconf 87' lang='lat' dir='ltr'><strong>Hecnb</strong></span> <span class='ocrx_word' id='word_1_421' title='bbox 1180 3317 1230 3367; x_wconf 81' lang='grc'><strong>856</strong></span> <span class='ocrx_word' id='word_1_422' title='bbox 1248 3311 1300 3382; x_wconf 81' lang='grc' dir='ltr'><strong>φό-</strong></span> 
     </span>
     <span class='ocr_line' id='line_1_68' title="bbox 754 3385 1298 3450; baseline -0.004 -14"><span class='ocrx_word' id='word_1_423' title='bbox 754 3401 805 3436; x_wconf 92' lang='grc' dir='ltr'><strong>νον</strong></span> <span class='ocrx_word' id='word_1_424' title='bbox 823 3385 988 3450; x_wconf 82' lang='grc' dir='ltr'><strong><em>βουλεδσαι,</em></strong></span> <span class='ocrx_word' id='word_1_425' title='bbox 1015 3386 1077 3435; x_wconf 85' lang='grc' dir='ltr'>οοΙΙ</span> <span class='ocrx_word' id='word_1_426' title='bbox 1095 3385 1146 3434; x_wconf 90' lang='grc'><strong>870</strong></span> <span class='ocrx_word' id='word_1_427' title='bbox 1168 3390 1195 3433; x_wconf 83' lang='lat' dir='ltr'><strong>et</strong></span> <span class='ocrx_word' id='word_1_428' title='bbox 1216 3385 1298 3434; x_wconf 83' lang='lat' dir='ltr'><strong>Rhes.</strong></span> 
     </span>
     <span class='ocr_line' id='line_1_69' title="bbox 753 3451 1299 3502; baseline -0.006 -1"><span class='ocrx_word' id='word_1_429' title='bbox 753 3452 816 3502; x_wconf 91' lang='grc'>951·</span> <span class='ocrx_word' id='word_1_430' title='bbox 840 3454 957 3502; x_wconf 87' lang='lat' dir='ltr'><strong>medium</strong></span> <span class='ocrx_word' id='word_1_431' title='bbox 976 3453 1087 3502; x_wconf 85' lang='lat' dir='ltr'><strong>verbnm</strong></span> <span class='ocrx_word' id='word_1_432' title='bbox 1106 3452 1205 3500; x_wconf 85' lang='lat' dir='ltr'><strong>Noster</strong></span> <span class='ocrx_word' id='word_1_433' title='bbox 1223 3451 1299 3499; x_wconf 89' lang='lat' dir='ltr'><strong>adhi-</strong></span> 
     </span>
    </p>
   </div>
   <div class='ocr_carea' id='block_1_8' title="bbox 751 3509 1300 3991">
    <p class='ocr_par' dir='ltr' id='par_1_10' title="bbox 754 3509 1299 3991">
     <span class='ocr_line' id='line_1_70' title="bbox 754 3509 1298 3578; baseline -0.002 -9"><span class='ocrx_word' id='word_1_434' title='bbox 754 3521 858 3578; x_wconf 69' lang='lat' dir='ltr'><strong>nativ,</strong></span> <span class='ocrx_word' id='word_1_435' title='bbox 871 3520 912 3570; x_wconf 88' lang='grc'><strong>35.</strong></span> <span class='ocrx_word' id='word_1_436' title='bbox 926 3521 985 3578; x_wconf 85' lang='grc' dir='ltr'>ΙΙΙΙ,</span> <span class='ocrx_word' id='word_1_437' title='bbox 999 3519 1059 3566; x_wconf 86' lang='grc'>207.</span> <span class='ocrx_word' id='word_1_438' title='bbox 1073 3519 1147 3576; x_wconf 83' lang='lat' dir='ltr'><strong>VIII,</strong></span> <span class='ocrx_word' id='word_1_439' title='bbox 1163 3518 1187 3567; x_wconf 88' lang='lat'><strong>7.</strong></span> <span class='ocrx_word' id='word_1_440' title='bbox 1201 3516 1243 3568; x_wconf 83' lang='grc'>30.</span> <span class='ocrx_word' id='word_1_441' title='bbox 1257 3509 1298 3568; x_wconf 90' lang='grc'><strong>75.</strong></span> 
     </span>
     <span class='ocr_line' id='line_1_71' title="bbox 756 3584 1300 3648; baseline -0.004 -12"><span class='ocrx_word' id='word_1_442' title='bbox 756 3589 809 3648; x_wconf 85' lang='grc'>111,</span> <span class='ocrx_word' id='word_1_443' title='bbox 835 3587 896 3645; x_wconf 88' lang='grc'>109;</span> <span class='ocrx_word' id='word_1_444' title='bbox 927 3587 989 3636; x_wconf 85' lang='lat' dir='ltr'><strong>adtl.</strong></span> <span class='ocrx_word' id='word_1_445' title='bbox 1013 3591 1082 3635; x_wconf 83' lang='lat' dir='ltr'><strong>nott.</strong></span> <span class='ocrx_word' id='word_1_446' title='bbox 1108 3585 1143 3634; x_wconf 88' lang='lat' dir='ltr'><strong>ad</strong></span> <span class='ocrx_word' id='word_1_447' title='bbox 1166 3585 1215 3642; x_wconf 90' lang='lat' dir='ltr'><strong>1v.</strong></span> <span class='ocrx_word' id='word_1_448' title='bbox 1243 3584 1300 3634; x_wconf 91' lang='grc'>129.</span> 
     </span>
     <span class='ocr_line' id='line_1_72' title="bbox 755 3645 1298 3721; baseline -0.002 -16"><span class='ocrx_word' id='word_1_449' title='bbox 755 3657 848 3721; x_wconf 84' lang='lat' dir='ltr'><strong>Ipsam</strong></span> <span class='ocrx_word' id='word_1_450' title='bbox 864 3669 961 3704; x_wconf 85' lang='lat' dir='ltr'><strong>vocem</strong></span> <span class='ocrx_word' id='word_1_451' title='bbox 981 3645 1120 3718; x_wconf 86' lang='grc' dir='ltr'><strong><em>δρησμὸν,</em></strong></span> <span class='ocrx_word' id='word_1_452' title='bbox 1141 3667 1194 3718; x_wconf 81' lang='lat' dir='ltr'><strong>qun</strong></span> <span class='ocrx_word' id='word_1_453' title='bbox 1212 3653 1298 3704; x_wconf 86' lang='lat' dir='ltr'><strong>llere-</strong></span> 
     </span>
     <span class='ocr_line' id='line_1_73' title="bbox 755 3721 1299 3773; baseline 0 -1"><span class='ocrx_word' id='word_1_454' title='bbox 755 3723 878 3773; x_wconf 87' lang='lat' dir='ltr'><strong>dotush</strong></span> <span class='ocrx_word' id='word_1_455' title='bbox 897 3721 915 3770; x_wconf 90' lang='lat' dir='ltr'><strong>l.</strong></span> <span class='ocrx_word' id='word_1_456' title='bbox 933 3721 1018 3770; x_wconf 85' lang='lat' dir='ltr'><strong>utitur</strong></span> <span class='ocrx_word' id='word_1_457' title='bbox 1035 3723 1210 3771; x_wconf 78' lang='lat' dir='ltr'><strong>discessurus.</strong></span> <span class='ocrx_word' id='word_1_458' title='bbox 1230 3739 1299 3772; x_wconf 80' lang='lat' dir='ltr'><strong>rece-</strong></span> 
     </span>
     <span class='ocr_line' id='line_1_74' title="bbox 751 3789 1299 3856; baseline -0.004 -15.914"><span class='ocrx_word' id='word_1_459' title='bbox 751 3799 822 3856; x_wconf 79' lang='lat' dir='ltr'><strong>ptum</strong></span> <span class='ocrx_word' id='word_1_460' title='bbox 841 3789 1007 3839; x_wconf 79' lang='lat' dir='ltr'><strong>Graecorum</strong></span> <span class='ocrx_word' id='word_1_461' title='bbox 1030 3790 1064 3839; x_wconf 80' lang='lat' dir='ltr'><strong>ab</strong></span> <span class='ocrx_word' id='word_1_462' title='bbox 1082 3791 1229 3840; x_wconf 87' lang='lat' dir='ltr'><strong>Artemisio</strong></span> <span class='ocrx_word' id='word_1_463' title='bbox 1252 3790 1299 3839; x_wconf 87' lang='lat' dir='ltr'><strong>de·</strong></span> 
     </span>
     <span class='ocr_line' id='line_1_75' title="bbox 755 3856 1299 3922; baseline -0.006 -12"><span class='ocrx_word' id='word_1_464' title='bbox 755 3859 924 3918; x_wconf 80' lang='lat' dir='ltr'><strong>clareturns,</strong></span> <span class='ocrx_word' id='word_1_465' title='bbox 937 3861 968 3906; x_wconf 89' lang='lat' dir='ltr'><strong>ut</strong></span> <span class='ocrx_word' id='word_1_466' title='bbox 981 3857 1053 3907; x_wconf 83' lang='lat' dir='ltr'><strong>inlra</strong></span> <span class='ocrx_word' id='word_1_467' title='bbox 1066 3873 1127 3922; x_wconf 89' lang='lat' dir='ltr'><strong>cap.</strong></span> <span class='ocrx_word' id='word_1_468' title='bbox 1144 3856 1181 3906; x_wconf 85' lang='grc'>16.</span> <span class='ocrx_word' id='word_1_469' title='bbox 1196 3857 1237 3920; x_wconf 81' lang='grc'>23,</span> <span class='ocrx_word' id='word_1_470' title='bbox 1252 3858 1299 3907; x_wconf 84' lang='lat' dir='ltr'><strong>ad·</strong></span> 
     </span>
     <span class='ocr_line' id='line_1_76' title="bbox 755 3924 1298 3991; baseline -0.006 -15"><span class='ocrx_word' id='word_1_471' title='bbox 755 3927 862 3977; x_wconf 87' lang='lat' dir='ltr'><strong>modurn</strong></span> <span class='ocrx_word' id='word_1_472' title='bbox 882 3926 1044 3991; x_wconf 81' lang='lat' dir='ltr'><strong>perstringit</strong></span> <span class='ocrx_word' id='word_1_473' title='bbox 1060 3924 1298 3975; x_wconf 86' lang='lat' dir='ltr'><strong>Pseudo-Plutar-</strong></span> 
     </span>
    </p>
   </div>
   <div class='ocr_carea' id='block_1_9' title="bbox 155 3992 1299 4332">
    <p class='ocr_par' dir='ltr' id='par_1_11' title="bbox 155 3992 1299 4332">
     <span class='ocr_line' id='line_1_77' title="bbox 155 3992 1299 4059; baseline -0.003 -16"><span class='ocrx_word' id='word_1_474' title='bbox 155 3995 342 4054; x_wconf 84' lang='lat' dir='ltr'><strong>retinuerunt,</strong></span> <span class='ocrx_word' id='word_1_475' title='bbox 363 4010 430 4059; x_wconf 87' lang='lat' dir='ltr'><strong>quos</strong></span> <span class='ocrx_word' id='word_1_476' title='bbox 447 4001 563 4045; x_wconf 89' lang='lat' dir='ltr'><strong>recentt.</strong></span> <span class='ocrx_word' id='word_1_477' title='bbox 583 3995 643 4045; x_wconf 91' lang='lat' dir='ltr'><strong>cdd.</strong></span> <span class='ocrx_word' id='word_1_478' title='bbox 660 4011 703 4045; x_wconf 85' lang='lat' dir='ltr'><strong>se·</strong></span> <span class='ocrx_word' id='word_1_479' title='bbox 755 3992 853 4044; x_wconf 83' lang='lat' dir='ltr'><strong>chusl.</strong></span> <span class='ocrx_word' id='word_1_480' title='bbox 867 3993 971 4056; x_wconf 79' lang='lat' dir='ltr'><strong>moal,</strong></span> <span class='ocrx_word' id='word_1_481' title='bbox 987 4009 1048 4043; x_wconf 88' lang='lat' dir='ltr'><strong>cum</strong></span> <span class='ocrx_word' id='word_1_482' title='bbox 1061 3997 1139 4056; x_wconf 87' lang='lat' dir='ltr'><strong>turpe</strong></span> <span class='ocrx_word' id='word_1_483' title='bbox 1153 3993 1217 4056; x_wconf 87' lang='lat' dir='ltr'><strong>quid</strong></span> <span class='ocrx_word' id='word_1_484' title='bbox 1230 3993 1299 4042; x_wconf 86' lang='lat' dir='ltr'><strong>lraec</strong></span> 
     </span>
     <span class='ocr_line' id='line_1_78' title="bbox 157 4059 1298 4126; baseline -0.003 -15"><span class='ocrx_word' id='word_1_485' title='bbox 157 4062 214 4111; x_wconf 85' lang='lat' dir='ltr'><strong>cuti</strong></span> <span class='ocrx_word' id='word_1_486' title='bbox 238 4067 314 4122; x_wconf 83' lang='lat' dir='ltr'><strong>eunt,</strong></span> <span class='ocrx_word' id='word_1_487' title='bbox 340 4062 704 4126; x_wconf 73' lang='lat' dir='ltr'><strong>licetb&#39;chwcighacuserus</strong></span> <span class='ocrx_word' id='word_1_488' title='bbox 755 4077 807 4112; x_wconf 68' lang='lat' dir='ltr'><strong>vor</strong></span> <span class='ocrx_word' id='word_1_489' title='bbox 820 4061 970 4124; x_wconf 69' lang='lat' dir='ltr'><strong>contineat</strong></span> <span class='ocrx_word' id='word_1_490' title='bbox 985 4061 1054 4110; x_wconf 88' lang='lat' dir='ltr'><strong>adeo</strong></span> <span class='ocrx_word' id='word_1_491' title='bbox 1067 4066 1098 4108; x_wconf 86' lang='lat' dir='ltr'><strong>ut</strong></span> <span class='ocrx_word' id='word_1_492' title='bbox 1110 4059 1231 4109; x_wconf 82' lang='lat' dir='ltr'><strong>Graecos</strong></span> <span class='ocrx_word' id='word_1_493' title='bbox 1243 4067 1298 4108; x_wconf 83' lang='lat' dir='ltr'><strong>tur</strong></span> 
     </span>
     <span class='ocr_line' id='line_1_79' title="bbox 157 4099 1297 4194; baseline -0.004 -15"><span class='ocrx_word' id='word_1_494' title='bbox 157 4136 186 4179; x_wconf 79' lang='lat' dir='ltr'><strong>et</strong></span> <span class='ocrx_word' id='word_1_495' title='bbox 197 4100 369 4180; x_wconf 74' lang='lat' dir='ltr'><strong>Gaislorilins</strong></span> <span class='ocrx_word' id='word_1_496' title='bbox 381 4145 396 4180; x_wconf 87' lang='lat' dir='ltr'><strong>e</strong></span> <span class='ocrx_word' id='word_1_497' title='bbox 406 4131 545 4180; x_wconf 78' lang='lat' dir='ltr'><strong>Sanerolti</strong></span> <span class='ocrx_word' id='word_1_498' title='bbox 555 4130 624 4180; x_wconf 86' lang='lat' dir='ltr'><strong>libro</strong></span> <span class='ocrx_word' id='word_1_499' title='bbox 635 4130 703 4180; x_wconf 88' lang='lat' dir='ltr'><strong>altc—</strong></span> <span class='ocrx_word' id='word_1_500' title='bbox 754 4130 827 4194; x_wconf 84' lang='lat' dir='ltr'><strong>piter</strong></span> <span class='ocrx_word' id='word_1_501' title='bbox 850 4099 990 4194; x_wconf 74' lang='lat' dir='ltr'><strong>anfugisie</strong></span> <span class='ocrx_word' id='word_1_502' title='bbox 1016 4127 1225 4178; x_wconf 80' lang='lat' dir='ltr'><strong>existimandum</strong></span> <span class='ocrx_word' id='word_1_503' title='bbox 1251 4127 1297 4175; x_wconf 85' lang='lat' dir='ltr'><strong>sit.</strong></span> 
     </span>
     <span class='ocr_line' id='line_1_80' title="bbox 156 4189 1298 4262; baseline -0.004 -16"><span class='ocrx_word' id='word_1_504' title='bbox 156 4211 242 4261; x_wconf 87' lang='lat' dir='ltr'><strong>reque</strong></span> <span class='ocrx_word' id='word_1_505' title='bbox 254 4197 443 4247; x_wconf 81' lang='lat' dir='ltr'><strong>exhibuissent</strong></span> <span class='ocrx_word' id='word_1_506' title='bbox 453 4189 648 4262; x_wconf 63' lang='lat' dir='ltr'><strong>ldodlseomp</strong></span> <span class='ocrx_word' id='word_1_507' title='bbox 652 4197 703 4247; x_wconf 87' lang='lat' dir='ltr'><strong>nod</strong></span> <span class='ocrx_word' id='word_1_508' title='bbox 755 4197 842 4258; x_wconf 80' lang='lat' dir='ltr'><strong>Quam</strong></span> <span class='ocrx_word' id='word_1_509' title='bbox 855 4197 978 4262; x_wconf 86' lang='lat' dir='ltr'><strong>putidum</strong></span> <span class='ocrx_word' id='word_1_510' title='bbox 995 4211 1055 4245; x_wconf 88' lang='lat' dir='ltr'><strong>esse</strong></span> <span class='ocrx_word' id='word_1_511' title='bbox 1068 4195 1298 4259; x_wconf 81' lang='lat' dir='ltr'><strong>vituperationem</strong></span> 
     </span>
     <span class='ocr_line' id='line_1_81' title="bbox 157 4215 1298 4332; baseline -0.003 -20"><span class='ocrx_word' id='word_1_512' title='bbox 157 4279 252 4313; x_wconf 81' lang='lat' dir='ltr'><strong>omncs</strong></span> <span class='ocrx_word' id='word_1_513' title='bbox 274 4265 409 4330; x_wconf 86' lang='lat' dir='ltr'><strong>praebent</strong></span> <span class='ocrx_word' id='word_1_514' title='bbox 429 4263 493 4314; x_wconf 91' lang='lat' dir='ltr'><strong>libri</strong></span> <span class='ocrx_word' id='word_1_515' title='bbox 511 4267 609 4332; x_wconf 81' lang='lat' dir='ltr'><strong>scripti</strong></span> <span class='ocrx_word' id='word_1_516' title='bbox 626 4215 700 4324; x_wconf 83' lang='lat' dir='ltr'><strong>VIII,</strong></span> <span class='ocrx_word' id='word_1_517' title='bbox 754 4265 823 4314; x_wconf 89' lang='lat' dir='ltr'><strong>bene</strong></span> <span class='ocrx_word' id='word_1_518' title='bbox 836 4265 929 4314; x_wconf 87' lang='lat' dir='ltr'><strong>docuit</strong></span> <span class='ocrx_word' id='word_1_519' title='bbox 941 4261 1124 4326; x_wconf 81' lang='lat' dir='ltr'><strong>Lalrmeyerl.</strong></span> <span class='ocrx_word' id='word_1_520' title='bbox 1134 4261 1223 4310; x_wconf 83' lang='lat' dir='ltr'><strong>rnoxl.</strong></span> <span class='ocrx_word' id='word_1_521' title='bbox 1234 4277 1298 4326; x_wconf 77' lang='lat' dir='ltr'><strong>pag.</strong></span> 
     </span>
    </p>
   </div>
   <div class='ocr_carea' id='block_1_10' title="bbox 156 4328 1299 4396">
    <p class='ocr_par' dir='ltr' id='par_1_12' title="bbox 156 4328 1299 4396">
     <span class='ocr_line' id='line_1_82' title="bbox 156 4328 1299 4396; baseline -0.003 -14"><span class='ocrx_word' id='word_1_522' title='bbox 156 4330 200 4382; x_wconf 89' lang='grc'><strong>97.</strong></span> <span class='ocrx_word' id='word_1_523' title='bbox 216 4330 337 4393; x_wconf 87' lang='lat' dir='ltr'><strong>100.1x,</strong></span> <span class='ocrx_word' id='word_1_524' title='bbox 355 4331 403 4382; x_wconf 89' lang='grc'><strong>110</strong></span> <span class='ocrx_word' id='word_1_525' title='bbox 420 4333 481 4384; x_wconf 88' lang='grc' dir='ltr'>οσΙΙ.</span> <span class='ocrx_word' id='word_1_526' title='bbox 497 4335 521 4396; x_wconf 97' lang='lat' dir='ltr'><strong>l,</strong></span> <span class='ocrx_word' id='word_1_527' title='bbox 539 4333 577 4383; x_wconf 93' lang='grc'>11.</span> <span class='ocrx_word' id='word_1_528' title='bbox 593 4335 630 4395; x_wconf 95' lang='lat' dir='ltr'><strong>V,</strong></span> <span class='ocrx_word' id='word_1_529' title='bbox 645 4333 701 4381; x_wconf 80' lang='lat'><strong>124.</strong></span> <span class='ocrx_word' id='word_1_530' title='bbox 755 4331 800 4396; x_wconf 91' lang='lat'><strong>70,</strong></span> <span class='ocrx_word' id='word_1_531' title='bbox 821 4347 880 4382; x_wconf 88' lang='lat' dir='ltr'><strong>curn</strong></span> <span class='ocrx_word' id='word_1_532' title='bbox 894 4331 1050 4382; x_wconf 83' lang='lat' dir='ltr'><strong>Herodotus</strong></span> <span class='ocrx_word' id='word_1_533' title='bbox 1062 4329 1140 4391; x_wconf 94' lang='lat' dir='ltr'><strong>VllI</strong></span> <span class='ocrx_word' id='word_1_534' title='bbox 1153 4328 1183 4376; x_wconf 85' lang='grc'><strong>21</strong></span> <span class='ocrx_word' id='word_1_535' title='bbox 1203 4329 1299 4378; x_wconf 83' lang='lat' dir='ltr'><strong>eudem</strong></span> 
     </span>
    </p>
   </div>
   <div class='ocr_carea' id='block_1_11' title="bbox 0 0 1524 4962">
    <p class='ocr_par' dir='ltr' id='par_1_13' title="bbox 0 0 1524 4962">
     <span class='ocr_line' id='line_1_83' title="bbox 0 0 1524 4962; baseline 0 1"><span class='ocrx_word' id='word_1_536' title='bbox 0 0 1524 4962; x_wconf 95' lang='lat' dir='ltr'><strong> </strong></span> 
     </span>
    </p>
   </div>
  </div>
 </body>
</html>
