3074 4960
286 447 347 508 110
718 438 983 502 HERODOTI

285 616 346 683 τοῦ
366 615 468 702 μέσον
493 613 658 682 ἐκατὲατο·
696 619 727 681 εί
750 613 787 682 δὲ
811 614 996 704 ἐλευθέρως
1020 615 1124 696 ἔξεστι
1148 617 1271 700 εἰπεῖν,
1304 613 1340 681 ἐκ
1362 615 1426 681 τοῦ
1512 684 1516 693 ,

285 717 387 804 μέσον
405 712 582 803 κατήμενοι
601 711 761 803 ἐμήδιζον.

285 944 371 997 οίκων
382 947 492 1012 Argivis
504 947 672 996 subditorum
684 947 724 996 ita
737 951 825 996 trans-

285 1015 355 1076 lato,
374 1020 404 1064 ut
416 1018 439 1064 si
453 1031 523 1080 quac
536 1015 608 1064 aliae
622 1020 719 1080 gentes
732 1015 825 1064 esseut

285 1083 406 1132 eiusdem
419 1083 504 1132 ferme
518 1082 690 1143 conditionis,
705 1082 757 1132 hae
771 1098 825 1132 om·

284 1165 332 1200 nes
345 1150 441 1200 eodem
453 1150 505 1200 hoc
517 1151 624 1199 nomine
638 1150 826 1213 significaren-

283 1223 339 1278 ταις
359 1233 443 1284 quare
460 1217 594 1267 Herodoti
610 1217 707 1267 verba:
731 1209 826 1274 ἐόντες

280 1276 428 1351 Ὀρνεῆται
445 1282 653 1348 calmiciaca
670 1285 738 1334 nihil
750 1284 825 1334 aliud

285 1354 442 1418 significare
455 1359 582 1417 possunt,
595 1353 660 1402 nisi:
680 1352 824 1416 (Cynurii),

284 1438 338 1470 cum
354 1419 447 1484 (nuuc)
463 1426 515 1470 sint
528 1420 655 1470 Orneatae
676 1425 704 1470 et
715 1422 831 1484 perlucet

285 1489 470 1554 (Argivorum,
488 1489 507 1538 i.
521 1504 545 1537 e.
564 1489 591 1537 in
609 1488 769 1553 Argivorum
786 1487 827 1535 di-

284 1557 359 1604 tione
378 1556 453 1604 circa
465 1556 551 1621 Argos
568 1556 726 1605 habitantes
740 1556 826 1619 iisque

285 1622 410 1684 subditi):
430 1623 458 1670 in
476 1623 573 1688 quibus
586 1624 671 1674 verba
687 1619 736 1672 aod
748 1621 826 1685 περί-

285 1703 358 1739 οικοι
380 1690 505 1739 consulto
528 1691 623 1740 addita
643 1691 771 1740 videntur
792 1690 827 1738 ad

285 1755 449 1821 explicanda
462 1757 523 1822 ipsa
536 1758 730 1808 antecedentia
742 1758 828 1807 verba

286 1815 381 1882 ἐόντες
395 1817 557 1889 Ὀρνεῆται,
582 1826 627 1890 qni
650 1825 745 1888 quales
769 1826 827 1874 fere

286 1899 379 1942 essent
391 1892 513 1941 homines
531 1898 559 1941 et
576 1892 657 1957 quale
675 1891 827 1942 incolarum

286 1975 372 2024 genus
386 1962 597 2022 constituerent,
617 1959 709 2008 verbis
726 1959 827 2008 additis

285 2023 335 2076 aul
358 2027 498 2090 περίοικοι
518 2027 641 2077 indicare
660 2027 760 2077 Nestor
780 2041 825 2076 vo·

285 2095 369 2144 luisse
392 2096 528 2160 putandus
551 2096 615 2156 erit3
644 2109 726 2158 quare
753 2094 827 2142 hand

286 2163 458 2213 scribendum
475 2155 496 2228 ἢ
506 2161 660 2226 περίοικοι,
679 2162 749 2227 quod
767 2161 826 2226 qni-

285 2231 399 2281 busdam
421 2231 449 2279 in
471 2236 590 2280 mentem
607 2231 716 2280 venisse
738 2229 826 2286 video,

285 2305 315 2348 ut
338 2298 450 2364 Cynurii
474 2299 695 2363 significarentur
717 2299 756 2346 uel
777 2297 828 2346 Or-

285 2372 386 2418 neatae
399 2368 485 2417 luisse
497 2369 537 2416 vel
547 2366 677 2432 perioeci‚
691 2365 827 2414 diversum

285 2437 370 2501 igitur
386 2435 524 2485 hominnm
541 2450 626 2499 genus
643 2439 758 2497 utraque
781 2448 827 2496 ap-

284 2503 435 2568 pellatione
453 2503 635 2552 indicaretur:
655 2501 688 2550 dc
706 2516 758 2565 quo
775 2500 827 2549 No·

285 2575 370 2619 strum
391 2571 500 2620 minime
529 2571 666 2635 cogitasse
692 2568 828 2628 existimo,

285 2637 353 2687 licet
365 2638 529 2698 exstiterint,
544 2639 589 2701 qui
600 2635 733 2686 Herodoti
742 2634 829 2684 verba

286 2705 326 2754 sic
345 2706 437 2770 accipi
449 2704 571 2754 mallent.
607 2703 648 2752 Ad
660 2702 829 2764 Thucydidis

286 2770 373 2821 locum
392 2772 428 2834 V,
447 2771 479 2821 67
503 2771 565 2836 (qno
587 2770 649 2820 loco
669 2768 829 2818 Κλεωναῖοι

287 2847 314 2888 et
329 2829 475 2902 Ὀρνεᾶται
493 2843 738 2888 commemorantur
749 2837 828 2900 Argi-

286 2921 379 2956 vorum
406 2899 558 2971 ξύμμαχοι)
584 2905 719 2955 Herodoti
744 2905 829 2955 verba

287 2975 421 3024 excitavit
437 2974 539 3024 Amold
561 2989 648 3037 euque
666 2973 706 3022 sic
726 2971 829 3022 intelli-

287 3043 341 3107 git:
356 3041 494 3104 ‚‚Orneae,
506 3056 585 3105 quum
595 3040 750 3090 Herodotus
761 3041 828 3089 scri-

288 3111 363 3175 „psit
376 3109 458 3174 (quod
475 3115 550 3159 certe
567 3113 630 3174 post
642 3108 750 3157 initium
763 3105 829 3156 belli

288 3178 538 3243 „Peloponnesiaci
551 3177 624 3240 luit),
638 3177 799 3225 etiamtunc
813 3191 829 3224 a

287 3247 399 3312 „prisca
417 3250 499 3312 gente
518 3245 697 3310 Cynuriorum
716 3249 764 3293 aut
776 3243 827 3292 Pe-

287 3315 444 3380 ,‚lasgornm
454 3314 660 3376 habitabantur,
672 3312 727 3377 qni,
736 3326 828 3375 quam·

286 3385 348 3448 „vis
377 3383 473 3448 lingua
502 3387 530 3432 et
558 3381 677 3432 moribus
707 3380 827 3439 mutatis,

287 3455 393 3516 „otiam
415 3459 480 3501 tunc
503 3451 542 3500 ibi
564 3467 614 3516 per
635 3465 663 3498 se
685 3447 737 3498 soli
753 3448 829 3496 vive·

285 3521 385 3583 „bant,
399 3525 429 3570 ut
437 3520 558 3586 periocci
570 3533 618 3569 sen
631 3517 700 3567 socii
710 3513 829 3565 subiecti

286 3581 828 3654 „ArgivisDoriensibus“(P.llI.Vol.3.

285 3671 348 3720 pag.
359 3657 408 3706 624
421 3673 477 3722 seq.
492 3657 534 3707 ed.
546 3653 651 3720 Pupp).
672 3651 750 3714 Quod
762 3665 828 3702 vero

287 3723 429 3773 Goellerus
457 3725 496 3774 sic
520 3721 653 3773 Herodoti
674 3719 760 3770 verba
782 3734 828 3768 ac-

287 3790 342 3853 cipi
360 3790 430 3840 vult:
456 3791 569 3855 Cynurii
586 3791 615 3840 in
627 3791 715 3838 Dores
732 3785 828 3851 paula·

286 3857 335 3904 tim
345 3859 471 3908 conversi
480 3864 543 3908 sunt
552 3863 580 3908 et
588 3863 704 3908 constant
711 3853 829 3906 ornante

286 3923 382 3972 liberis
395 3928 581 3990 caeterisque,
596 3926 642 3990 qui
654 3940 708 3975 non
720 3927 784 3972 sunt
796 3925 827 3973 li·

287 3991 361 4052 heri,
378 3992 426 4041 scd
441 3998 556 4056 perdocet
566 3995 730 4058 Arpinorum,
749 3991 777 4039 id
795 4009 827 4042 ex

286 4059 420 4108 Herodoti
432 4061 532 4122 verbis,
547 4061 640 4126 qualia
652 4075 723 4109 nunc
733 4058 827 4124 legun·

286 4131 344 4186 tur,
363 4126 438 4176 effici
455 4143 535 4192 posse
552 4143 631 4193 nego.
666 4129 723 4178 Nec
740 4129 828 4192 magis

287 4195 353 4243 mihi
373 4197 511 4260 persuasit
528 4197 611 4245 llenr.
630 4196 758 4256 Fischer,
782 4195 828 4259 qui

287 4261 359 4312 hunc
369 4263 503 4312 Herodoti
512 4265 600 4312 locum
612 4264 705 4328 attigit
714 4265 742 4312 in
752 4263 828 4314 Com·

287 4333 469 4394 mentatione,
487 4347 558 4396 quae
570 4331 757 4382 Vrntislnviae
770 4347 828 4397 pro·

287 4398 434 4450 diit1851:
456 4401 558 4452 Histor.
580 4399 673 4464 Argis.
692 4401 828 4465 Fragmm.

875 947 907 998 P.
920 946 943 996 Ι.
956 962 1019 1012 pag.
1031 947 1065 995 24
1077 961 1166 1011 seqq:
1186 945 1309 1026 „hlihi„“
1323 945 1422 1023 inquit,
1519 955 1520 960 ’

877 1015 1050 1076 „Herodotus
1062 1014 1154 1064 verbis
1167 1003 1262 1072 ἒοκτες
1277 1010 1422 1078 Ορνεηται

876 1081 943 1131 nihil
957 1081 1033 1130 aliud
1044 1081 1136 1131 dicere
1149 1081 1271 1144 videtur,
1286 1096 1367 1145 quam
1379 1082 1421 1130 lc-

876 1164 925 1199 nes
939 1149 1075 1212 Cynuriae
1089 1149 1236 1214 indigenas
1254 1153 1351 1214 postea
1363 1149 1421 1196 Do·

876 1217 1012 1266 riensibus
1036 1216 1183 1266 similiores
1204 1217 1325 1266 redditos
1350 1231 1422 1276 esse,

875 1301 929 1334 cam
951 1284 1095 1334 liabitorent
1119 1283 1217 1334 Orneus
1240 1283 1362 1340 urbem,·“
1381 1289 1422 1332 et·
1519 1335 1520 1344 ,

879 1353 952 1401 enim
969 1351 1102 1415 Cynurios
1120 1367 1137 1400 a
1153 1351 1312 1401 Laconibus
1329 1349 1423 1415 pulsos

879 1419 985 1469 Orucas
1010 1419 1168 1483 confugisse
1199 1422 1354 1484 suspicatur
1379 1419 1422 1468 vir

878 1487 983 1549 doctus,
995 1487 1040 1551 qui
1050 1487 1083 1536 de
1095 1487 1228 1536 Herodoti
1238 1486 1337 1547 verbis,
1351 1501 1421 1550 quac

878 1559 1041 1620 sequuntur,
1060 1550 1109 1604 καί
1127 1552 1284 1618 περίοικοι,
1306 1555 1347 1603 ita
1365 1559 1421 1602 sta-

878 1625 943 1672 tuit:
964 1638 1037 1686 „non
1055 1622 1193 1686 fugientes
1210 1627 1317 1672 tantum
1332 1621 1421 1684 Cynu-

878 1693 934 1740 rios
948 1691 1109 1739 adiuverunt
1120 1691 1229 1754 Argivi,
1249 1689 1297 1739 sed
1309 1688 1422 1738 relictos

879 1773 984 1822 quoque
1003 1759 1105 1819 (senen,
1132 1759 1267 1816 infantes,
1293 1756 1422 1818 feminas)

878 1831 908 1875 nt
923 1831 1064 1874 tuerentur
1081 1825 1212 1874 adversus
1225 1825 1422 1890 Spartanorum

877 1893 1007 1958 impetus,
1026 1894 1161 1957 occupata
1179 1892 1301 1956 Cynuriit
1316 1891 1423 1956 perine·

879 1976 924 2010 cos
938 1961 1094 2010 lecerunt.“
1129 1962 1170 2008 Ex
1187 1960 1240 2009 hac
1259 1959 1343 2024 igitur
1360 1973 1421 2008 seu·

878 2029 967 2077 tentia
977 2028 1089 2091 Cynurii
1102 2027 1201 2092 partim
1210 2027 1331 2076 habendi
1344 2032 1423 2076 erunt

876 2096 999 2160 perioeci
1011 2095 1186 2158 Argivorum,
1205 2094 1305 2159 partim
1317 2094 1422 2144 Ornea-

878 2171 938 2227 tae‚
962 2165 979 2213 i.
995 2179 1018 2212 e.
1037 2162 1143 2212 liberae
1162 2162 1285 2211 civitatis
1302 2161 1421 2222 incolae,

880 2246 941 2280 cum
958 2231 1069 2293 Argivis
1091 2231 1191 2279 iuncti:
1220 2229 1254 2278 ad
1276 2228 1338 2279 illos
1360 2244 1421 2293 spe·

879 2303 956 2347 ctare
973 2303 1053 2362 putat
1070 2298 1141 2347 idem
1164 2298 1206 2347 vir
1223 2297 1318 2346 doctus
1336 2297 1423 2346 verba

879 2357 935 2416 ὑπό
948 2379 977 2415 τε
993 2356 1120 2444 ’appeler
1137 2355 1304 2440 sindpertus,
1324 2363 1360 2414 ad
1372 2363 1422 2414 hos

879 2434 965 2484 verba
982 2425 1061 2495 (dno)
1079 2431 1130 2482 τοῦ
1147 2447 1264 2498 χρονον,
1287 2447 1375 2496 aeque
1389 2447 1423 2481 ac

881 2504 905 2551 si
926 2503 1024 2552 Noster
1045 2501 1214 2564 scripsisset:
1242 2501 1330 2549 Dores
1353 2499 1422 2548 sacti

880 2575 943 2619 sunt
956 2568 1068 2632 Cyunrii
1080 2559 1137 2618 ὑπό
1149 2581 1179 2617 τε
1194 2557 1322 2631 Ἀργείων
1337 2557 1422 2632 α’ρχό-

879 2653 961 2702 μενοι
974 2635 1115 2700 περίοικοι
1129 2627 1222 2693 ἐόντες
1234 2631 1346 2685 καὶτοῦ
1360 2627 1422 2700 χρό-

880 2720 932 2755 νον
954 2696 1101 2769 Ὀρνεῆται
1120 2694 1223 2776 {detea-
1259 2703 1337 2763 Quae
1355 2703 1422 2751 mihi

880 2773 1031 2838 speciosius
1041 2787 1121 2836 quam
1130 2773 1223 2821 verius
1233 2771 1372 2835 disputata
1385 2769 1423 2818 vi-

880 2841 979 2890 dentur
999 2855 1088 2904 neque
1116 2853 1177 2888 cnm
1199 2840 1266 2904 ipsis
1289 2837 1423 2887 Herodoti

879 2908 972 2958 verbis
989 2908 1184 2972 congruentia,
1205 2921 1275 2970 quae
1293 2906 1364 2954 lianc
1382 2906 1423 2954 in·

880 2975 1121 3040 terpretationem,
1139 2980 1169 3023 ut
1187 2974 1310 3038 equidem
1329 2973 1422 3022 existi-

880 3061 931 3105 mo,
946 3043 1056 3092 minime
1068 3043 1222 3104 admittunt,
1234 3041 1281 3092 sed
1293 3056 1353 3090 eum
1364 3045 1423 3088 tnn-

880 3119 935 3160 tum
949 3112 977 3159 in
990 3110 1096 3160 modum
1111 3125 1189 3175 quem
1205 3124 1288 3174 supra
1301 3108 1423 3157 indicavi

880 3179 972 3243 accipi
983 3183 1104 3243 possunt.
1135 3179 1193 3228 Nec
1205 3177 1324 3241 denique
1337 3175 1422 3226 adsti-

880 3247 958 3312 pulor
970 3246 1147 3307 Thierschio,
1167 3246 1213 3310 qui
1226 3244 1244 3294 l.
1257 3244 1274 3294 l.
1294 3259 1359 3309 pag.
1372 3241 1424 3319 bid

880 3315 1012 3365 Herodoti
1026 3315 1111 3364 verbu
1123 3315 1164 3362 ita
1174 3313 1259 3362 scribi
1270 3311 1341 3362 vult:
1361 3303 1423 3362 ἔον-

880 3398 925 3441 τες
942 3378 1000 3432 καί
1018 3371 1295 3438 αὕτοὶἿωιιες-τό
1312 3375 1421 3429 πάλαι

877 3440 1023 3516 Ὀρνεῆται
1036 3447 1085 3500 καί
1100 3442 1296 3513 οἷῆιερίοικοι.
1315 3448 1424 3496 Articu-

879 3519 935 3568 lum
953 3512 983 3569 οἱ
994 3523 1057 3568 unte
1070 3515 1211 3583 περίοικοι
1229 3517 1324 3582 utique
1337 3515 1426 3564 habet

880 3587 1056 3638 Florentiuus
1080 3601 1203 3649 unusque
1227 3584 1299 3634 liber
1320 3583 1425 3632 Parisi—

879 3671 943 3720 nus,
968 3655 1041 3704 haud
1063 3653 1249 3705 necessarium
1270 3651 1347 3702 illum
1364 3651 1424 3716 qui-

880 3723 941 3774 dem
958 3723 1075 3788 indeque
1098 3721 1285 3771 abiiciendum
1306 3735 1368 3769 mea
1391 3734 1425 3768 ex

879 3792 1027 3843 sententia.

918 3851 1008 3922 πάρεξ
1032 3855 1089 3907 τῶν
1111 3850 1257 3922 κατέλεξα]
1287 3857 1330 3905 De
1355 3870 1424 3905 voce

879 3919 969 3990 πάρεξ
987 3927 1057 3976 conf.
1076 3931 1144 3975 nott.
1163 3925 1198 3974 ad
1214 3925 1268 3986 Ill,
1286 3923 1319 3972 97
1343 3928 1370 3972 et
1388 3923 1426 3972 ad

879 4009 962 4044 voces
986 3985 1017 4044 ἐκ
1039 3991 1091 4043 τοῦ
1108 3987 1195 4057 μέσον
1214 3983 1348 4042 danziaco
1366 3990 1422 4040 vid.

879 4065 947 4111 nott.
966 4061 1000 4110 nd
1019 4062 1075 4124 ΙΙΙ,
1091 4059 1132 4112 83.
1169 4059 1293 4110 Dietsch.
1312 4059 1426 4122 scripsit

879 4122 1012 4190 κατέατο,
1043 4129 1142 4194 reliqui
1165 4128 1225 4178 edd.
1252 4127 1426 4176 retinuerunt

878 4195 1035 4268 vulgatam
1054 4197 1088 4246 de
1106 4199 1167 4262 ipsa
1185 4196 1273 4245 forma
1290 4195 1343 4244 vid.
1355 4195 1425 4244 Bre-

880 4265 941 4314 dov.
955 4281 1018 4330 pag.
1033 4262 1095 4314 329:
1120 4281 1182 4315 cum
1199 4265 1250 4314 hoc
1270 4264 1365 4314 eodem
1385 4263 1423 4328 (p.

880 4331 940 4396 266)
962 4332 1045 4399 paulo
1063 4339 1147 4383 antea
1169 4333 1232 4382 dedi
1250 4349 1264 4382 e
1283 4331 1425 4384 Sancrot'ti

880 4401 948 4452 libro
961 4396 1058 4460 redisse
1068 4417 1118 4468 pro
1130 4393 1222 4462 πόλις.
