<?xml version="1.0" encoding="UTF-8"?>
<!DOCTYPE html PUBLIC "-//W3C//DTD XHTML 1.0 Transitional//EN"
    "http://www.w3.org/TR/xhtml1/DTD/xhtml1-transitional.dtd">
<html xmlns="http://www.w3.org/1999/xhtml" xml:lang="en" lang="en">
 <head>
  <title>
</title>
<meta http-equiv="Content-Type" content="text/html;charset=utf-8" />
  <meta name='ocr-system' content='tesseract 3.04.00' />
  <meta name='ocr-capabilities' content='ocr_page ocr_carea ocr_par ocr_line ocrx_word'/>
</head>
<body>
  <div class='ocr_page' id='page_1' title='image "./herodotihalicar02bhgoog/herodotihalicar02bhgoog_0123.png"; bbox 0 0 3074 4960; ppageno 0'>
   <div class='ocr_carea' id='block_1_1' title="bbox 266 461 326 525">
    <p class='ocr_par' dir='ltr' id='par_1_1' title="bbox 266 461 326 525">
     <span class='ocr_line' id='line_1_1' title="bbox 266 461 326 525; baseline 0.017 -2"><span class='ocrx_word' id='word_1_1' title='bbox 266 461 326 525; x_wconf 82' lang='grc'><strong>108</strong></span> 
     </span>
    </p>
   </div>
   <div class='ocr_carea' id='block_1_2' title="bbox 699 457 964 518">
    <p class='ocr_par' dir='ltr' id='par_1_2' title="bbox 699 457 964 518">
     <span class='ocr_line' id='line_1_2' title="bbox 699 457 964 518; baseline 0.004 -1"><span class='ocrx_word' id='word_1_2' title='bbox 699 457 964 518; x_wconf 84' lang='lat' dir='ltr'><strong>HERODOTI</strong></span> 
     </span>
    </p>
   </div>
   <div class='ocr_carea' id='block_1_3' title="bbox 265 625 1406 722">
    <p class='ocr_par' dir='ltr' id='par_1_3' title="bbox 265 625 1406 722">
     <span class='ocr_line' id='line_1_3' title="bbox 265 625 1406 722; baseline -0.002 -21"><span class='ocrx_word' id='word_1_3' title='bbox 265 659 358 722; x_wconf 84' lang='grc' dir='ltr'><strong><em>μενοι</em></strong></span> <span class='ocrx_word' id='word_1_4' title='bbox 376 631 430 699; x_wconf 79' lang='grc' dir='ltr'><strong>καὶ</strong></span> <span class='ocrx_word' id='word_1_5' title='bbox 449 633 509 699; x_wconf 78' lang='grc' dir='ltr'><strong>τοῦ</strong></span> <span class='ocrx_word' id='word_1_6' title='bbox 525 627 661 718; x_wconf 81' lang='grc' dir='ltr'><strong><em>χρόνου,</em></strong></span> <span class='ocrx_word' id='word_1_7' title='bbox 682 627 789 710; x_wconf 74' lang='grc' dir='ltr'><strong><em>ἐόντες</em></strong></span> <span class='ocrx_word' id='word_1_8' title='bbox 804 625 973 720; x_wconf 79' lang='grc' dir='ltr'><strong><em>Ὀρνεῆται</em></strong></span> <span class='ocrx_word' id='word_1_9' title='bbox 991 631 1046 699; x_wconf 80' lang='lat' dir='ltr'><strong>aul</strong></span> <span class='ocrx_word' id='word_1_10' title='bbox 1065 635 1235 718; x_wconf 80' lang='grc' dir='ltr'><strong><em>περίοικοι.</em></strong></span> <span class='ocrx_word' id='word_1_11' title='bbox 1265 627 1406 699; x_wconf 77' lang='grc' dir='ltr'><strong><em>Τούτων</em></strong></span> 
     </span>
    </p>
   </div>
   <div class='ocr_carea' id='block_1_4' title="bbox 243 794 811 3562">
    <p class='ocr_par' dir='ltr' id='par_1_4' title="bbox 243 794 811 3562">
     <span class='ocr_line' id='line_1_4' title="bbox 265 794 807 862; baseline -0.002 -17"><span class='ocrx_word' id='word_1_12' title='bbox 265 796 344 862; x_wconf 91' lang='lat' dir='ltr'><strong>plura</strong></span> <span class='ocrx_word' id='word_1_13' title='bbox 360 797 387 844; x_wconf 89' lang='lat' dir='ltr'><strong>in</strong></span> <span class='ocrx_word' id='word_1_14' title='bbox 406 797 542 844; x_wconf 84' lang='lat' dir='ltr'><strong>Zacouum</strong></span> <span class='ocrx_word' id='word_1_15' title='bbox 564 794 660 859; x_wconf 83' lang='lat' dir='ltr'><strong>lingua</strong></span> <span class='ocrx_word' id='word_1_16' title='bbox 677 795 807 860; x_wconf 85' lang='lat' dir='ltr'>cognosci</span> 
     </span>
     <span class='ocr_line' id='line_1_5' title="bbox 264 862 806 928; baseline -0.006 -15"><span class='ocrx_word' id='word_1_17' title='bbox 264 879 345 928; x_wconf 88' lang='lat' dir='ltr'><strong>posse</strong></span> <span class='ocrx_word' id='word_1_18' title='bbox 363 867 505 928; x_wconf 81' lang='lat' dir='ltr'><strong>putarunt;</strong></span> <span class='ocrx_word' id='word_1_19' title='bbox 529 863 583 912; x_wconf 82' lang='lat' dir='ltr'><strong>vid.</strong></span> <span class='ocrx_word' id='word_1_20' title='bbox 601 862 680 912; x_wconf 90' lang='lat' dir='ltr'><strong>modo</strong></span> <span class='ocrx_word' id='word_1_21' title='bbox 696 863 806 913; x_wconf 82' lang='lat' dir='ltr'><strong>Leuke:</strong></span> 
     </span>
     <span class='ocr_line' id='line_1_6' title="bbox 265 929 807 996; baseline -0.002 -15"><span class='ocrx_word' id='word_1_22' title='bbox 265 933 360 982; x_wconf 84' lang='lat' dir='ltr'><strong>Merca</strong></span> <span class='ocrx_word' id='word_1_23' title='bbox 372 932 408 981; x_wconf 90' lang='lat'><strong>11.</strong></span> <span class='ocrx_word' id='word_1_24' title='bbox 428 947 492 996; x_wconf 82' lang='lat' dir='ltr'><strong>pag.</strong></span> <span class='ocrx_word' id='word_1_25' title='bbox 510 929 560 980; x_wconf 82' lang='grc'><strong>505</strong></span> <span class='ocrx_word' id='word_1_26' title='bbox 574 945 664 994; x_wconf 84' lang='lat' dir='ltr'><strong>seqq,</strong></span> <span class='ocrx_word' id='word_1_27' title='bbox 684 931 729 995; x_wconf 92' lang='lat' dir='ltr'><strong>qui</strong></span> <span class='ocrx_word' id='word_1_28' title='bbox 748 931 807 995; x_wconf 86' lang='lat' dir='ltr'><strong>ipse</strong></span> 
     </span>
     <span class='ocr_line' id='line_1_7' title="bbox 265 997 806 1060; baseline -0.006 -11"><span class='ocrx_word' id='word_1_29' title='bbox 265 999 394 1049; x_wconf 86' lang='lat' dir='ltr'><strong>dubitans</strong></span> <span class='ocrx_word' id='word_1_30' title='bbox 412 997 465 1048; x_wconf 89' lang='lat' dir='ltr'><strong>hac</strong></span> <span class='ocrx_word' id='word_1_31' title='bbox 483 997 516 1048; x_wconf 89' lang='lat' dir='ltr'><strong>de</strong></span> <span class='ocrx_word' id='word_1_32' title='bbox 534 1014 563 1046; x_wconf 90' lang='lat' dir='ltr'><strong>re</strong></span> <span class='ocrx_word' id='word_1_33' title='bbox 581 997 704 1060; x_wconf 69' lang='lat' dir='ltr'><strong>linguam</strong></span> <span class='ocrx_word' id='word_1_34' title='bbox 721 997 806 1047; x_wconf 90' lang='lat' dir='ltr'><strong>Zaco-</strong></span> 
     </span>
     <span class='ocr_line' id='line_1_8' title="bbox 264 1065 807 1122; baseline -0.004 -6"><span class='ocrx_word' id='word_1_35' title='bbox 264 1083 328 1116; x_wconf 89' lang='lat' dir='ltr'><strong>nnm</strong></span> <span class='ocrx_word' id='word_1_36' title='bbox 351 1065 444 1115; x_wconf 86' lang='lat' dir='ltr'><strong>multis</strong></span> <span class='ocrx_word' id='word_1_37' title='bbox 464 1065 578 1116; x_wconf 85' lang='lat' dir='ltr'><strong>vocibus</strong></span> <span class='ocrx_word' id='word_1_38' title='bbox 595 1065 807 1122; x_wconf 80' lang='lat' dir='ltr'><strong>Albanensibus,</strong></span> 
     </span>
     <span class='ocr_line' id='line_1_9' title="bbox 263 1131 808 1198; baseline -0.004 -14"><span class='ocrx_word' id='word_1_39' title='bbox 263 1133 495 1198; x_wconf 84' lang='lat' dir='ltr'><strong>Bnlgarcnsibns‚</strong></span> <span class='ocrx_word' id='word_1_40' title='bbox 518 1131 582 1182; x_wconf 88' lang='lat' dir='ltr'><strong>aliis</strong></span> <span class='ocrx_word' id='word_1_41' title='bbox 605 1132 722 1182; x_wconf 86' lang='lat' dir='ltr'><strong>aliarum</strong></span> <span class='ocrx_word' id='word_1_42' title='bbox 743 1148 808 1197; x_wconf 80' lang='lat' dir='ltr'><strong>geu·</strong></span> 
     </span>
     <span class='ocr_line' id='line_1_10' title="bbox 264 1202 808 1265; baseline 0 -15"><span class='ocrx_word' id='word_1_43' title='bbox 264 1203 332 1252; x_wconf 91' lang='lat' dir='ltr'><strong>tium</strong></span> <span class='ocrx_word' id='word_1_44' title='bbox 351 1202 479 1252; x_wconf 76' lang='lat' dir='ltr'><strong>admixtis</strong></span> <span class='ocrx_word' id='word_1_45' title='bbox 497 1205 652 1265; x_wconf 79' lang='lat' dir='ltr'><strong>corruptam</strong></span> <span class='ocrx_word' id='word_1_46' title='bbox 674 1217 734 1250; x_wconf 88' lang='lat' dir='ltr'><strong>esse</strong></span> <span class='ocrx_word' id='word_1_47' title='bbox 752 1207 808 1250; x_wconf 88' lang='lat' dir='ltr'><strong>sta·</strong></span> 
     </span>
     <span class='ocr_line' id='line_1_11' title="bbox 264 1268 808 1332; baseline -0.004 -14"><span class='ocrx_word' id='word_1_48' title='bbox 264 1271 324 1318; x_wconf 91' lang='lat' dir='ltr'><strong>tuit.</strong></span> <span class='ocrx_word' id='word_1_49' title='bbox 361 1271 464 1319; x_wconf 88' lang='lat' dir='ltr'><strong>Postea</strong></span> <span class='ocrx_word' id='word_1_50' title='bbox 487 1269 643 1318; x_wconf 77' lang='lat' dir='ltr'><strong>accuratius</strong></span> <span class='ocrx_word' id='word_1_51' title='bbox 667 1268 808 1332; x_wconf 80' lang='lat' dir='ltr'><strong>inquisivit</strong></span> 
     </span>
     <span class='ocr_line' id='line_1_12' title="bbox 265 1335 807 1400; baseline -0.002 -15"><span class='ocrx_word' id='word_1_52' title='bbox 265 1339 292 1386; x_wconf 92' lang='lat' dir='ltr'><strong>in</strong></span> <span class='ocrx_word' id='word_1_53' title='bbox 304 1337 442 1387; x_wconf 85' lang='lat' dir='ltr'><strong>Zaconum</strong></span> <span class='ocrx_word' id='word_1_54' title='bbox 459 1335 584 1400; x_wconf 81' lang='lat' dir='ltr'><strong>linguam</strong></span> <span class='ocrx_word' id='word_1_55' title='bbox 594 1335 727 1385; x_wconf 87' lang='lat' dir='ltr'><strong>Tbiersch</strong></span> <span class='ocrx_word' id='word_1_56' title='bbox 743 1335 807 1391; x_wconf 79' lang='lat' dir='ltr'><strong>(Ab-</strong></span> 
     </span>
     <span class='ocr_line' id='line_1_13' title="bbox 264 1403 808 1454; baseline -0.002 -1"><span class='ocrx_word' id='word_1_57' title='bbox 264 1404 367 1454; x_wconf 85' lang='lat' dir='ltr'><strong>handll.</strong></span> <span class='ocrx_word' id='word_1_58' title='bbox 386 1405 412 1453; x_wconf 94' lang='lat' dir='ltr'><strong>d.</strong></span> <span class='ocrx_word' id='word_1_59' title='bbox 429 1405 494 1453; x_wconf 83' lang='lat' dir='ltr'><strong>kiin.</strong></span> <span class='ocrx_word' id='word_1_60' title='bbox 508 1403 577 1452; x_wconf 87' lang='lat' dir='ltr'><strong>bair.</strong></span> <span class='ocrx_word' id='word_1_61' title='bbox 591 1403 679 1454; x_wconf 75' lang='lat' dir='ltr'><strong>Alsad.</strong></span> <span class='ocrx_word' id='word_1_62' title='bbox 697 1404 722 1452; x_wconf 86' lang='lat' dir='ltr'><strong>d.</strong></span> <span class='ocrx_word' id='word_1_63' title='bbox 736 1403 808 1452; x_wconf 83' lang='lat' dir='ltr'><strong>ll&#39;is·</strong></span> 
     </span>
     <span class='ocr_line' id='line_1_14' title="bbox 264 1470 807 1536; baseline 0 -16"><span class='ocrx_word' id='word_1_64' title='bbox 264 1472 372 1522; x_wconf 82' lang='lat' dir='ltr'><strong>sensch.</strong></span> <span class='ocrx_word' id='word_1_65' title='bbox 388 1471 546 1536; x_wconf 86' lang='lat' dir='ltr'><strong>Philosoph.</strong></span> <span class='ocrx_word' id='word_1_66' title='bbox 564 1470 695 1536; x_wconf 80' lang='lat' dir='ltr'><strong>philolog.</strong></span> <span class='ocrx_word' id='word_1_67' title='bbox 709 1470 807 1520; x_wconf 87' lang='lat' dir='ltr'><strong>Classe</strong></span> 
     </span>
     <span class='ocr_line' id='line_1_15' title="bbox 265 1537 807 1604; baseline -0.004 -15"><span class='ocrx_word' id='word_1_68' title='bbox 265 1540 287 1589; x_wconf 94' lang='lat'><strong>1.</strong></span> <span class='ocrx_word' id='word_1_69' title='bbox 300 1555 364 1604; x_wconf 83' lang='lat' dir='ltr'><strong>pag.</strong></span> <span class='ocrx_word' id='word_1_70' title='bbox 377 1537 427 1587; x_wconf 84' lang='grc'><strong>513</strong></span> <span class='ocrx_word' id='word_1_71' title='bbox 440 1554 525 1603; x_wconf 82' lang='lat' dir='ltr'><strong>seqq,</strong></span> <span class='ocrx_word' id='word_1_72' title='bbox 540 1554 611 1603; x_wconf 87' lang='lat' dir='ltr'><strong>quae</strong></span> <span class='ocrx_word' id='word_1_73' title='bbox 624 1539 736 1602; x_wconf 89' lang='lat' dir='ltr'><strong>repetiit</strong></span> <span class='ocrx_word' id='word_1_74' title='bbox 749 1539 807 1587; x_wconf 82' lang='lat' dir='ltr'><strong>tere</strong></span> 
     </span>
     <span class='ocr_line' id='line_1_16' title="bbox 265 1605 807 1670; baseline -0.002 -15"><span class='ocrx_word' id='word_1_75' title='bbox 265 1606 374 1656; x_wconf 85' lang='lat' dir='ltr'><strong>Leake:</strong></span> <span class='ocrx_word' id='word_1_76' title='bbox 389 1605 568 1670; x_wconf 78' lang='lat' dir='ltr'><strong>Peloponnes,</strong></span> <span class='ocrx_word' id='word_1_77' title='bbox 579 1623 642 1670; x_wconf 82' lang='lat' dir='ltr'><strong>pag.</strong></span> <span class='ocrx_word' id='word_1_78' title='bbox 650 1605 700 1656; x_wconf 78' lang='grc'><strong>304</strong></span> <span class='ocrx_word' id='word_1_79' title='bbox 712 1605 807 1670; x_wconf 80' lang='lat' dir='ltr'><strong>seqq).</strong></span> 
     </span>
     <span class='ocr_line' id='line_1_17' title="bbox 265 1672 807 1737; baseline 0 -15"><span class='ocrx_word' id='word_1_80' title='bbox 265 1674 346 1737; x_wconf 85' lang='lat' dir='ltr'><strong>idque</strong></span> <span class='ocrx_word' id='word_1_81' title='bbox 370 1673 423 1722; x_wconf 86' lang='lat' dir='ltr'><strong>sibi</strong></span> <span class='ocrx_word' id='word_1_82' title='bbox 446 1672 572 1723; x_wconf 83' lang='lat' dir='ltr'><strong>effecisse</strong></span> <span class='ocrx_word' id='word_1_83' title='bbox 594 1675 669 1724; x_wconf 86' lang='lat' dir='ltr'><strong>visus</strong></span> <span class='ocrx_word' id='word_1_84' title='bbox 691 1679 733 1724; x_wconf 88' lang='lat' dir='ltr'><strong>est</strong></span> <span class='ocrx_word' id='word_1_85' title='bbox 758 1673 807 1733; x_wconf 82' lang='lat' dir='ltr'><strong>(ci.</strong></span> 
     </span>
     <span class='ocr_line' id='line_1_18' title="bbox 265 1739 808 1806; baseline 0.002 -17"><span class='ocrx_word' id='word_1_86' title='bbox 265 1757 329 1806; x_wconf 82' lang='lat' dir='ltr'><strong>pag.</strong></span> <span class='ocrx_word' id='word_1_87' title='bbox 348 1739 421 1800; x_wconf 66' lang='lat'>578),</span> <span class='ocrx_word' id='word_1_88' title='bbox 439 1745 469 1790; x_wconf 91' lang='lat' dir='ltr'><strong>ut</strong></span> <span class='ocrx_word' id='word_1_89' title='bbox 487 1741 610 1790; x_wconf 84' lang='lat' dir='ltr'><strong>Zacones</strong></span> <span class='ocrx_word' id='word_1_90' title='bbox 628 1740 808 1804; x_wconf 84' lang='lat' dir='ltr'><strong>Cyunriorum</strong></span> 
     </span>
     <span class='ocr_line' id='line_1_19' title="bbox 266 1807 808 1873; baseline -0.004 -15"><span class='ocrx_word' id='word_1_91' title='bbox 266 1809 368 1873; x_wconf 84' lang='lat' dir='ltr'><strong>posteri</strong></span> <span class='ocrx_word' id='word_1_92' title='bbox 390 1807 556 1857; x_wconf 82' lang='lat' dir='ltr'><strong>haberentur</strong></span> <span class='ocrx_word' id='word_1_93' title='bbox 582 1823 729 1873; x_wconf 87' lang='lat' dir='ltr'><strong>eorumque</strong></span> <span class='ocrx_word' id='word_1_94' title='bbox 755 1807 808 1856; x_wconf 93' lang='lat' dir='ltr'><strong>lin·</strong></span> 
     </span>
     <span class='ocr_line' id='line_1_20' title="bbox 266 1869 808 1942; baseline 0.004 -18"><span class='ocrx_word' id='word_1_95' title='bbox 266 1877 399 1940; x_wconf 63' lang='lat' dir='ltr'><strong>gtiaipsa</strong></span> <span class='ocrx_word' id='word_1_96' title='bbox 417 1869 594 1936; x_wconf 83' lang='lat' dir='ltr'><strong>Cyndriorum</strong></span> <span class='ocrx_word' id='word_1_97' title='bbox 614 1875 709 1942; x_wconf 78' lang='lat' dir='ltr'><strong>lingua</strong></span> <span class='ocrx_word' id='word_1_98' title='bbox 728 1875 808 1926; x_wconf 88' lang='lat' dir='ltr'><strong>ducc-</strong></span> 
     </span>
     <span class='ocr_line' id='line_1_21' title="bbox 265 1942 808 1994; baseline -0.002 -1"><span class='ocrx_word' id='word_1_99' title='bbox 265 1947 348 1993; x_wconf 86' lang='lat' dir='ltr'><strong>retur.</strong></span> <span class='ocrx_word' id='word_1_100' title='bbox 373 1943 409 1991; x_wconf 84' lang='lat' dir='ltr'><strong>At</strong></span> <span class='ocrx_word' id='word_1_101' title='bbox 421 1942 559 1992; x_wconf 87' lang='lat' dir='ltr'><strong>Slavicam</strong></span> <span class='ocrx_word' id='word_1_102' title='bbox 571 1947 672 1994; x_wconf 89' lang='lat' dir='ltr'><strong>terram</strong></span> <span class='ocrx_word' id='word_1_103' title='bbox 686 1958 746 1992; x_wconf 85' lang='lat' dir='ltr'><strong>esse</strong></span> <span class='ocrx_word' id='word_1_104' title='bbox 757 1944 808 1992; x_wconf 85' lang='lat' dir='ltr'><strong>Za·</strong></span> 
     </span>
     <span class='ocr_line' id='line_1_22' title="bbox 266 2010 807 2075; baseline -0.002 -14"><span class='ocrx_word' id='word_1_105' title='bbox 266 2027 376 2068; x_wconf 81' lang='lat' dir='ltr'><strong>conum,</strong></span> <span class='ocrx_word' id='word_1_106' title='bbox 399 2010 466 2060; x_wconf 90' lang='lat' dir='ltr'><strong>licet</strong></span> <span class='ocrx_word' id='word_1_107' title='bbox 486 2011 515 2060; x_wconf 91' lang='lat' dir='ltr'><strong>hi</strong></span> <span class='ocrx_word' id='word_1_108' title='bbox 531 2027 579 2075; x_wconf 93' lang='lat' dir='ltr'><strong>pro</strong></span> <span class='ocrx_word' id='word_1_109' title='bbox 599 2011 702 2061; x_wconf 82' lang='lat' dir='ltr'><strong>veteris</strong></span> <span class='ocrx_word' id='word_1_110' title='bbox 719 2011 807 2060; x_wconf 88' lang='lat' dir='ltr'><strong>ouius·</strong></span> 
     </span>
     <span class='ocr_line' id='line_1_23' title="bbox 266 2075 808 2143; baseline -0.004 -15"><span class='ocrx_word' id='word_1_111' title='bbox 266 2079 329 2128; x_wconf 86' lang='lat' dir='ltr'><strong>dam</strong></span> <span class='ocrx_word' id='word_1_112' title='bbox 339 2078 429 2142; x_wconf 85' lang='lat' dir='ltr'><strong>gentis</strong></span> <span class='ocrx_word' id='word_1_113' title='bbox 441 2079 558 2142; x_wconf 88' lang='lat' dir='ltr'><strong>posteris</strong></span> <span class='ocrx_word' id='word_1_114' title='bbox 568 2075 732 2140; x_wconf 58' lang='lat' dir='ltr'><strong>habeantur.</strong></span> <span class='ocrx_word' id='word_1_115' title='bbox 746 2093 808 2143; x_wconf 84' lang='lat' dir='ltr'><strong>pro·</strong></span> 
     </span>
     <span class='ocr_line' id='line_1_24' title="bbox 265 2145 809 2208; baseline -0.002 -13"><span class='ocrx_word' id='word_1_116' title='bbox 265 2145 809 2208; x_wconf 70' lang='lat' dir='ltr'><strong>nuntiatl&#39;allmerayer:Ueberdiellnt-</strong></span> 
     </span>
     <span class='ocr_line' id='line_1_25' title="bbox 266 2213 807 2278; baseline -0.004 -15"><span class='ocrx_word' id='word_1_117' title='bbox 266 2215 383 2278; x_wconf 82' lang='lat' dir='ltr'><strong>stehung</strong></span> <span class='ocrx_word' id='word_1_118' title='bbox 407 2213 431 2262; x_wconf 93' lang='lat' dir='ltr'><strong>d.</strong></span> <span class='ocrx_word' id='word_1_119' title='bbox 455 2213 560 2278; x_wconf 85' lang='lat' dir='ltr'><strong>heutig.</strong></span> <span class='ocrx_word' id='word_1_120' title='bbox 579 2213 689 2264; x_wconf 88' lang='lat' dir='ltr'><strong>Griech.</strong></span> <span class='ocrx_word' id='word_1_121' title='bbox 712 2213 807 2274; x_wconf 82' lang='lat' dir='ltr'><strong>(stutt-</strong></span> 
     </span>
     <span class='ocr_line' id='line_1_26' title="bbox 266 2279 808 2348; baseline -0.004 -17"><span class='ocrx_word' id='word_1_122' title='bbox 266 2286 336 2348; x_wconf 83' lang='lat' dir='ltr'><strong>gart.</strong></span> <span class='ocrx_word' id='word_1_123' title='bbox 362 2279 440 2342; x_wconf 84' lang='lat'><strong>1838)</strong></span> <span class='ocrx_word' id='word_1_124' title='bbox 461 2297 525 2346; x_wconf 81' lang='lat' dir='ltr'><strong>pag.</strong></span> <span class='ocrx_word' id='word_1_125' title='bbox 547 2281 589 2330; x_wconf 85' lang='grc'><strong>04.</strong></span> <span class='ocrx_word' id='word_1_126' title='bbox 625 2280 668 2330; x_wconf 91' lang='lat' dir='ltr'><strong>Ob</strong></span> <span class='ocrx_word' id='word_1_127' title='bbox 690 2281 808 2330; x_wconf 86' lang='lat' dir='ltr'><strong>nominis</strong></span> 
     </span>
     <span class='ocr_line' id='line_1_27' title="bbox 265 2347 808 2412; baseline -0.006 -13"><span class='ocrx_word' id='word_1_128' title='bbox 265 2348 431 2412; x_wconf 83' lang='lat' dir='ltr'><strong>(Zaconuml</strong></span> <span class='ocrx_word' id='word_1_129' title='bbox 455 2348 662 2398; x_wconf 75' lang='lat' dir='ltr'><strong>sinfilitudinem</strong></span> <span class='ocrx_word' id='word_1_130' title='bbox 685 2347 808 2398; x_wconf 84' lang='lat' dir='ltr'><strong>Mullach</strong></span> 
     </span>
     <span class='ocr_line' id='line_1_28' title="bbox 265 2415 809 2475; baseline -0.004 -9"><span class='ocrx_word' id='word_1_131' title='bbox 265 2415 500 2475; x_wconf 86' lang='lat' dir='ltr'><strong>(Berlin.Jahrbb.</strong></span> <span class='ocrx_word' id='word_1_132' title='bbox 515 2416 534 2466; x_wconf 86' lang='lat' dir='ltr'><strong>t&#39;.</strong></span> <span class='ocrx_word' id='word_1_133' title='bbox 547 2415 705 2468; x_wconf 86' lang='lat' dir='ltr'><strong>wissensch.</strong></span> <span class='ocrx_word' id='word_1_134' title='bbox 716 2416 809 2465; x_wconf 87' lang='lat' dir='ltr'><strong>Kritik</strong></span> 
     </span>
     <span class='ocr_line' id='line_1_29' title="bbox 267 2481 809 2550; baseline -0.002 -17"><span class='ocrx_word' id='word_1_135' title='bbox 267 2483 521 2536; x_wconf 76' lang='lat' dir='ltr'><strong>1838.1nens.1un.</strong></span> <span class='ocrx_word' id='word_1_136' title='bbox 543 2499 584 2534; x_wconf 87' lang='lat' dir='ltr'><strong>nr.</strong></span> <span class='ocrx_word' id='word_1_137' title='bbox 604 2483 659 2534; x_wconf 89' lang='lat'>108.</span> <span class='ocrx_word' id='word_1_138' title='bbox 678 2500 742 2550; x_wconf 84' lang='lat' dir='ltr'><strong>pag.</strong></span> <span class='ocrx_word' id='word_1_139' title='bbox 759 2481 809 2532; x_wconf 84' lang='lat'><strong>877</strong></span> 
     </span>
     <span class='ocr_line' id='line_1_30' title="bbox 267 2551 808 2616; baseline -0.002 -15"><span class='ocrx_word' id='word_1_140' title='bbox 267 2557 295 2601; x_wconf 89' lang='lat' dir='ltr'><strong>et</strong></span> <span class='ocrx_word' id='word_1_141' title='bbox 319 2551 491 2601; x_wconf 86' lang='lat' dir='ltr'><strong>Grammatik</strong></span> <span class='ocrx_word' id='word_1_142' title='bbox 515 2551 540 2600; x_wconf 92' lang='lat' dir='ltr'><strong>d.</strong></span> <span class='ocrx_word' id='word_1_143' title='bbox 560 2551 669 2602; x_wconf 88' lang='lat' dir='ltr'><strong>Gricch.</strong></span> <span class='ocrx_word' id='word_1_144' title='bbox 693 2551 808 2616; x_wconf 80' lang='lat' dir='ltr'><strong>Vulgiir·</strong></span> 
     </span>
     <span class='ocr_line' id='line_1_31' title="bbox 265 2617 809 2684; baseline -0.002 -15"><span class='ocrx_word' id='word_1_145' title='bbox 265 2618 381 2684; x_wconf 90' lang='lat' dir='ltr'><strong>sprache</strong></span> <span class='ocrx_word' id='word_1_146' title='bbox 398 2633 463 2682; x_wconf 80' lang='lat' dir='ltr'><strong>pag.</strong></span> <span class='ocrx_word' id='word_1_147' title='bbox 483 2617 529 2667; x_wconf 90' lang='grc'><strong>104</strong></span> <span class='ocrx_word' id='word_1_148' title='bbox 548 2619 610 2667; x_wconf 92' lang='lat' dir='ltr'><strong>coll.</strong></span> <span class='ocrx_word' id='word_1_149' title='bbox 628 2635 654 2684; x_wconf 93' lang='lat' dir='ltr'><strong>p.</strong></span> <span class='ocrx_word' id='word_1_150' title='bbox 671 2617 704 2667; x_wconf 82' lang='grc'><strong>04</strong></span> <span class='ocrx_word' id='word_1_151' title='bbox 721 2617 809 2683; x_wconf 78' lang='lat' dir='ltr'><strong>seqq.)</strong></span> 
     </span>
     <span class='ocr_line' id='line_1_32' title="bbox 266 2685 810 2750; baseline -0.004 -15"><span class='ocrx_word' id='word_1_152' title='bbox 266 2685 371 2735; x_wconf 87' lang='lat' dir='ltr'><strong>mavult</strong></span> <span class='ocrx_word' id='word_1_153' title='bbox 387 2685 420 2735; x_wconf 93' lang='lat' dir='ltr'><strong>de</strong></span> <span class='ocrx_word' id='word_1_154' title='bbox 435 2685 589 2735; x_wconf 77' lang='lat' dir='ltr'><strong>Gmtconibus</strong></span> <span class='ocrx_word' id='word_1_155' title='bbox 606 2687 745 2750; x_wconf 84' lang='lat' dir='ltr'><strong>cogitare,</strong></span> <span class='ocrx_word' id='word_1_156' title='bbox 764 2685 810 2750; x_wconf 92' lang='lat' dir='ltr'><strong>qui</strong></span> 
     </span>
     <span class='ocr_line' id='line_1_33' title="bbox 267 2752 809 2816; baseline -0.002 -14"><span class='ocrx_word' id='word_1_157' title='bbox 267 2755 406 2802; x_wconf 87' lang='lat' dir='ltr'><strong>Zaconum</strong></span> <span class='ocrx_word' id='word_1_158' title='bbox 424 2752 527 2801; x_wconf 81' lang='lat' dir='ltr'><strong>suerint</strong></span> <span class='ocrx_word' id='word_1_159' title='bbox 544 2753 673 2810; x_wconf 89' lang='lat' dir='ltr'><strong>maiores,</strong></span> <span class='ocrx_word' id='word_1_160' title='bbox 692 2753 809 2816; x_wconf 86' lang='lat' dir='ltr'><strong>indeque</strong></span> 
     </span>
     <span class='ocr_line' id='line_1_34' title="bbox 265 2819 810 2884; baseline -0.002 -14"><span class='ocrx_word' id='word_1_161' title='bbox 265 2819 346 2870; x_wconf 90' lang='lat' dir='ltr'><strong>huius</strong></span> <span class='ocrx_word' id='word_1_162' title='bbox 364 2820 454 2882; x_wconf 75' lang='lat' dir='ltr'><strong>gentis</strong></span> <span class='ocrx_word' id='word_1_163' title='bbox 470 2835 568 2869; x_wconf 87' lang='lat' dir='ltr'><strong>nomen</strong></span> <span class='ocrx_word' id='word_1_164' title='bbox 581 2825 720 2884; x_wconf 80' lang='lat' dir='ltr'><strong>repetere,</strong></span> <span class='ocrx_word' id='word_1_165' title='bbox 740 2820 810 2884; x_wconf 91' lang='lat' dir='ltr'><strong>quod</strong></span> 
     </span>
     <span class='ocr_line' id='line_1_35' title="bbox 268 2885 809 2951; baseline 0.004 -15"><span class='ocrx_word' id='word_1_166' title='bbox 268 2903 329 2936; x_wconf 90' lang='lat' dir='ltr'><strong>cum</strong></span> <span class='ocrx_word' id='word_1_167' title='bbox 339 2885 497 2936; x_wconf 80' lang='lat' dir='ltr'><strong>Laconibus</strong></span> <span class='ocrx_word' id='word_1_168' title='bbox 511 2887 655 2951; x_wconf 85' lang='lat' dir='ltr'><strong>quidquam</strong></span> <span class='ocrx_word' id='word_1_169' title='bbox 669 2903 809 2938; x_wconf 83' lang='lat' dir='ltr'><strong>commune</strong></span> 
     </span>
     <span class='ocr_line' id='line_1_36' title="bbox 267 2955 809 3018; baseline 0 -14"><span class='ocrx_word' id='word_1_170' title='bbox 267 2955 368 3004; x_wconf 89' lang='lat' dir='ltr'><strong>habere</strong></span> <span class='ocrx_word' id='word_1_171' title='bbox 394 2959 491 3017; x_wconf 82' lang='lat' dir='ltr'><strong>negat,</strong></span> <span class='ocrx_word' id='word_1_172' title='bbox 518 2955 581 3018; x_wconf 89' lang='lat' dir='ltr'><strong>quia</strong></span> <span class='ocrx_word' id='word_1_173' title='bbox 605 2955 686 3004; x_wconf 89' lang='lat' dir='ltr'><strong>litera</strong></span> <span class='ocrx_word' id='word_1_174' title='bbox 707 2956 721 3004; x_wconf 81' lang='grc'>1</span> <span class='ocrx_word' id='word_1_175' title='bbox 742 2971 809 3004; x_wconf 86' lang='lat' dir='ltr'><strong>nun·</strong></span> 
     </span>
     <span class='ocr_line' id='line_1_37' title="bbox 268 3011 809 3088; baseline 0.002 -17"><span class='ocrx_word' id='word_1_176' title='bbox 268 3037 348 3088; x_wconf 92' lang='lat' dir='ltr'><strong>quam</strong></span> <span class='ocrx_word' id='word_1_177' title='bbox 371 3011 406 3070; x_wconf 75' lang='lat' dir='ltr'><strong>iri</strong></span> <span class='ocrx_word' id='word_1_178' title='bbox 417 3020 431 3082; x_wconf 80' lang='grc' dir='ltr'><strong><em>ζ</em></strong></span> <span class='ocrx_word' id='word_1_179' title='bbox 447 3021 506 3070; x_wconf 89' lang='lat' dir='ltr'><strong>sive</strong></span> <span class='ocrx_word' id='word_1_180' title='bbox 524 3023 556 3082; x_wconf 79' lang='grc' dir='ltr'><strong>τζ</strong></span> <span class='ocrx_word' id='word_1_181' title='bbox 576 3023 694 3072; x_wconf 86' lang='lat' dir='ltr'><strong>transire</strong></span> <span class='ocrx_word' id='word_1_182' title='bbox 711 3023 809 3073; x_wconf 85' lang='lat' dir='ltr'><strong>soleat.</strong></span> 
     </span>
     <span class='ocr_line' id='line_1_38' title="bbox 266 3091 811 3154; baseline 0 -15"><span class='ocrx_word' id='word_1_183' title='bbox 266 3091 355 3154; x_wconf 76' lang='lat' dir='ltr'><strong>Atque</strong></span> <span class='ocrx_word' id='word_1_184' title='bbox 374 3091 414 3139; x_wconf 90' lang='lat' dir='ltr'><strong>sic</strong></span> <span class='ocrx_word' id='word_1_185' title='bbox 432 3104 538 3153; x_wconf 88' lang='lat' dir='ltr'><strong>quoque</strong></span> <span class='ocrx_word' id='word_1_186' title='bbox 556 3091 587 3140; x_wconf 85' lang='lat' dir='ltr'><strong>L.</strong></span> <span class='ocrx_word' id='word_1_187' title='bbox 606 3091 675 3139; x_wconf 84' lang='lat' dir='ltr'><strong>Roas</strong></span> <span class='ocrx_word' id='word_1_188' title='bbox 697 3091 811 3151; x_wconf 84' lang='lat' dir='ltr'><strong>(lteisen</strong></span> 
     </span>
     <span class='ocr_line' id='line_1_39' title="bbox 266 3149 811 3223; baseline 0 -16"><span class='ocrx_word' id='word_1_189' title='bbox 266 3159 295 3207; x_wconf 90' lang='lat' dir='ltr'><strong>in</strong></span> <span class='ocrx_word' id='word_1_190' title='bbox 308 3156 521 3221; x_wconf 88' lang='lat' dir='ltr'><strong>d.Peloponncs.</strong></span> <span class='ocrx_word' id='word_1_191' title='bbox 533 3174 596 3223; x_wconf 84' lang='lat' dir='ltr'><strong>pag.</strong></span> <span class='ocrx_word' id='word_1_192' title='bbox 608 3156 664 3220; x_wconf 81' lang='grc'><strong>107)</strong></span> <span class='ocrx_word' id='word_1_193' title='bbox 679 3149 811 3215; x_wconf 80' lang='grc' dir='ltr'><strong><em>Ζοίιιωνος</em></strong></span> 
     </span>
     <span class='ocr_line' id='line_1_40' title="bbox 243 3217 810 3286; baseline -0.004 -10"><span class='ocrx_word' id='word_1_194' title='bbox 243 3273 247 3280; x_wconf 83' lang='grc'>,</span> <span class='ocrx_word' id='word_1_195' title='bbox 266 3241 288 3276; x_wconf 86' lang='lat' dir='ltr'><strong>s.</strong></span> <span class='ocrx_word' id='word_1_196' title='bbox 298 3217 445 3286; x_wconf 78' lang='grc' dir='ltr'><strong><em>Τζοὶιιωνες</em></strong></span> <span class='ocrx_word' id='word_1_197' title='bbox 458 3239 490 3274; x_wconf 84' lang='lat' dir='ltr'><strong>ex</strong></span> <span class='ocrx_word' id='word_1_198' title='bbox 503 3219 637 3283; x_wconf 81' lang='grc' dir='ltr'><strong><em>Κᾰκωνες</em></strong></span> <span class='ocrx_word' id='word_1_199' title='bbox 649 3231 736 3276; x_wconf 90' lang='lat' dir='ltr'><strong>ortum</strong></span> <span class='ocrx_word' id='word_1_200' title='bbox 750 3242 810 3275; x_wconf 85' lang='lat' dir='ltr'><strong>esse</strong></span> 
     </span>
     <span class='ocr_line' id='line_1_41' title="bbox 267 3293 810 3358; baseline -0.002 -15"><span class='ocrx_word' id='word_1_201' title='bbox 267 3297 417 3344; x_wconf 85' lang='lat' dir='ltr'><strong>statuerat:</strong></span> <span class='ocrx_word' id='word_1_202' title='bbox 441 3298 538 3356; x_wconf 86' lang='lat' dir='ltr'><strong>postea</strong></span> <span class='ocrx_word' id='word_1_203' title='bbox 560 3297 650 3344; x_wconf 88' lang='lat' dir='ltr'><strong>autem</strong></span> <span class='ocrx_word' id='word_1_204' title='bbox 675 3293 810 3358; x_wconf 84' lang='lat' dir='ltr'><strong>(Wanda-</strong></span> 
     </span>
     <span class='ocr_line' id='line_1_42' title="bbox 266 3359 810 3440; baseline 0 -30"><span class='ocrx_word' id='word_1_205' title='bbox 266 3377 363 3440; x_wconf 74' lang='lat' dir='ltr'><strong>rungg.</strong></span> <span class='ocrx_word' id='word_1_206' title='bbox 371 3361 399 3410; x_wconf 90' lang='lat' dir='ltr'><strong>in</strong></span> <span class='ocrx_word' id='word_1_207' title='bbox 410 3359 730 3427; x_wconf 82' lang='lat' dir='ltr'><strong>Grieehenlandll.p.19</strong></span> <span class='ocrx_word' id='word_1_208' title='bbox 742 3360 810 3423; x_wconf 77' lang='lat' dir='ltr'><strong>not.)</strong></span> 
     </span>
     <span class='ocr_line' id='line_1_43' title="bbox 269 3421 811 3494; baseline -0.006 -14"><span class='ocrx_word' id='word_1_209' title='bbox 269 3429 416 3491; x_wconf 79' lang='grc' dir='ltr'><strong><em>Τζαιιωνες</em></strong></span> <span class='ocrx_word' id='word_1_210' title='bbox 434 3443 488 3478; x_wconf 91' lang='lat' dir='ltr'><strong>non</strong></span> <span class='ocrx_word' id='word_1_211' title='bbox 502 3429 571 3480; x_wconf 86' lang='lat' dir='ltr'><strong>alios</strong></span> <span class='ocrx_word' id='word_1_212' title='bbox 584 3444 644 3479; x_wconf 88' lang='lat' dir='ltr'><strong>esse</strong></span> <span class='ocrx_word' id='word_1_213' title='bbox 658 3435 740 3494; x_wconf 89' lang='lat' dir='ltr'><strong>atquc</strong></span> <span class='ocrx_word' id='word_1_214' title='bbox 753 3421 811 3478; x_wconf 85' lang='grc' dir='ltr'><strong>Λοὶ-</strong></span> 
     </span>
     <span class='ocr_line' id='line_1_44' title="bbox 266 3495 810 3562; baseline -0.002 -15"><span class='ocrx_word' id='word_1_215' title='bbox 266 3512 354 3555; x_wconf 79' lang='grc' dir='ltr'><strong><em>κωνες</em></strong></span> <span class='ocrx_word' id='word_1_216' title='bbox 371 3497 476 3562; x_wconf 86' lang='lat' dir='ltr'><strong>posuit,</strong></span> <span class='ocrx_word' id='word_1_217' title='bbox 494 3512 554 3548; x_wconf 90' lang='lat' dir='ltr'><strong>cum</strong></span> <span class='ocrx_word' id='word_1_218' title='bbox 571 3495 655 3547; x_wconf 88' lang='lat' dir='ltr'><strong>litera</strong></span> <span class='ocrx_word' id='word_1_219' title='bbox 672 3497 810 3562; x_wconf 80' lang='lat' dir='ltr'><strong>tsaepius</strong></span> 
     </span>
    </p>
   </div>
   <div class='ocr_carea' id='block_1_5' title="bbox 267 3567 810 3646">
    <p class='ocr_par' dir='ltr' id='par_1_5' title="bbox 267 3567 810 3646">
     <span class='ocr_line' id='line_1_45' title="bbox 267 3567 810 3646; baseline -0.007 -13"><span class='ocrx_word' id='word_1_220' title='bbox 267 3587 447 3633; x_wconf 79' lang='lat' dir='ltr'><strong>commutetur</strong></span> <span class='ocrx_word' id='word_1_221' title='bbox 457 3597 517 3632; x_wconf 86' lang='lat' dir='ltr'><strong>eum</strong></span> <span class='ocrx_word' id='word_1_222' title='bbox 527 3581 610 3632; x_wconf 85' lang='lat' dir='ltr'><strong>litera</strong></span> <span class='ocrx_word' id='word_1_223' title='bbox 620 3567 738 3646; x_wconf 68' lang='lat' dir='ltr'><strong>deaque</strong></span> <span class='ocrx_word' id='word_1_224' title='bbox 750 3581 810 3646; x_wconf 89' lang='lat' dir='ltr'><strong>ipsa</strong></span> 
     </span>
    </p>
   </div>
   <div class='ocr_carea' id='block_1_6' title="bbox 267 3665 812 4458">
    <p class='ocr_par' dir='ltr' id='par_1_6' title="bbox 267 3665 812 4458">
     <span class='ocr_line' id='line_1_46' title="bbox 267 3665 809 3729; baseline 0 -14"><span class='ocrx_word' id='word_1_225' title='bbox 267 3667 365 3716; x_wconf 87' lang='lat' dir='ltr'><strong>deinde</strong></span> <span class='ocrx_word' id='word_1_226' title='bbox 379 3667 407 3714; x_wconf 93' lang='lat' dir='ltr'><strong>in</strong></span> <span class='ocrx_word' id='word_1_227' title='bbox 425 3665 440 3728; x_wconf 75' lang='grc' dir='ltr'><strong><em>ζ</em></strong></span> <span class='ocrx_word' id='word_1_228' title='bbox 455 3671 591 3726; x_wconf 79' lang='lat' dir='ltr'><strong>transeat3</strong></span> <span class='ocrx_word' id='word_1_229' title='bbox 611 3665 736 3729; x_wconf 85' lang='lat' dir='ltr'><strong>idemque</strong></span> <span class='ocrx_word' id='word_1_230' title='bbox 754 3669 809 3715; x_wconf 88' lang='lat' dir='ltr'><strong>sta·</strong></span> 
     </span>
     <span class='ocr_line' id='line_1_47' title="bbox 268 3733 810 3796; baseline 0.002 -15"><span class='ocrx_word' id='word_1_231' title='bbox 268 3735 321 3782; x_wconf 91' lang='lat' dir='ltr'><strong>tuit</strong></span> <span class='ocrx_word' id='word_1_232' title='bbox 332 3733 434 3794; x_wconf 82' lang='lat' dir='ltr'><strong>Finlay</strong></span> <span class='ocrx_word' id='word_1_233' title='bbox 452 3733 521 3795; x_wconf 88' lang='lat' dir='ltr'><strong>(The</strong></span> <span class='ocrx_word' id='word_1_234' title='bbox 539 3733 644 3796; x_wconf 87' lang='lat' dir='ltr'><strong>history</strong></span> <span class='ocrx_word' id='word_1_235' title='bbox 663 3734 693 3783; x_wconf 86' lang='lat' dir='ltr'><strong>of</strong></span> <span class='ocrx_word' id='word_1_236' title='bbox 705 3733 810 3784; x_wconf 88' lang='lat' dir='ltr'><strong>Graece</strong></span> 
     </span>
     <span class='ocr_line' id='line_1_48' title="bbox 268 3799 811 3865; baseline 0.004 -17"><span class='ocrx_word' id='word_1_237' title='bbox 268 3815 332 3865; x_wconf 72' lang='lat' dir='ltr'><strong>pag.</strong></span> <span class='ocrx_word' id='word_1_238' title='bbox 349 3800 390 3849; x_wconf 92' lang='grc'><strong>40.</strong></span> <span class='ocrx_word' id='word_1_239' title='bbox 409 3799 452 3860; x_wconf 86' lang='grc'><strong>41)</strong></span> <span class='ocrx_word' id='word_1_240' title='bbox 474 3817 522 3865; x_wconf 91' lang='lat' dir='ltr'><strong>pro</strong></span> <span class='ocrx_word' id='word_1_241' title='bbox 539 3801 683 3850; x_wconf 83' lang='lat' dir='ltr'><strong>Laconibus</strong></span> <span class='ocrx_word' id='word_1_242' title='bbox 700 3805 811 3865; x_wconf 86' lang='lat' dir='ltr'><strong>postera</strong></span> 
     </span>
     <span class='ocr_line' id='line_1_49' title="bbox 269 3866 810 3933; baseline 0.004 -19"><span class='ocrx_word' id='word_1_243' title='bbox 269 3870 363 3915; x_wconf 85' lang='lat' dir='ltr'><strong>aetate</strong></span> <span class='ocrx_word' id='word_1_244' title='bbox 382 3866 475 3916; x_wconf 55' lang='lat' dir='ltr'><strong>dictos.</strong></span> <span class='ocrx_word' id='word_1_245' title='bbox 488 3883 547 3917; x_wconf 86' lang='lat' dir='ltr'><strong>esse</strong></span> <span class='ocrx_word' id='word_1_246' title='bbox 562 3869 676 3918; x_wconf 76' lang='lat' dir='ltr'><strong>Zacoaes</strong></span> <span class='ocrx_word' id='word_1_247' title='bbox 694 3883 810 3933; x_wconf 88' lang='lat' dir='ltr'><strong>pronun·</strong></span> 
     </span>
     <span class='ocr_line' id='line_1_50' title="bbox 269 3933 811 3986; baseline 0.004 -4"><span class='ocrx_word' id='word_1_248' title='bbox 269 3933 352 3983; x_wconf 83' lang='lat' dir='ltr'><strong>tiana.</strong></span> <span class='ocrx_word' id='word_1_249' title='bbox 385 3934 443 3982; x_wconf 90' lang='lat' dir='ltr'><strong>Nec</strong></span> <span class='ocrx_word' id='word_1_250' title='bbox 460 3934 528 3984; x_wconf 87' lang='lat' dir='ltr'><strong>mihi</strong></span> <span class='ocrx_word' id='word_1_251' title='bbox 545 3935 626 3984; x_wconf 86' lang='lat' dir='ltr'><strong>aliter</strong></span> <span class='ocrx_word' id='word_1_252' title='bbox 639 3935 811 3986; x_wconf 88' lang='lat' dir='ltr'><strong>statuendum</strong></span> 
     </span>
     <span class='ocr_line' id='line_1_51' title="bbox 268 4001 811 4065; baseline 0.004 -15"><span class='ocrx_word' id='word_1_253' title='bbox 268 4001 376 4050; x_wconf 87' lang='lat' dir='ltr'><strong>videtur</strong></span> <span class='ocrx_word' id='word_1_254' title='bbox 393 4001 552 4065; x_wconf 84' lang='lat' dir='ltr'><strong>respicienti</strong></span> <span class='ocrx_word' id='word_1_255' title='bbox 569 4003 603 4051; x_wconf 84' lang='lat' dir='ltr'><strong>ed</strong></span> <span class='ocrx_word' id='word_1_256' title='bbox 623 4003 713 4052; x_wconf 83' lang='lat' dir='ltr'><strong>locum</strong></span> <span class='ocrx_word' id='word_1_257' title='bbox 730 4003 811 4052; x_wconf 89' lang='lat' dir='ltr'><strong>Nice-</strong></span> 
     </span>
     <span class='ocr_line' id='line_1_52' title="bbox 268 4067 811 4134; baseline 0.004 -18"><span class='ocrx_word' id='word_1_258' title='bbox 268 4067 348 4133; x_wconf 88' lang='lat' dir='ltr'><strong>phori</strong></span> <span class='ocrx_word' id='word_1_259' title='bbox 365 4067 504 4130; x_wconf 67' lang='lat' dir='ltr'><strong>Gregorae</strong></span> <span class='ocrx_word' id='word_1_260' title='bbox 521 4069 811 4134; x_wconf 79' lang='lat' dir='ltr'><strong>Histor.ssyzant.1v.</strong></span> 
     </span>
     <span class='ocr_line' id='line_1_53' title="bbox 270 4135 811 4200; baseline 0.007 -17"><span class='ocrx_word' id='word_1_261' title='bbox 270 4151 295 4200; x_wconf 89' lang='lat' dir='ltr'><strong>p.</strong></span> <span class='ocrx_word' id='word_1_262' title='bbox 313 4135 346 4184; x_wconf 80' lang='lat'><strong>58</strong></span> <span class='ocrx_word' id='word_1_263' title='bbox 365 4135 407 4186; x_wconf 90' lang='lat' dir='ltr'><strong>ed.</strong></span> <span class='ocrx_word' id='word_1_264' title='bbox 426 4136 512 4186; x_wconf 89' lang='lat' dir='ltr'><strong>Paris.</strong></span> <span class='ocrx_word' id='word_1_265' title='bbox 531 4140 559 4186; x_wconf 89' lang='lat' dir='ltr'><strong>et</strong></span> <span class='ocrx_word' id='word_1_266' title='bbox 576 4136 689 4200; x_wconf 75' lang='lat' dir='ltr'><strong>Georgii</strong></span> <span class='ocrx_word' id='word_1_267' title='bbox 703 4137 811 4200; x_wconf 88' lang='lat' dir='ltr'><strong>Pachy-</strong></span> 
     </span>
     <span class='ocr_line' id='line_1_54' title="bbox 270 4203 812 4268; baseline 0.007 -17"><span class='ocrx_word' id='word_1_268' title='bbox 270 4203 351 4252; x_wconf 89' lang='lat' dir='ltr'><strong>meris</strong></span> <span class='ocrx_word' id='word_1_269' title='bbox 364 4203 437 4253; x_wconf 87' lang='lat' dir='ltr'><strong>Hist.</strong></span> <span class='ocrx_word' id='word_1_270' title='bbox 454 4203 501 4252; x_wconf 90' lang='lat' dir='ltr'><strong>lib.</strong></span> <span class='ocrx_word' id='word_1_271' title='bbox 515 4203 560 4252; x_wconf 92' lang='lat' dir='ltr'><strong>IV.</strong></span> <span class='ocrx_word' id='word_1_272' title='bbox 574 4219 599 4268; x_wconf 93' lang='lat' dir='ltr'><strong>p.</strong></span> <span class='ocrx_word' id='word_1_273' title='bbox 613 4203 664 4254; x_wconf 80' lang='lat'><strong>209</strong></span> <span class='ocrx_word' id='word_1_274' title='bbox 681 4205 722 4255; x_wconf 90' lang='lat' dir='ltr'><strong>ed.</strong></span> <span class='ocrx_word' id='word_1_275' title='bbox 736 4205 812 4254; x_wconf 84' lang='lat' dir='ltr'><strong>ltom.</strong></span> 
     </span>
     <span class='ocr_line' id='line_1_55' title="bbox 270 4269 812 4338; baseline 0.009 -21"><span class='ocrx_word' id='word_1_276' title='bbox 270 4288 296 4336; x_wconf 91' lang='lat' dir='ltr'><strong>p.</strong></span> <span class='ocrx_word' id='word_1_277' title='bbox 313 4269 359 4320; x_wconf 83' lang='grc'><strong>173</strong></span> <span class='ocrx_word' id='word_1_278' title='bbox 372 4271 414 4320; x_wconf 86' lang='lat' dir='ltr'><strong>ed.</strong></span> <span class='ocrx_word' id='word_1_279' title='bbox 431 4271 545 4331; x_wconf 78' lang='lat' dir='ltr'><strong>venet,</strong></span> <span class='ocrx_word' id='word_1_280' title='bbox 562 4275 703 4338; x_wconf 88' lang='lat' dir='ltr'><strong>utmmque</strong></span> <span class='ocrx_word' id='word_1_281' title='bbox 722 4274 777 4322; x_wconf 86' lang='lat' dir='ltr'><strong>iam</strong></span> <span class='ocrx_word' id='word_1_282' title='bbox 795 4287 812 4321; x_wconf 93' lang='lat' dir='ltr'><strong>a</strong></span> 
     </span>
     <span class='ocr_line' id='line_1_56' title="bbox 270 4337 812 4404; baseline 0.002 -17"><span class='ocrx_word' id='word_1_283' title='bbox 270 4337 432 4388; x_wconf 88' lang='lat' dir='ltr'><strong>Thiersohio</strong></span> <span class='ocrx_word' id='word_1_284' title='bbox 446 4337 464 4387; x_wconf 93' lang='lat' dir='ltr'><strong>l.</strong></span> <span class='ocrx_word' id='word_1_285' title='bbox 476 4338 495 4387; x_wconf 93' lang='lat' dir='ltr'><strong>l.</strong></span> <span class='ocrx_word' id='word_1_286' title='bbox 507 4354 570 4404; x_wconf 82' lang='lat' dir='ltr'><strong>pag.</strong></span> <span class='ocrx_word' id='word_1_287' title='bbox 581 4337 630 4388; x_wconf 81' lang='lat'><strong>567</strong></span> <span class='ocrx_word' id='word_1_288' title='bbox 643 4339 769 4389; x_wconf 87' lang='lat' dir='ltr'><strong>allatum:</strong></span> <span class='ocrx_word' id='word_1_289' title='bbox 783 4339 812 4388; x_wconf 89' lang='lat' dir='ltr'><strong>in</strong></span> 
     </span>
     <span class='ocr_line' id='line_1_57' title="bbox 270 4399 812 4458; baseline 0.002 -3"><span class='ocrx_word' id='word_1_290' title='bbox 270 4405 319 4458; x_wconf 88' lang='lat' dir='ltr'><strong>illo</strong></span> <span class='ocrx_word' id='word_1_291' title='bbox 341 4406 413 4458; x_wconf 86' lang='lat' dir='ltr'><strong>enim</strong></span> <span class='ocrx_word' id='word_1_292' title='bbox 435 4413 680 4458; x_wconf 86' lang='lat' dir='ltr'><strong>commemorantur</strong></span> <span class='ocrx_word' id='word_1_293' title='bbox 695 4399 812 4458; x_wconf 79' lang='grc' dir='ltr'><strong><em>Λάκιο-</em></strong></span> 
     </span>
    </p>
   </div>
   <div class='ocr_carea' id='block_1_7' title="bbox 858 784 1406 2601">
    <p class='ocr_par' dir='ltr' id='par_1_7' title="bbox 858 784 1406 2601">
     <span class='ocr_line' id='line_1_58' title="bbox 859 784 1404 858; baseline 0 -14"><span class='ocrx_word' id='word_1_294' title='bbox 859 809 916 852; x_wconf 73' lang='lat' dir='ltr'><strong>vac</strong></span> <span class='ocrx_word' id='word_1_295' title='bbox 939 784 1003 858; x_wconf 78' lang='grc' dir='ltr'><strong><em>οἵριι</em></strong></span> <span class='ocrx_word' id='word_1_296' title='bbox 1027 789 1236 858; x_wconf 69' lang='grc' dir='ltr'><strong>προσελθόντες</strong></span> <span class='ocrx_word' id='word_1_297' title='bbox 1260 785 1291 844; x_wconf 65' lang='lat' dir='ltr'><strong>da</strong></span> <span class='ocrx_word' id='word_1_298' title='bbox 1315 792 1404 844; x_wconf 78' lang='grc' dir='ltr'><strong><em>Πελο-</em></strong></span> 
     </span>
     <span class='ocr_line' id='line_1_59' title="bbox 858 853 1403 928; baseline -0.004 -16"><span class='ocrx_word' id='word_1_299' title='bbox 858 857 1004 928; x_wconf 79' lang='grc' dir='ltr'><strong><em>ποννήσου</em></strong></span> <span class='ocrx_word' id='word_1_300' title='bbox 1016 861 1055 926; x_wconf 78' lang='grc' dir='ltr'><strong>τῷ</strong></span> <span class='ocrx_word' id='word_1_301' title='bbox 1063 860 1181 927; x_wconf 74' lang='grc' dir='ltr'><strong>βασιλεῖ,</strong></span> <span class='ocrx_word' id='word_1_302' title='bbox 1196 855 1256 919; x_wconf 69' lang='grc' dir='ltr'><strong>οὓς</strong></span> <span class='ocrx_word' id='word_1_303' title='bbox 1267 853 1285 926; x_wconf 83' lang='grc' dir='ltr'><em>ἡ</em></span> <span class='ocrx_word' id='word_1_304' title='bbox 1298 854 1403 926; x_wconf 76' lang='grc' dir='ltr'><strong><em>ιιοινή</em></strong></span> 
     </span>
     <span class='ocr_line' id='line_1_60' title="bbox 858 923 1405 994; baseline -0.004 -14"><span class='ocrx_word' id='word_1_305' title='bbox 858 929 1141 994; x_wconf 60' lang='lat' dir='ltr'><strong>cucuphatum</strong></span> <span class='ocrx_word' id='word_1_306' title='bbox 1174 927 1307 994; x_wconf 72' lang='grc' dir='ltr'><strong><em>γλῶσσα</em></strong></span> <span class='ocrx_word' id='word_1_307' title='bbox 1338 923 1405 978; x_wconf 86' lang='lat' dir='ltr'><strong>Zoi-</strong></span> 
     </span>
     <span class='ocr_line' id='line_1_61' title="bbox 858 989 1405 1063; baseline 0.002 -17"><span class='ocrx_word' id='word_1_308' title='bbox 858 1013 972 1056; x_wconf 79' lang='grc' dir='ltr'><strong><em>ιιωιιοις</em></strong></span> <span class='ocrx_word' id='word_1_309' title='bbox 999 989 1263 1063; x_wconf 56' lang='lat' dir='ltr'><strong>perarduum</strong></span> <span class='ocrx_word' id='word_1_310' title='bbox 1292 998 1322 1046; x_wconf 91' lang='lat' dir='ltr'><strong>in</strong></span> <span class='ocrx_word' id='word_1_311' title='bbox 1349 997 1405 1047; x_wconf 89' lang='lat' dir='ltr'><strong>boc</strong></span> 
     </span>
     <span class='ocr_line' id='line_1_62' title="bbox 858 1055 1405 1116; baseline -0.004 -2"><span class='ocrx_word' id='word_1_312' title='bbox 858 1055 939 1116; x_wconf 73' lang='lat' dir='ltr'><strong>citior</strong></span> <span class='ocrx_word' id='word_1_313' title='bbox 962 1080 992 1115; x_wconf 83' lang='grc' dir='ltr'><strong>τε</strong></span> <span class='ocrx_word' id='word_1_314' title='bbox 1013 1065 1138 1115; x_wconf 72' lang='grc' dir='ltr'><strong><em>πλεῖστοι</em></strong></span> <span class='ocrx_word' id='word_1_315' title='bbox 1160 1057 1191 1114; x_wconf 76' lang='grc' dir='ltr'><strong>ἐκ</strong></span> <span class='ocrx_word' id='word_1_316' title='bbox 1212 1063 1268 1114; x_wconf 76' lang='grc' dir='ltr'><strong>τοῖν</strong></span> <span class='ocrx_word' id='word_1_317' title='bbox 1288 1060 1405 1114; x_wconf 75' lang='grc' dir='ltr'><strong><em>Λαιό-</em></strong></span> 
     </span>
     <span class='ocr_line' id='line_1_63' title="bbox 859 1120 1405 1194; baseline -0.005 -11"><span class='ocrx_word' id='word_1_318' title='bbox 859 1149 938 1194; x_wconf 75' lang='grc' dir='ltr'><strong><em>νοιν,</em></strong></span> <span class='ocrx_word' id='word_1_319' title='bbox 958 1120 1018 1190; x_wconf 73' lang='grc' dir='ltr'><strong>οὓς</strong></span> <span class='ocrx_word' id='word_1_320' title='bbox 1034 1128 1094 1182; x_wconf 79' lang='grc' dir='ltr'><strong>καὶ</strong></span> <span class='ocrx_word' id='word_1_321' title='bbox 1109 1125 1275 1190; x_wconf 74' lang='grc' dir='ltr'><strong><em>Ζᾰιιωιας</em></strong></span> <span class='ocrx_word' id='word_1_322' title='bbox 1292 1147 1405 1194; x_wconf 78' lang='grc' dir='ltr'><strong><em>παροι-</em></strong></span> 
     </span>
     <span class='ocr_line' id='line_1_64' title="bbox 860 1194 1404 1266; baseline -0.006 -15"><span class='ocrx_word' id='word_1_323' title='bbox 860 1194 1309 1266; x_wconf 71' lang='grc' dir='ltr'><strong><em>φθείροντεςέλεγοιιι.τ.λ.</em></strong></span> <span class='ocrx_word' id='word_1_324' title='bbox 1322 1201 1404 1260; x_wconf 84' lang='lat' dir='ltr'><strong>Quae</strong></span> 
     </span>
     <span class='ocr_line' id='line_1_65' title="bbox 860 1267 1404 1332; baseline -0.006 -13"><span class='ocrx_word' id='word_1_325' title='bbox 860 1285 921 1320; x_wconf 88' lang='lat' dir='ltr'><strong>curn</strong></span> <span class='ocrx_word' id='word_1_326' title='bbox 933 1271 973 1318; x_wconf 90' lang='lat' dir='ltr'><strong>ita</strong></span> <span class='ocrx_word' id='word_1_327' title='bbox 985 1270 1049 1329; x_wconf 81' lang='lat' dir='ltr'><strong>sint,</strong></span> <span class='ocrx_word' id='word_1_328' title='bbox 1062 1269 1109 1318; x_wconf 87' lang='lat' dir='ltr'><strong>vix</strong></span> <span class='ocrx_word' id='word_1_329' title='bbox 1117 1268 1183 1318; x_wconf 91' lang='lat' dir='ltr'><strong>mibi</strong></span> <span class='ocrx_word' id='word_1_330' title='bbox 1192 1267 1312 1317; x_wconf 91' lang='lat' dir='ltr'><strong>dubitari</strong></span> <span class='ocrx_word' id='word_1_331' title='bbox 1321 1283 1404 1332; x_wconf 87' lang='lat' dir='ltr'><strong>posse</strong></span> 
     </span>
     <span class='ocr_line' id='line_1_66' title="bbox 858 1333 1405 1400; baseline -0.005 -14"><span class='ocrx_word' id='word_1_332' title='bbox 858 1336 974 1393; x_wconf 82' lang='lat' dir='ltr'><strong>videtur,</strong></span> <span class='ocrx_word' id='word_1_333' title='bbox 988 1337 1053 1400; x_wconf 93' lang='lat' dir='ltr'><strong>quin</strong></span> <span class='ocrx_word' id='word_1_334' title='bbox 1065 1337 1196 1394; x_wconf 67' lang='lat' dir='ltr'><strong>Zamnes,</strong></span> <span class='ocrx_word' id='word_1_335' title='bbox 1211 1337 1257 1399; x_wconf 92' lang='lat' dir='ltr'><strong>qui</strong></span> <span class='ocrx_word' id='word_1_336' title='bbox 1268 1350 1340 1384; x_wconf 91' lang='lat' dir='ltr'><strong>nunc</strong></span> <span class='ocrx_word' id='word_1_337' title='bbox 1350 1333 1405 1396; x_wconf 86' lang='lat' dir='ltr'><strong>Cy-</strong></span> 
     </span>
     <span class='ocr_line' id='line_1_67' title="bbox 858 1403 1406 1464; baseline -0.002 -11"><span class='ocrx_word' id='word_1_338' title='bbox 858 1405 996 1454; x_wconf 87' lang='lat' dir='ltr'><strong>nuriorum</strong></span> <span class='ocrx_word' id='word_1_339' title='bbox 1018 1408 1119 1452; x_wconf 91' lang='lat' dir='ltr'><strong>terram</strong></span> <span class='ocrx_word' id='word_1_340' title='bbox 1141 1407 1249 1464; x_wconf 78' lang='lat' dir='ltr'><strong>tenent,</strong></span> <span class='ocrx_word' id='word_1_341' title='bbox 1275 1403 1406 1452; x_wconf 86' lang='lat' dir='ltr'><strong>Lacones</strong></span> 
     </span>
     <span class='ocr_line' id='line_1_68' title="bbox 859 1470 1405 1535; baseline -0.009 -13"><span class='ocrx_word' id='word_1_342' title='bbox 859 1473 914 1522; x_wconf 90' lang='lat' dir='ltr'><strong>sint</strong></span> <span class='ocrx_word' id='word_1_343' title='bbox 934 1471 1070 1532; x_wconf 87' lang='lat' dir='ltr'><strong>habendi,</strong></span> <span class='ocrx_word' id='word_1_344' title='bbox 1092 1473 1138 1535; x_wconf 89' lang='lat' dir='ltr'><strong>qui</strong></span> <span class='ocrx_word' id='word_1_345' title='bbox 1161 1487 1194 1520; x_wconf 83' lang='lat' dir='ltr'><strong>ex</strong></span> <span class='ocrx_word' id='word_1_346' title='bbox 1217 1471 1329 1534; x_wconf 86' lang='lat' dir='ltr'><strong>antiqua</strong></span> <span class='ocrx_word' id='word_1_347' title='bbox 1346 1470 1405 1518; x_wconf 91' lang='lat' dir='ltr'><strong>La·</strong></span> 
     </span>
     <span class='ocr_line' id='line_1_69' title="bbox 859 1537 1404 1603; baseline -0.004 -15"><span class='ocrx_word' id='word_1_348' title='bbox 859 1555 956 1589; x_wconf 91' lang='lat' dir='ltr'><strong>conum</strong></span> <span class='ocrx_word' id='word_1_349' title='bbox 975 1539 1070 1603; x_wconf 80' lang='lat' dir='ltr'><strong>lingua</strong></span> <span class='ocrx_word' id='word_1_350' title='bbox 1082 1537 1213 1588; x_wconf 87' lang='lat' dir='ltr'><strong>nonnulla</strong></span> <span class='ocrx_word' id='word_1_351' title='bbox 1224 1537 1404 1596; x_wconf 87' lang='lat' dir='ltr'><strong>retinuerint;</strong></span> 
     </span>
     <span class='ocr_line' id='line_1_70' title="bbox 859 1607 1405 1671; baseline -0.002 -17"><span class='ocrx_word' id='word_1_352' title='bbox 859 1623 929 1670; x_wconf 87' lang='lat' dir='ltr'><strong>quae</strong></span> <span class='ocrx_word' id='word_1_353' title='bbox 943 1607 1037 1671; x_wconf 88' lang='lat' dir='ltr'><strong>qualia</strong></span> <span class='ocrx_word' id='word_1_354' title='bbox 1049 1623 1078 1656; x_wconf 91' lang='lat' dir='ltr'><strong>re</strong></span> <span class='ocrx_word' id='word_1_355' title='bbox 1091 1621 1159 1656; x_wconf 87' lang='lat' dir='ltr'><strong>vera</strong></span> <span class='ocrx_word' id='word_1_356' title='bbox 1170 1607 1238 1664; x_wconf 86' lang='lat' dir='ltr'><strong>sint,</strong></span> <span class='ocrx_word' id='word_1_357' title='bbox 1257 1619 1329 1654; x_wconf 85' lang='lat' dir='ltr'><strong>nunc</strong></span> <span class='ocrx_word' id='word_1_358' title='bbox 1347 1619 1405 1654; x_wconf 89' lang='lat' dir='ltr'><strong>uon</strong></span> 
     </span>
     <span class='ocr_line' id='line_1_71' title="bbox 859 1671 1406 1739; baseline -0.005 -16"><span class='ocrx_word' id='word_1_359' title='bbox 859 1675 1016 1739; x_wconf 88' lang='lat' dir='ltr'><strong>disquiram.</strong></span> <span class='ocrx_word' id='word_1_360' title='bbox 1028 1673 1221 1735; x_wconf 73' lang='lat' dir='ltr'><strong>Abrensioffle</strong></span> <span class='ocrx_word' id='word_1_361' title='bbox 1232 1671 1343 1722; x_wconf 90' lang='lat' dir='ltr'><strong>dialect.</strong></span> <span class='ocrx_word' id='word_1_362' title='bbox 1349 1673 1406 1721; x_wconf 61' lang='lat' dir='ltr'><strong>Da</strong></span> 
     </span>
     <span class='ocr_line' id='line_1_72' title="bbox 859 1739 1405 1806; baseline -0.007 -15"><span class='ocrx_word' id='word_1_363' title='bbox 859 1743 908 1791; x_wconf 90' lang='lat' dir='ltr'><strong>ric.</strong></span> <span class='ocrx_word' id='word_1_364' title='bbox 923 1757 986 1806; x_wconf 84' lang='lat' dir='ltr'><strong>pag.</strong></span> <span class='ocrx_word' id='word_1_365' title='bbox 1002 1741 1024 1790; x_wconf 91' lang='lat'><strong>1.</strong></span> <span class='ocrx_word' id='word_1_366' title='bbox 1038 1739 1105 1802; x_wconf 86' lang='lat' dir='ltr'><strong>not.)</strong></span> <span class='ocrx_word' id='word_1_367' title='bbox 1120 1756 1211 1804; x_wconf 86' lang='lat' dir='ltr'><strong>pauca</strong></span> <span class='ocrx_word' id='word_1_368' title='bbox 1223 1741 1251 1788; x_wconf 91' lang='lat' dir='ltr'><strong>in</strong></span> <span class='ocrx_word' id='word_1_369' title='bbox 1264 1741 1405 1789; x_wconf 88' lang='lat' dir='ltr'><strong>Zaconum</strong></span> 
     </span>
     <span class='ocr_line' id='line_1_73' title="bbox 858 1807 1406 1874; baseline -0.005 -16"><span class='ocrx_word' id='word_1_370' title='bbox 858 1809 955 1874; x_wconf 85' lang='lat' dir='ltr'><strong>lingua</strong></span> <span class='ocrx_word' id='word_1_371' title='bbox 972 1809 1063 1858; x_wconf 88' lang='lat' dir='ltr'><strong>inesse</strong></span> <span class='ocrx_word' id='word_1_372' title='bbox 1080 1809 1220 1868; x_wconf 87' lang='lat' dir='ltr'><strong>videntur,</strong></span> <span class='ocrx_word' id='word_1_373' title='bbox 1239 1823 1309 1871; x_wconf 91' lang='lat' dir='ltr'><strong>quae</strong></span> <span class='ocrx_word' id='word_1_374' title='bbox 1323 1807 1406 1856; x_wconf 89' lang='lat' dir='ltr'><strong>Dori-</strong></span> 
     </span>
     <span class='ocr_line' id='line_1_74' title="bbox 860 1875 1406 1926; baseline -0.005 0"><span class='ocrx_word' id='word_1_375' title='bbox 860 1892 910 1926; x_wconf 86' lang='lat' dir='ltr'><strong>cae</strong></span> <span class='ocrx_word' id='word_1_376' title='bbox 929 1882 957 1926; x_wconf 90' lang='lat' dir='ltr'><strong>ct</strong></span> <span class='ocrx_word' id='word_1_377' title='bbox 968 1875 1127 1926; x_wconf 89' lang='lat' dir='ltr'><strong>Laconicae</strong></span> <span class='ocrx_word' id='word_1_378' title='bbox 1139 1875 1253 1925; x_wconf 86' lang='lat' dir='ltr'><strong>dialecti</strong></span> <span class='ocrx_word' id='word_1_379' title='bbox 1269 1889 1320 1924; x_wconf 89' lang='lat' dir='ltr'><strong>uos</strong></span> <span class='ocrx_word' id='word_1_380' title='bbox 1332 1890 1406 1924; x_wconf 91' lang='lat' dir='ltr'><strong>com-</strong></span> 
     </span>
     <span class='ocr_line' id='line_1_75' title="bbox 859 1942 1404 2007; baseline -0.006 -13"><span class='ocrx_word' id='word_1_381' title='bbox 859 1944 1064 1994; x_wconf 83' lang='lat' dir='ltr'><strong>monefaciant:</strong></span> <span class='ocrx_word' id='word_1_382' title='bbox 1094 1942 1212 2007; x_wconf 86' lang='lat' dir='ltr'><strong>plurima</strong></span> <span class='ocrx_word' id='word_1_383' title='bbox 1239 1942 1404 2006; x_wconf 85' lang='lat' dir='ltr'><strong>pravissime</strong></span> 
     </span>
     <span class='ocr_line' id='line_1_76' title="bbox 860 2008 1405 2076; baseline -0.009 -14"><span class='ocrx_word' id='word_1_384' title='bbox 860 2016 988 2076; x_wconf 87' lang='lat' dir='ltr'><strong>corrupta</strong></span> <span class='ocrx_word' id='word_1_385' title='bbox 1005 2015 1033 2060; x_wconf 91' lang='lat' dir='ltr'><strong>et</strong></span> <span class='ocrx_word' id='word_1_386' title='bbox 1049 2009 1178 2060; x_wconf 86' lang='lat' dir='ltr'><strong>mutilata</strong></span> <span class='ocrx_word' id='word_1_387' title='bbox 1195 2010 1285 2074; x_wconf 87' lang='lat' dir='ltr'><strong>potius</strong></span> <span class='ocrx_word' id='word_1_388' title='bbox 1301 2008 1344 2058; x_wconf 89' lang='lat' dir='ltr'><strong>illi</strong></span> <span class='ocrx_word' id='word_1_389' title='bbox 1361 2010 1405 2059; x_wconf 86' lang='lat' dir='ltr'><strong>vi·</strong></span> 
     </span>
     <span class='ocr_line' id='line_1_77' title="bbox 860 2077 1405 2142; baseline -0.007 -13"><span class='ocrx_word' id='word_1_390' title='bbox 860 2081 970 2138; x_wconf 88' lang='lat' dir='ltr'><strong>dentur,</strong></span> <span class='ocrx_word' id='word_1_391' title='bbox 995 2093 1076 2142; x_wconf 88' lang='lat' dir='ltr'><strong>qnam</strong></span> <span class='ocrx_word' id='word_1_392' title='bbox 1097 2093 1130 2127; x_wconf 86' lang='lat' dir='ltr'><strong>ex</strong></span> <span class='ocrx_word' id='word_1_393' title='bbox 1152 2079 1246 2142; x_wconf 85' lang='lat' dir='ltr'><strong>prisca</strong></span> <span class='ocrx_word' id='word_1_394' title='bbox 1262 2077 1405 2126; x_wconf 88' lang='lat' dir='ltr'><strong>Laconum</strong></span> 
     </span>
     <span class='ocr_line' id='line_1_78' title="bbox 859 2145 1406 2212; baseline -0.004 -16"><span class='ocrx_word' id='word_1_395' title='bbox 859 2147 955 2212; x_wconf 83' lang='lat' dir='ltr'><strong>lingua</strong></span> <span class='ocrx_word' id='word_1_396' title='bbox 973 2161 1022 2210; x_wconf 89' lang='lat' dir='ltr'><strong>per</strong></span> <span class='ocrx_word' id='word_1_397' title='bbox 1043 2149 1085 2194; x_wconf 91' lang='lat' dir='ltr'><strong>tot</strong></span> <span class='ocrx_word' id='word_1_398' title='bbox 1101 2159 1182 2194; x_wconf 84' lang='lat' dir='ltr'><strong>casus</strong></span> <span class='ocrx_word' id='word_1_399' title='bbox 1200 2149 1320 2194; x_wconf 84' lang='lat' dir='ltr'><strong>servata.</strong></span> <span class='ocrx_word' id='word_1_400' title='bbox 1360 2145 1406 2194; x_wconf 83' lang='lat' dir='ltr'><strong>De</strong></span> 
     </span>
     <span class='ocr_line' id='line_1_79' title="bbox 859 2213 1405 2278; baseline -0.007 -14"><span class='ocrx_word' id='word_1_401' title='bbox 859 2213 1014 2264; x_wconf 88' lang='lat' dir='ltr'><strong>Zaconibns</strong></span> <span class='ocrx_word' id='word_1_402' title='bbox 1031 2228 1118 2278; x_wconf 90' lang='lat' dir='ltr'><strong>nuper</strong></span> <span class='ocrx_word' id='word_1_403' title='bbox 1134 2227 1241 2278; x_wconf 88' lang='lat' dir='ltr'><strong>qnoque</strong></span> <span class='ocrx_word' id='word_1_404' title='bbox 1264 2213 1306 2261; x_wconf 90' lang='lat' dir='ltr'><strong>ita</strong></span> <span class='ocrx_word' id='word_1_405' title='bbox 1324 2227 1405 2276; x_wconf 83' lang='lat' dir='ltr'><strong>expo-</strong></span> 
     </span>
     <span class='ocr_line' id='line_1_80' title="bbox 860 2278 1406 2331; baseline -0.007 0"><span class='ocrx_word' id='word_1_406' title='bbox 860 2283 914 2331; x_wconf 90' lang='lat' dir='ltr'><strong>suit</strong></span> <span class='ocrx_word' id='word_1_407' title='bbox 932 2280 1064 2330; x_wconf 84' lang='lat' dir='ltr'><strong>Ellissen:</strong></span> <span class='ocrx_word' id='word_1_408' title='bbox 1086 2278 1241 2328; x_wconf 78' lang='lat' dir='ltr'><strong>Analelrten</strong></span> <span class='ocrx_word' id='word_1_409' title='bbox 1259 2279 1284 2328; x_wconf 96' lang='lat' dir='ltr'><strong>d.</strong></span> <span class='ocrx_word' id='word_1_410' title='bbox 1303 2279 1406 2328; x_wconf 84' lang='lat' dir='ltr'><strong>mittel-</strong></span> 
     </span>
     <span class='ocr_line' id='line_1_81' title="bbox 859 2345 1406 2411; baseline -0.007 -12"><span class='ocrx_word' id='word_1_411' title='bbox 859 2365 885 2398; x_wconf 91' lang='lat' dir='ltr'><strong>u.</strong></span> <span class='ocrx_word' id='word_1_412' title='bbox 899 2347 1059 2411; x_wconf 77' lang='lat' dir='ltr'><strong>neugriech.</strong></span> <span class='ocrx_word' id='word_1_413' title='bbox 1071 2347 1268 2406; x_wconf 87' lang='lat' dir='ltr'><strong>Literatur1V‚</strong></span> <span class='ocrx_word' id='word_1_414' title='bbox 1279 2346 1303 2395; x_wconf 94' lang='lat' dir='ltr'><strong>l.</strong></span> <span class='ocrx_word' id='word_1_415' title='bbox 1316 2363 1342 2411; x_wconf 87' lang='lat' dir='ltr'><strong>p.</strong></span> <span class='ocrx_word' id='word_1_416' title='bbox 1353 2345 1406 2396; x_wconf 82' lang='grc'><strong>350</strong></span> 
     </span>
     <span class='ocr_line' id='line_1_82' title="bbox 860 2415 1405 2482; baseline -0.007 -16"><span class='ocrx_word' id='word_1_417' title='bbox 860 2433 916 2482; x_wconf 86' lang='lat' dir='ltr'><strong>seq.</strong></span> <span class='ocrx_word' id='word_1_418' title='bbox 934 2415 982 2466; x_wconf 76' lang='lat'><strong>357</strong></span> <span class='ocrx_word' id='word_1_419' title='bbox 995 2423 1067 2479; x_wconf 79' lang='lat' dir='ltr'><strong>seq;‚</strong></span> <span class='ocrx_word' id='word_1_420' title='bbox 1085 2419 1115 2463; x_wconf 89' lang='lat' dir='ltr'><strong>ut</strong></span> <span class='ocrx_word' id='word_1_421' title='bbox 1127 2415 1267 2464; x_wconf 82' lang='lat' dir='ltr'><strong>Laconum</strong></span> <span class='ocrx_word' id='word_1_422' title='bbox 1279 2419 1405 2478; x_wconf 88' lang='lat' dir='ltr'><strong>posteros</strong></span> 
     </span>
     <span class='ocr_line' id='line_1_83' title="bbox 861 2480 1404 2547; baseline -0.007 -13"><span class='ocrx_word' id='word_1_423' title='bbox 861 2499 908 2534; x_wconf 89' lang='lat' dir='ltr'><strong>eos</strong></span> <span class='ocrx_word' id='word_1_424' title='bbox 927 2499 988 2534; x_wconf 90' lang='lat' dir='ltr'><strong>esse</strong></span> <span class='ocrx_word' id='word_1_425' title='bbox 1001 2482 1182 2547; x_wconf 87' lang='lat' dir='ltr'><strong>probabiliter</strong></span> <span class='ocrx_word' id='word_1_426' title='bbox 1194 2480 1335 2531; x_wconf 86' lang='lat' dir='ltr'><strong>habendos</strong></span> <span class='ocrx_word' id='word_1_427' title='bbox 1347 2486 1404 2530; x_wconf 89' lang='lat' dir='ltr'><strong>sta·</strong></span> 
     </span>
     <span class='ocr_line' id='line_1_84' title="bbox 860 2557 960 2601; baseline -0.01 0"><span class='ocrx_word' id='word_1_428' title='bbox 860 2557 960 2601; x_wconf 79' lang='lat' dir='ltr'><strong>ureret.</strong></span> 
     </span>
    </p>
   </div>
   <div class='ocr_carea' id='block_1_8' title="bbox 859 2643 1408 4339">
    <p class='ocr_par' dir='ltr' id='par_1_8' title="bbox 859 2643 1408 4339">
     <span class='ocr_line' id='line_1_85' title="bbox 895 2643 1405 2715; baseline -0.012 -13"><span class='ocrx_word' id='word_1_429' title='bbox 895 2643 1132 2714; x_wconf 73' lang='grc' dir='ltr'><strong><em>ἐκδεδωρίευνται</em></strong></span> <span class='ocrx_word' id='word_1_430' title='bbox 1146 2643 1187 2715; x_wconf 67' lang='grc' dir='ltr'><strong>δὲ]</strong></span> <span class='ocrx_word' id='word_1_431' title='bbox 1205 2649 1339 2710; x_wconf 61' lang='lat' dir='ltr'><strong>..mortua</strong></span> <span class='ocrx_word' id='word_1_432' title='bbox 1354 2651 1405 2699; x_wconf 81' lang='lat' dir='ltr'><strong>dis-</strong></span> 
     </span>
     <span class='ocr_line' id='line_1_86' title="bbox 860 2719 1405 2784; baseline -0.009 -14"><span class='ocrx_word' id='word_1_433' title='bbox 860 2722 955 2784; x_wconf 81' lang='lat' dir='ltr'><strong>ciplina</strong></span> <span class='ocrx_word' id='word_1_434' title='bbox 977 2721 1134 2784; x_wconf 82' lang='lat' dir='ltr'><strong>dialectoque</strong></span> <span class='ocrx_word' id='word_1_435' title='bbox 1156 2719 1241 2768; x_wconf 79' lang='lat' dir='ltr'><strong>Dares</strong></span> <span class='ocrx_word' id='word_1_436' title='bbox 1261 2724 1405 2780; x_wconf 73' lang='lat' dir='ltr'><strong>erasmae,</strong></span> 
     </span>
     <span class='ocr_line' id='line_1_87' title="bbox 859 2786 1407 2852; baseline -0.004 -16"><span class='ocrx_word' id='word_1_437' title='bbox 859 2791 953 2852; x_wconf 75' lang='lat' dir='ltr'><strong>partlm</strong></span> <span class='ocrx_word' id='word_1_438' title='bbox 961 2786 1056 2836; x_wconf 81' lang='lat' dir='ltr'><strong>subditi</strong></span> <span class='ocrx_word' id='word_1_439' title='bbox 1061 2787 1212 2850; x_wconf 68' lang='lat' dir='ltr'><strong>Araborum</strong></span> <span class='ocrx_word' id='word_1_440' title='bbox 1222 2787 1334 2850; x_wconf 78' lang='lat' dir='ltr'><strong>imperia,</strong></span> <span class='ocrx_word' id='word_1_441' title='bbox 1342 2801 1407 2848; x_wconf 83' lang='lat' dir='ltr'><strong>por-</strong></span> 
     </span>
     <span class='ocr_line' id='line_1_88' title="bbox 859 2851 1404 2932; baseline -0.006 -28"><span class='ocrx_word' id='word_1_442' title='bbox 859 2858 902 2904; x_wconf 83' lang='lat' dir='ltr'><strong>ttm</strong></span> <span class='ocrx_word' id='word_1_443' title='bbox 926 2860 999 2919; x_wconf 80' lang='lat' dir='ltr'><strong>lapsu</strong></span> <span class='ocrx_word' id='word_1_444' title='bbox 1022 2851 1178 2918; x_wconf 84' lang='lat' dir='ltr'><strong>temporis.“</strong></span> <span class='ocrx_word' id='word_1_445' title='bbox 1209 2854 1404 2932; x_wconf 59' lang='lat' dir='ltr'><strong>Jt&#39;fasettaq.</strong></span> 
     </span>
     <span class='ocr_line' id='line_1_89' title="bbox 860 2916 1407 2983; baseline -0.009 -10"><span class='ocrx_word' id='word_1_446' title='bbox 860 2923 915 2973; x_wconf 77' lang='lat' dir='ltr'><strong>Ubi</strong></span> <span class='ocrx_word' id='word_1_447' title='bbox 927 2923 1001 2972; x_wconf 80' lang='lat' dir='ltr'><strong>haud</strong></span> <span class='ocrx_word' id='word_1_448' title='bbox 1012 2936 1126 2972; x_wconf 87' lang='lat' dir='ltr'><strong>necesse</strong></span> <span class='ocrx_word' id='word_1_449' title='bbox 1139 2916 1187 2970; x_wconf 80' lang='lat' dir='ltr'><strong>aul</strong></span> <span class='ocrx_word' id='word_1_450' title='bbox 1200 2935 1266 2970; x_wconf 84' lang='grc' dir='ltr'><strong><em>οιιο</em></strong></span> <span class='ocrx_word' id='word_1_451' title='bbox 1278 2917 1330 2970; x_wconf 79' lang='grc' dir='ltr'><strong>τοῦ</strong></span> <span class='ocrx_word' id='word_1_452' title='bbox 1342 2933 1407 2983; x_wconf 66' lang='grc' dir='ltr'><strong><em>χρο-</em></strong></span> 
     </span>
     <span class='ocr_line' id='line_1_90' title="bbox 862 2986 1405 3052; baseline -0.011 -11"><span class='ocrx_word' id='word_1_453' title='bbox 862 2990 1051 3050; x_wconf 80' lang='lat' dir='ltr'><strong>vooscribere,</strong></span> <span class='ocrx_word' id='word_1_454' title='bbox 1084 2988 1135 3038; x_wconf 90' lang='lat' dir='ltr'><strong>uod</strong></span> <span class='ocrx_word' id='word_1_455' title='bbox 1147 2988 1240 3038; x_wconf 84' lang='lat' dir='ltr'><strong>arrisit</strong></span> <span class='ocrx_word' id='word_1_456' title='bbox 1249 2986 1405 3052; x_wconf 81' lang='lat' dir='ltr'><strong>Schweigh.</strong></span> 
     </span>
     <span class='ocr_line' id='line_1_91' title="bbox 861 3005 1404 3119; baseline -0.006 -13"><span class='ocrx_word' id='word_1_457' title='bbox 861 3059 980 3108; x_wconf 88' lang='lat' dir='ltr'><strong>Verbum</strong></span> <span class='ocrx_word' id='word_1_458' title='bbox 998 3005 1234 3119; x_wconf 69' lang='grc' dir='ltr'><strong><em>ἐκδεδωρίευνται</em></strong></span> <span class='ocrx_word' id='word_1_459' title='bbox 1252 3056 1276 3104; x_wconf 92' lang='lat' dir='ltr'><strong>si</strong></span> <span class='ocrx_word' id='word_1_460' title='bbox 1290 3053 1404 3119; x_wconf 89' lang='lat' dir='ltr'><strong>probum</strong></span> 
     </span>
     <span class='ocr_line' id='line_1_92' title="bbox 863 3114 1405 3188; baseline -0.009 -12"><span class='ocrx_word' id='word_1_461' title='bbox 863 3132 913 3188; x_wconf 90' lang='lat' dir='ltr'><strong>cst,</strong></span> <span class='ocrx_word' id='word_1_462' title='bbox 928 3125 1071 3175; x_wconf 89' lang='lat' dir='ltr'><strong>descendit</strong></span> <span class='ocrx_word' id='word_1_463' title='bbox 1084 3141 1100 3173; x_wconf 88' lang='lat' dir='ltr'><strong>a</strong></span> <span class='ocrx_word' id='word_1_464' title='bbox 1109 3123 1193 3173; x_wconf 87' lang='lat' dir='ltr'><strong>verbo</strong></span> <span class='ocrx_word' id='word_1_465' title='bbox 1205 3114 1342 3185; x_wconf 75' lang='grc' dir='ltr'><strong><em>δωριεύω,</em></strong></span> <span class='ocrx_word' id='word_1_466' title='bbox 1358 3137 1405 3171; x_wconf 91' lang='lat' dir='ltr'><strong>cu-</strong></span> 
     </span>
     <span class='ocr_line' id='line_1_93' title="bbox 862 3189 1406 3256; baseline -0.011 -13"><span class='ocrx_word' id='word_1_467' title='bbox 862 3195 905 3244; x_wconf 88' lang='lat' dir='ltr'><strong>ius</strong></span> <span class='ocrx_word' id='word_1_468' title='bbox 917 3193 978 3243; x_wconf 92' lang='lat' dir='ltr'><strong>loco</strong></span> <span class='ocrx_word' id='word_1_469' title='bbox 992 3192 1062 3253; x_wconf 88' lang='lat' dir='ltr'><strong>quod</strong></span> <span class='ocrx_word' id='word_1_470' title='bbox 1075 3192 1104 3240; x_wconf 90' lang='lat' dir='ltr'><strong>iu</strong></span> <span class='ocrx_word' id='word_1_471' title='bbox 1116 3191 1211 3256; x_wconf 86' lang='lat' dir='ltr'><strong>Steph.</strong></span> <span class='ocrx_word' id='word_1_472' title='bbox 1225 3206 1311 3255; x_wconf 83' lang='lat' dir='ltr'><strong>marg.</strong></span> <span class='ocrx_word' id='word_1_473' title='bbox 1325 3189 1406 3238; x_wconf 80' lang='lat' dir='ltr'><strong>aller-</strong></span> 
     </span>
     <span class='ocr_line' id='line_1_94' title="bbox 861 3249 1406 3322; baseline -0.011 -12"><span class='ocrx_word' id='word_1_474' title='bbox 861 3267 906 3311; x_wconf 90' lang='lat' dir='ltr'><strong>tur</strong></span> <span class='ocrx_word' id='word_1_475' title='bbox 923 3252 1129 3322; x_wconf 76' lang='grc' dir='ltr'><strong><em>ἐιιδεδωρίαιαι</em></strong></span> <span class='ocrx_word' id='word_1_476' title='bbox 1151 3257 1211 3318; x_wconf 85' lang='lat' dir='ltr'><strong>(aut</strong></span> <span class='ocrx_word' id='word_1_477' title='bbox 1233 3249 1406 3320; x_wconf 80' lang='grc' dir='ltr'><strong><em>ίιιδιδωριᾱ-</em></strong></span> 
     </span>
     <span class='ocr_line' id='line_1_95' title="bbox 861 3325 1406 3390; baseline -0.011 -12"><span class='ocrx_word' id='word_1_478' title='bbox 861 3344 921 3390; x_wconf 87' lang='grc' dir='ltr'><strong><em>ται,</em></strong></span> <span class='ocrx_word' id='word_1_479' title='bbox 940 3331 1015 3378; x_wconf 90' lang='lat' dir='ltr'><strong>utin</strong></span> <span class='ocrx_word' id='word_1_480' title='bbox 1033 3343 1086 3376; x_wconf 91' lang='lat' dir='ltr'><strong>uno</strong></span> <span class='ocrx_word' id='word_1_481' title='bbox 1104 3327 1231 3376; x_wconf 85' lang='lat' dir='ltr'><strong>Parisino</strong></span> <span class='ocrx_word' id='word_1_482' title='bbox 1248 3325 1319 3374; x_wconf 89' lang='lat' dir='ltr'><strong>libro</strong></span> <span class='ocrx_word' id='word_1_483' title='bbox 1337 3325 1406 3374; x_wconf 90' lang='lat' dir='ltr'><strong>scri-</strong></span> 
     </span>
     <span class='ocr_line' id='line_1_96' title="bbox 862 3384 1406 3462; baseline -0.011 -16"><span class='ocrx_word' id='word_1_484' title='bbox 862 3401 937 3462; x_wconf 89' lang='lat' dir='ltr'><strong>ptum</strong></span> <span class='ocrx_word' id='word_1_485' title='bbox 959 3395 1111 3456; x_wconf 78' lang='lat' dir='ltr'><strong>invenitur,</strong></span> <span class='ocrx_word' id='word_1_486' title='bbox 1137 3399 1185 3443; x_wconf 86' lang='lat' dir='ltr'><strong>aut</strong></span> <span class='ocrx_word' id='word_1_487' title='bbox 1206 3384 1406 3453; x_wconf 80' lang='grc' dir='ltr'><strong><em>ἐκδεδωρίοιτε,</em></strong></span> 
     </span>
     <span class='ocr_line' id='line_1_97' title="bbox 862 3459 1406 3593; baseline -0.013 -12"><span class='ocrx_word' id='word_1_488' title='bbox 862 3459 1406 3593; x_wconf 57' lang='lat' dir='ltr'><strong>{tlttlttttttt.lltt&#39;tt‘lthtd</strong></span> 
     </span>
     <span class='ocr_line' id='line_1_98' title="bbox 862 3592 1405 3662; baseline -0.013 -13"><span class='ocrx_word' id='word_1_489' title='bbox 862 3598 930 3662; x_wconf 78' lang='grc' dir='ltr'><strong><em>ζειν)</em></strong></span> <span class='ocrx_word' id='word_1_490' title='bbox 944 3597 1029 3648; x_wconf 83' lang='lat' dir='ltr'><strong>facile</strong></span> <span class='ocrx_word' id='word_1_491' title='bbox 1042 3597 1113 3647; x_wconf 87' lang='lat' dir='ltr'><strong>verti</strong></span> <span class='ocrx_word' id='word_1_492' title='bbox 1129 3611 1210 3661; x_wconf 89' lang='lat' dir='ltr'><strong>posse</strong></span> <span class='ocrx_word' id='word_1_493' title='bbox 1222 3595 1329 3645; x_wconf 83' lang='lat' dir='ltr'><strong>iudicat</strong></span> <span class='ocrx_word' id='word_1_494' title='bbox 1340 3592 1405 3642; x_wconf 83' lang='lat' dir='ltr'><strong>Val-</strong></span> 
     </span>
     <span class='ocr_line' id='line_1_99' title="bbox 863 3661 1407 3728; baseline -0.011 -12"><span class='ocrx_word' id='word_1_495' title='bbox 863 3667 957 3728; x_wconf 90' lang='lat' dir='ltr'><strong>cken.‚</strong></span> <span class='ocrx_word' id='word_1_496' title='bbox 989 3681 1006 3714; x_wconf 91' lang='lat' dir='ltr'><strong>a</strong></span> <span class='ocrx_word' id='word_1_497' title='bbox 1029 3664 1113 3715; x_wconf 85' lang='lat' dir='ltr'><strong>verbo</strong></span> <span class='ocrx_word' id='word_1_498' title='bbox 1138 3661 1268 3724; x_wconf 75' lang='grc' dir='ltr'><strong><em>δωρίζειν</em></strong></span> <span class='ocrx_word' id='word_1_499' title='bbox 1293 3661 1407 3712; x_wconf 74' lang='lat' dir='ltr'><strong>formari</strong></span> 
     </span>
     <span class='ocr_line' id='line_1_100' title="bbox 862 3719 1407 3800; baseline -0.017 -16"><span class='ocrx_word' id='word_1_500' title='bbox 862 3750 942 3800; x_wconf 89' lang='lat' dir='ltr'><strong>posse</strong></span> <span class='ocrx_word' id='word_1_501' title='bbox 960 3747 1066 3798; x_wconf 84' lang='lat' dir='ltr'><strong>negans</strong></span> <span class='ocrx_word' id='word_1_502' title='bbox 1084 3721 1247 3794; x_wconf 76' lang='grc' dir='ltr'><strong><em>ἒιιδωρίζιιν</em></strong></span> <span class='ocrx_word' id='word_1_503' title='bbox 1259 3743 1347 3794; x_wconf 86' lang='lat' dir='ltr'><strong>neque</strong></span> <span class='ocrx_word' id='word_1_504' title='bbox 1361 3719 1407 3779; x_wconf 82' lang='grc' dir='ltr'><strong><em>ἒιι-</em></strong></span> 
     </span>
     <span class='ocr_line' id='line_1_101' title="bbox 863 3796 1407 3862; baseline -0.013 -11"><span class='ocrx_word' id='word_1_505' title='bbox 863 3799 1049 3862; x_wconf 76' lang='grc' dir='ltr'><strong><em>δεδωρίοθαι,</em></strong></span> <span class='ocrx_word' id='word_1_506' title='bbox 1063 3800 1103 3848; x_wconf 89' lang='lat' dir='ltr'><strong>ita</strong></span> <span class='ocrx_word' id='word_1_507' title='bbox 1112 3803 1143 3848; x_wconf 91' lang='lat' dir='ltr'><strong>ut</strong></span> <span class='ocrx_word' id='word_1_508' title='bbox 1154 3813 1244 3858; x_wconf 88' lang='lat' dir='ltr'><strong>unum,</strong></span> <span class='ocrx_word' id='word_1_509' title='bbox 1259 3797 1329 3862; x_wconf 91' lang='lat' dir='ltr'><strong>qnod</strong></span> <span class='ocrx_word' id='word_1_510' title='bbox 1341 3796 1407 3846; x_wconf 90' lang='lat' dir='ltr'><strong>huic</strong></span> 
     </span>
     <span class='ocr_line' id='line_1_102' title="bbox 862 3853 1405 3927; baseline -0.013 -8"><span class='ocrx_word' id='word_1_511' title='bbox 862 3869 923 3919; x_wconf 91' lang='lat' dir='ltr'><strong>loco</strong></span> <span class='ocrx_word' id='word_1_512' title='bbox 941 3868 1100 3927; x_wconf 82' lang='lat' dir='ltr'><strong>conveniat,</strong></span> <span class='ocrx_word' id='word_1_513' title='bbox 1124 3871 1212 3916; x_wconf 91' lang='lat' dir='ltr'><strong>restet</strong></span> <span class='ocrx_word' id='word_1_514' title='bbox 1228 3865 1340 3915; x_wconf 89' lang='lat' dir='ltr'><strong>verbum</strong></span> <span class='ocrx_word' id='word_1_515' title='bbox 1360 3853 1405 3913; x_wconf 77' lang='grc' dir='ltr'><strong>ἐκ·</strong></span> 
     </span>
     <span class='ocr_line' id='line_1_103' title="bbox 863 3927 1408 3998; baseline -0.015 -11"><span class='ocrx_word' id='word_1_516' title='bbox 863 3933 1057 3998; x_wconf 66' lang='lat' dir='ltr'><strong>reprotaret,</strong></span> <span class='ocrx_word' id='word_1_517' title='bbox 1088 3949 1104 3983; x_wconf 89' lang='lat' dir='ltr'><strong>a</strong></span> <span class='ocrx_word' id='word_1_518' title='bbox 1132 3949 1199 3985; x_wconf 89' lang='lat' dir='ltr'><strong>voce</strong></span> <span class='ocrx_word' id='word_1_519' title='bbox 1225 3927 1336 3995; x_wconf 70' lang='grc' dir='ltr'><strong><em>Δώριος</em></strong></span> <span class='ocrx_word' id='word_1_520' title='bbox 1360 3930 1408 3980; x_wconf 90' lang='lat' dir='ltr'><strong>du-</strong></span> 
     </span>
     <span class='ocr_line' id='line_1_104' title="bbox 863 4001 1408 4058; baseline -0.011 -5"><span class='ocrx_word' id='word_1_521' title='bbox 863 4009 950 4054; x_wconf 89' lang='lat' dir='ltr'><strong>ctum:</strong></span> <span class='ocrx_word' id='word_1_522' title='bbox 972 4005 998 4052; x_wconf 84' lang='lat' dir='ltr'><strong>in</strong></span> <span class='ocrx_word' id='word_1_523' title='bbox 1015 4003 1176 4058; x_wconf 76' lang='lat' dir='ltr'><strong>Iler-tensium</strong></span> <span class='ocrx_word' id='word_1_524' title='bbox 1195 4007 1311 4050; x_wconf 84' lang='lat' dir='ltr'><strong>naturam</strong></span> <span class='ocrx_word' id='word_1_525' title='bbox 1331 4001 1408 4048; x_wconf 78' lang='lat' dir='ltr'><strong>vetuti</strong></span> 
     </span>
     <span class='ocr_line' id='line_1_105' title="bbox 863 4067 1407 4135; baseline -0.017 -13"><span class='ocrx_word' id='word_1_526' title='bbox 863 4074 1035 4135; x_wconf 69' lang='lat' dir='ltr'><strong>depenerarcr</strong></span> <span class='ocrx_word' id='word_1_527' title='bbox 1053 4069 1137 4134; x_wconf 73' lang='lat' dir='ltr'><strong>ltnpari</strong></span> <span class='ocrx_word' id='word_1_528' title='bbox 1149 4073 1199 4130; x_wconf 81' lang='lat' dir='ltr'><strong>att,</strong></span> <span class='ocrx_word' id='word_1_529' title='bbox 1212 4067 1321 4118; x_wconf 70' lang='lat' dir='ltr'><strong>meridia</strong></span> <span class='ocrx_word' id='word_1_530' title='bbox 1332 4072 1358 4116; x_wconf 85' lang='lat' dir='ltr'><strong>et</strong></span> <span class='ocrx_word' id='word_1_531' title='bbox 1369 4067 1407 4114; x_wconf 83' lang='lat' dir='ltr'><strong>in·</strong></span> 
     </span>
     <span class='ocr_line' id='line_1_106' title="bbox 862 4123 1407 4202; baseline -0.013 -14"><span class='ocrx_word' id='word_1_532' title='bbox 862 4141 956 4188; x_wconf 70' lang='lat' dir='ltr'><strong>utitatis</strong></span> <span class='ocrx_word' id='word_1_533' title='bbox 977 4139 1091 4199; x_wconf 80' lang='lat' dir='ltr'><strong>Ilortcic,</strong></span> <span class='ocrx_word' id='word_1_534' title='bbox 1116 4133 1340 4202; x_wconf 88' lang='lat' dir='ltr'><strong>quemadmodum</strong></span> <span class='ocrx_word' id='word_1_535' title='bbox 1362 4123 1407 4182; x_wconf 77' lang='grc' dir='ltr'><strong>ἐκ·</strong></span> 
     </span>
     <span class='ocr_line' id='line_1_107' title="bbox 864 4197 1406 4271; baseline -0.013 -16"><span class='ocrx_word' id='word_1_536' title='bbox 864 4197 1013 4271; x_wconf 81' lang='grc' dir='ltr'><strong><em>βαρβαρόω</em></strong></span> <span class='ocrx_word' id='word_1_537' title='bbox 1034 4204 1106 4270; x_wconf 85' lang='lat' dir='ltr'><strong>apud</strong></span> <span class='ocrx_word' id='word_1_538' title='bbox 1126 4203 1236 4253; x_wconf 89' lang='lat' dir='ltr'><strong>Platon.</strong></span> <span class='ocrx_word' id='word_1_539' title='bbox 1258 4203 1309 4266; x_wconf 88' lang='lat' dir='ltr'><strong>Ep.</strong></span> <span class='ocrx_word' id='word_1_540' title='bbox 1329 4199 1406 4249; x_wconf 89' lang='lat' dir='ltr'><strong>v111.</strong></span> 
     </span>
     <span class='ocr_line' id='line_1_108' title="bbox 863 4265 1406 4339; baseline -0.017 -15"><span class='ocrx_word' id='word_1_541' title='bbox 863 4291 889 4339; x_wconf 90' lang='lat' dir='ltr'><strong>p.</strong></span> <span class='ocrx_word' id='word_1_542' title='bbox 906 4271 984 4324; x_wconf 76' lang='grc'>35314</span> <span class='ocrx_word' id='word_1_543' title='bbox 1007 4271 1069 4321; x_wconf 86' lang='grc' dir='ltr'><strong><em>οοΙΙ.</em></strong></span> <span class='ocrx_word' id='word_1_544' title='bbox 1094 4271 1217 4337; x_wconf 85' lang='lat' dir='ltr'><strong>Euripid.</strong></span> <span class='ocrx_word' id='word_1_545' title='bbox 1238 4269 1328 4320; x_wconf 88' lang='lat' dir='ltr'><strong>Orest.</strong></span> <span class='ocrx_word' id='word_1_546' title='bbox 1346 4265 1406 4316; x_wconf 78' lang='lat'><strong>485.</strong></span> 
     </span>
    </p>
   </div>
   <div class='ocr_carea' id='block_1_9' title="bbox 846 4326 1407 4405">
    <p class='ocr_par' dir='ltr' id='par_1_9' title="bbox 846 4326 1407 4405">
     <span class='ocr_line' id='line_1_109' title="bbox 846 4326 1407 4405; baseline -0.014 -13"><span class='ocrx_word' id='word_1_547' title='bbox 846 4341 952 4405; x_wconf 79' lang='lat' dir='ltr'><strong>.Apoll.</strong></span> <span class='ocrx_word' id='word_1_548' title='bbox 966 4341 1054 4403; x_wconf 86' lang='lat' dir='ltr'><strong>Tyan.</strong></span> <span class='ocrx_word' id='word_1_549' title='bbox 1067 4340 1118 4404; x_wconf 85' lang='lat' dir='ltr'><strong>Ep.</strong></span> <span class='ocrx_word' id='word_1_550' title='bbox 1129 4337 1162 4389; x_wconf 86' lang='grc'><strong>34</strong></span> <span class='ocrx_word' id='word_1_551' title='bbox 1175 4337 1232 4400; x_wconf 90' lang='lat' dir='ltr'><strong>(ubi</strong></span> <span class='ocrx_word' id='word_1_552' title='bbox 1245 4326 1407 4402; x_wconf 79' lang='grc' dir='ltr'><strong><em>βαρβαρόω)</em></strong></span> 
     </span>
    </p>
   </div>
   <div class='ocr_carea' id='block_1_10' title="bbox 863 4398 1409 4473">
    <p class='ocr_par' dir='ltr' id='par_1_10' title="bbox 863 4398 1409 4473">
     <span class='ocr_line' id='line_1_110' title="bbox 863 4398 1409 4473; baseline -0.013 -15"><span class='ocrx_word' id='word_1_553' title='bbox 863 4409 983 4473; x_wconf 88' lang='lat' dir='ltr'><strong>itemque</strong></span> <span class='ocrx_word' id='word_1_554' title='bbox 997 4407 1118 4458; x_wconf 88' lang='lat' dir='ltr'><strong>iocosum</strong></span> <span class='ocrx_word' id='word_1_555' title='bbox 1127 4405 1196 4456; x_wconf 89' lang='lat' dir='ltr'><strong>illud</strong></span> <span class='ocrx_word' id='word_1_556' title='bbox 1204 4398 1409 4470; x_wconf 76' lang='grc' dir='ltr'><strong><em>πεφιλίιιιιδοῖ-</em></strong></span> 
     </span>
    </p>
   </div>
   <div class='ocr_carea' id='block_1_11' title="bbox 0 0 1549 4960">
    <p class='ocr_par' dir='ltr' id='par_1_11' title="bbox 0 0 1549 4960">
     <span class='ocr_line' id='line_1_111' title="bbox 0 0 1549 4960; baseline 0 0"><span class='ocrx_word' id='word_1_557' title='bbox 0 0 1549 4960; x_wconf 95' lang='lat' dir='ltr'><strong> </strong></span> 
     </span>
    </p>
   </div>
  </div>
 </body>
</html>
