2980 4978
272 437 332 502 484
679 431 994 498 ΟΟΜΜΕΝΤΑΤΙΟ

273 607 315 660 rel
337 607 482 660 ediderunt
501 607 544 660 vel
565 607 656 678 aliquo
677 615 753 660 certe
773 608 851 660 modo
872 613 1041 676 tractarunt,
1064 607 1133 660 idem
1159 607 1291 660 iodicium
1311 615 1400 660 uoue-

272 699 351 745 runt:
373 693 484 746 videtur
499 694 568 746 enim
584 699 680 750 auctor
695 692 793 761 libelli,
819 709 898 762 quem
916 711 970 746 non
986 693 1047 746 sine
1062 701 1121 746 arte
1136 693 1330 746 concinnatum
1345 711 1399 746 esse

270 777 417 847 profitetur
435 778 586 846 Heyne*)‚
615 778 643 829 in
671 795 753 830 unum
775 778 953 832 coniunxisse
978 777 1069 832 varin
1097 779 1270 831 narrationes
1295 779 1330 832 de
1351 777 1398 830 Hc-

269 879 341 915 mero
357 879 468 932 sparsas
484 881 534 932 per
549 863 632 915 nrbes
646 863 832 932 potissimum,
848 879 920 932 quse
931 863 991 916 eins
1006 861 1110 916 natales
1125 863 1178 916 sibi
1191 863 1334 916 vindicare
1347 871 1399 914 stu-

270 947 384 1014 debant,
408 947 531 1018 eliasque
547 947 686 1000 addidisse
701 948 822 1014 fabulas,
846 947 942 1017 quales
962 948 1014 1002 iam
1028 955 1132 1002 metare
1147 965 1197 1018 per
1212 948 1358 1002 Graeciam
1371 948 1399 999 de

269 1033 386 1084 Homero
403 1039 430 1084 et
444 1040 519 1084 ortae
535 1041 563 1085 et
577 1039 743 1102 propagatae
758 1032 895 1086 videmus:
915 1033 1047 1104 ipsosque
1061 1032 1206 1086 immiscuit
1220 1039 1322 1086 auctor
1336 1049 1398 1085 coru-

269 1117 363 1186 plures
388 1134 486 1169 versne
512 1125 624 1187 postera
647 1125 736 1171 aetate
762 1117 927 1186 compositos
953 1125 981 1169 et
1001 1117 1160 1188 plerumque
1180 1117 1308 1186 ineptos:
1337 1135 1399 1187 quse

270 1201 359 1254 omnia
376 1203 499 1272 profecto
514 1201 578 1254 talia
596 1211 676 1268 sunt,
702 1210 733 1256 ut
746 1221 837 1268 nemo,
856 1203 904 1271 qui
919 1201 1010 1272 aliquo
1026 1211 1100 1256 certe
1114 1202 1191 1256 modo
1207 1201 1344 1256 historiae
1357 1219 1397 1272 pa·

268 1293 335 1338 trem
353 1287 461 1338 noverit
475 1285 519 1339 vel
538 1287 627 1339 obiter
640 1294 746 1340 tantum
761 1287 822 1340 eius
836 1286 933 1339 Musas
950 1285 1061 1356 legerit,
1085 1289 1200 1340 animum
1215 1287 1253 1338 ite
1272 1287 1399 1340 inducere

268 1371 372 1440 possit,
399 1377 430 1422 ut
446 1371 614 1426 Herodotum
630 1371 710 1424 lmine
731 1371 815 1425 libelli
830 1379 966 1426 auctorem
987 1391 1050 1426 esse
1064 1371 1282 1439 arbitretur**)=
1312 1373 1342 1424 id
1357 1389 1398 1440 po·

267 1455 324 1508 tius
340 1455 524 1524 quaerendum
543 1456 665 1522 videtur,
690 1457 800 1525 quinam
816 1473 913 1509 revera
926 1463 1023 1510 auctor
1036 1457 1136 1524 libelli,
1157 1457 1319 1525 caeteroqui
1335 1455 1399 1508 baud

268 1539 417 1609 spernendi
431 1549 544 1610 propter
556 1541 638 1594 multa
652 1557 723 1611 quae
737 1542 860 1594 continet
873 1541 983 1594 aliunde
999 1559 1053 1595 non
1067 1543 1191 1611 cognita,
1206 1541 1245 1594 sit
1260 1541 1399 1594 habendus

268 1631 296 1675 et
319 1641 373 1694 qna
396 1625 454 1676 lere
476 1634 565 1678 aetate
586 1625 658 1678 bunc
680 1625 798 1679 libellum
818 1626 995 1696 compositum
1015 1645 1078 1680 esse
1099 1627 1303 1694 existimemus,
1326 1627 1400 1678 cuins

267 1717 364 1760 auctor
378 1709 512 1762 Herodoti
534 1728 628 1764 nomen
649 1712 779 1764 mentitus
802 1729 855 1764 non
873 1711 927 1764 nisi
949 1711 1076 1782 stupidos
1096 1711 1194 1780 opinor
1214 1709 1336 1765 lectores
1355 1709 1401 1762 lal-

267 1792 324 1844 lere
338 1793 468 1861 potnerit.
509 1796 590 1848 Hunc
609 1795 692 1847 inlimi
708 1796 769 1848 aevi
790 1797 988 1864 grammaticum
1006 1797 1095 1850 luisse
1111 1796 1158 1848 Fr.
1176 1796 1247 1864 Aug.
1268 1796 1355 1848 Woll.
1375 1796 1401 1846 in

267 1876 394 1946 Prolegg.
411 1879 445 1930 ad
460 1879 569 1932 Homer.
580 1897 644 1950 pag.
656 1879 753 1932 cctx
768 1887 917 1934 statuerat:
941 1881 1091 1934 secundum
1105 1879 1241 1934 saeculum
1257 1889 1327 1950 post
1338 1880 1400 1932 Chr.

268 1979 294 2015 n.
311 1962 374 2014 hnic
388 1965 559 2029 grammatico
581 1964 628 2034 qul
649 1970 729 2016 antea
749 1965 885 2018 tribuerat
899 1965 1113 2034 Welcier***)‚
1132 1965 1157 2018 is
1170 1971 1267 2034 postea
1279 1964 1316 2031 †)
1332 1963 1400 2016 Galli

266 2047 339 2099 docti
354 2046 407 2098 viri
417 2047 469 2114 ††)
485 2049 638 2100 rationibus
659 2048 794 2102 adductus
814 2050 848 2103 ad
863 2049 1077 2104 Ptolemaeorum
1099 2049 1167 2102 adeo
1188 2055 1307 2102 aetatem
1329 2049 1401 2102 reiicl

266 2131 326 2184 vult
347 2137 483 2184 auctorem
506 2133 587 2185 buius
604 2131 702 2200 libelli,
727 2151 808 2203 quem
828 2135 913 2188 altero
934 2143 997 2205 post
1017 2135 1157 2190 Christum
1180 2141 1271 2186 natum
1289 2134 1400 2188 saeculo

264 2215 421 2268 inferiorem
438 2235 491 2269 non
508 2236 570 2270 esse
584 2225 658 2270 recte
671 2218 733 2270 mibi
748 2220 914 2272 contendere
926 2219 1037 2273 ridetur
1049 2219 1328 2289 Sengebnscb†††)=
1345 2236 1401 2272 cum

265 2301 384 2354 conditio
403 2309 431 2354 et
445 2303 604 2372 compositio
621 2303 703 2355 buius
725 2303 808 2356 libelli
824 2304 887 2356 telis
909 2304 1016 2356 omnino
1039 2305 1146 2376 sit*†),
1168 2320 1239 2374 qnae
1260 2311 1402 2358 auctorem

265 2385 509 2440 Alexandrinorum
525 2395 614 2440 aetate
629 2387 732 2440 vixisse
747 2396 779 2441 ut
792 2395 960 2454 statuamus,
986 2389 1057 2442 baud
1074 2389 1212 2459 permittat
1228 2389 1400 2460 eundemque

264 2469 298 2521 sd
312 2471 392 2538 longe
408 2473 561 2540 posteriora
575 2480 698 2542 tempora
712 2473 832 2540 reliciat,
848 2473 950 2543 quibus
962 2473 1030 2526 alios
1041 2489 1152 2544 quoque
1165 2471 1321 2543 scriptores
1333 2475 1400 2542 (Lu-

264 2554 384 2620 cianum,
408 2555 613 2625 Cephalionem,
639 2553 694 2614 vid.
717 2575 803 2627 snpra
818 2562 844 2622 S.
862 2559 908 2624 15)
929 2557 1115 2611 Herodoteum
1136 2573 1285 2610 sermonem
1309 2575 1400 2612 aemn-

264 2637 334 2690 latoe
354 2639 447 2691 Ionica
466 2640 580 2694 dialecto
602 2641 629 2692 in
652 2640 730 2693 libris
753 2642 906 2695 scribendis
928 2658 994 2694 usos
1013 2661 1075 2696 esee
1091 2643 1223 2696 videmus.
1266 2642 1311 2695 Ad
1337 2645 1402 2696 baec

262 2722 350 2790 igitur
363 2731 485 2792 tempora
504 2733 641 2778 auctorem
664 2725 748 2778 libelli
763 2727 797 2778 de
811 2727 929 2780 Homero
948 2728 1000 2780 sub
1014 2727 1148 2782 Herodoti
1169 2726 1277 2780 nomine
1292 2728 1401 2796 vulgati

263 2807 439 2874 relegandum
458 2827 519 2862 esse
541 2810 692 2862 credimuer
716 2809 825 2862 Atticus
848 2811 925 2864 bomo
944 2817 1007 2864 nn'm
1028 2812 1127 2879 fuerit,
1156 2811 1203 2882 qni
1225 2811 1295 2864 banc
1317 2814 1401 2866 vitam

263 2891 483 2958 concinnaverit,
503 2901 534 2946 ut
549 2893 708 2946 Nitzecbins
720 2889 786 2962 *Ἣ
802 2895 951 2962 existimat,
973 2914 1007 2949 an
1024 2895 1206 2949 Alexandriae
1223 2895 1283 2950 sive
1300 2897 1359 2950 slia
1372 2899 1400 2950 in

263 2975 331 3028 urbe
348 2976 429 3028 Asiae
443 2976 554 3029 minoris
577 2979 637 3031 sive
649 2979 782 3031 Graeciae
797 2979 961 3032 delitescens
980 2981 1040 3033 sire
1055 2981 1150 3034 rhetor
1165 2981 1225 3033 sive
1241 2983 1398 3050 grammati-

262 3077 326 3124 cus,
345 3060 372 3112 id
389 3061 512 3114 indubio
528 3062 684 3132 relinquere
698 3063 798 3130 malim,
820 3081 879 3118 curn
895 3081 987 3118 omnes
1001 3065 1138 3132 rationes,
1165 3065 1266 3136 qulbus
1282 3069 1399 3135 patriam

261 3144 382 3196 auctoris
399 3161 457 3198 eum
472 3145 563 3216 aliqua
585 3147 643 3200 veri
656 3149 748 3217 specie
764 3149 933 3202 constituere
948 3150 1054 3219 possis,
1077 3167 1193 3220 prorsus
1208 3149 1312 3203 desint.
1347 3153 1400 3204 Hic

261 3228 369 3282 libellus
392 3230 424 3282 de
440 3231 549 3284 Homeri
567 3231 623 3284 vita
637 3233 777 3286 Herodoto
798 3233 868 3286 falso
884 3234 1058 3304 adscriptus,
1080 3251 1158 3306 quem
1175 3234 1268 3304 primis
1284 3235 1398 3289 Homeri

326 3479 341 3512 *
375 3481 381 3494 Ι
669 3483 674 3496 ⁸
775 3485 783 3498 7
1064 3493 1087 3507 Η

327 3482 581 3614 *l)ul’dltltlldlsedll
594 3481 835 3616 lqlrddlddpdlakrddl
843 3483 1034 3614 daldallllll’J
1047 3483 1246 3604 lld.³lldlldber.
1261 3551 1397 3604 Herodol.

260 3617 291 3666 T.
310 3617 355 3666 VI.
374 3633 437 3682 pag.
455 3615 514 3670 213.
544 3619 647 3668 Lauer:
666 3619 831 3670 Gcschicbte
849 3621 875 3670 d.
892 3621 1053 3670 homeriacb.
1072 3621 1171 3671 Poilsie
1189 3619 1303 3683 (Berlin.
1321 3621 1398 3684 1851)

260 3701 323 3748 peg.
336 3684 369 3734 dil
387 3691 414 3734 et
427 3687 473 3750 qui
486 3701 572 3750 nuper
584 3687 656 3736 hono
668 3691 753 3736 totam
767 3689 954 3750 quaestionem
971 3687 1060 3738 denno
1072 3689 1205 3738 tractavit
1217 3689 1250 3741 L.
1259 3689 1307 3740 Fr.
1318 3689 1398 3740 Men·

258 3752 331 3800 nier:
350 3754 391 3802 De
406 3753 517 3802 Homeri
533 3755 604 3812 vita,
623 3769 693 3819 quae
711 3754 761 3804 snb
779 3755 911 3806 Herodoti
923 3755 1134 3806 Halicarnaseei
1150 3755 1259 3808 nomine
1278 3757 1397 3808 circum·

259 3819 358 3880 fertur,
382 3819 522 3870 Herodoto
538 3821 733 3871 iucundissimo
750 3823 889 3874 Musarum
906 3824 1013 3874 auctori
1031 3823 1172 3889 eidemque
1190 3821 1327 3876 historiae
1344 3841 1396 3892 pa-

259 3887 330 3936 renti
342 3888 450 3937 omnino
464 3887 657 3938 abiudicande.
677 3889 766 3939 Paris.
782 3889 854 3940 1857.
873 3889 898 3940 8.

325 3951 382 4018 '**)
400 3955 510 4020 Epieclr.
524 3955 624 4020 Cyclas
636 3972 662 4022 p.
675 3955 716 4008 18.

326 4019 358 4086 †)
377 4022 443 4070 ibid.
456 4039 481 4088 p.
496 4021 637 4072 tlt-181.

324 4089 375 4152 ††)
395 4091 490 4154 Dugas
502 4091 637 4140 blontbel:
650 4091 772 4141 Histoire
786 4091 834 4142 dea
847 4089 954 4158 podeies
967 4093 1076 4144 Homer.
1090 4111 1117 4160 p.
1132 4093 1188 4144 110.

324 4155 395 4220 †††)
414 4158 442 4205 in
454 4158 602 4208 Homerica
614 4159 753 4210 dissertat.
766 4161 847 4226 prior.
860 4177 924 4226 pag.
936 4159 961 4208 8.
996 4192 1000 4200 ·

323 4223 370 4284 *ἢ
390 4224 450 4272 Vid.
468 4225 546 4275 modo
568 4241 639 4290 quae
660 4227 791 4276 disseruit
807 4227 928 4278 Nitzscb.
946 4227 1112 4280 Meletemm.
1134 4229 1168 4280 de
1189 4229 1253 4280 hist.
1275 4229 1393 4280 Homeri

257 4289 287 4340 P.
301 4291 336 4339 ΙΙ.
351 4307 413 4354 pag.
427 4289 460 4340 68
472 4309 547 4356 seqq.
561 4299 589 4342 et
602 4294 674 4343 conl.
689 4295 772 4344 etiam
785 4295 882 4359 Heyne
895 4295 956 4344 loco
969 4311 1051 4360 supra
1063 4296 1137 4347 land.

322 4354 382 4420 Ἣ)
403 4359 462 4408 Vid.
475 4359 653 4425 indagandae
675 4377 723 4424 per
741 4362 851 4412 Homeri
870 4361 968 4426 Odyes.
988 4363 1115 4432 interpol.
1139 4371 1297 4431 praeparat.
1317 4365 1349 4418 P.
1369 4367 1391 4416 1.

255 4441 319 4490 pag.
338 4425 379 4472 tl.
