2984 4962
304 479 361 537 DE
382 477 486 539 VITA
506 477 563 536 ΕΤ
586 475 776 536 SORIP'IIS
799 473 1035 534 HERODOTI.
1174 477 1235 539 459

108 649 175 701 haud
191 649 285 718 paucis
306 648 399 702 formis
419 653 501 720 atque
522 647 590 718 ipsis
610 647 719 700 dicendi
740 647 893 700 rationibus
919 647 952 698 ab
967 647 1108 700 Herodoto
1125 647 1235 700 maltum

106 733 260 800 diseedere;
287 751 365 798 quam
379 733 589 803 discrepantiam
613 733 683 786 bene
708 749 817 802 quoque
843 732 950 785 notavit
967 731 1086 784 Bredov.
1117 732 1233 796 Quaest.

106 819 206 870 criticc.
222 818 256 870 de
271 818 377 870 dialect.
393 819 527 872 Herodot.
543 835 606 887 pag.
625 819 665 870 10.
692 817 731 869 ele
747 817 781 884 si,
805 818 878 886 qnod
898 817 981 868 tradit
1002 813 1134 869 Aelianus
1153 816 1233 869 Varr.

106 903 176 954 Hist.
193 903 240 969 IV,
256 907 290 956 20
304 904 331 954 in
346 905 403 969 lim,
418 903 601 972 Hippocrates
615 902 678 954 licet
692 901 792 954 Dorica
810 902 896 970 stirpe
914 900 1062 966 oriundus,
1078 907 1167 954 tamen
1184 901 1234 958 Ile·

106 989 206 1041 mocritt'
221 988 248 1040 in
272 988 395 1056 gratiam,
417 987 511 1039 lonica
533 986 648 1039 dialecto
663 986 691 1039 in
709 985 787 1038 libris
803 985 1006 1055 perscribendis
1030 1002 1098 1038 usus
1113 992 1170 1053 est,
1195 993 1235 1038 te-

108 1072 221 1125 nendum
232 1073 335 1142 ntique,
350 1071 498 1125 Democriti
511 1089 669 1138 sermonem,
686 1077 816 1141 quantum
833 1087 905 1123 nrrnc
921 1071 1056 1140 quideme
1074 1070 1235 1138 fragmentis

107 1175 216 1209 cernere
233 1157 306 1224 licet,
322 1157 355 1209 ad
370 1157 583 1226 Hippocrateum
597 1155 682 1224 magis
700 1156 828 1208 accedere
845 1173 923 1226 quam
948 1156 981 1208 ad
995 1155 1179 1208 Herodotenm
1194 1155 1235 1206 di·

107 1241 182 1294 cendi
198 1259 302 1309 genns3
324 1241 380 1292 vid.
396 1240 515 1294 Mullach
534 1241 563 1294 in
585 1241 705 1293 Praelat.
730 1242 765 1293 ed
780 1241 926 1293 Democriti
947 1242 1067 1309 fragmm.
1091 1257 1154 1310 pag.
1172 1239 1234 1292 XII.

106 1326 171 1377 Cum
188 1343 252 1378 vero
275 1325 335 1394 ipse
350 1326 454 1378 Noster
475 1325 511 1396 (I,
529 1325 592 1393 142)
614 1331 745 1395 quattuor
768 1325 878 1378 Ionicae
893 1325 999 1378 dialecti
1017 1342 1120 1392 genera
1135 1344 1158 1380 s.
1174 1318 1237 1390 τρό·

106 1427 174 1472 παυς
188 1407 373 1479 παραγωγέων
387 1415 579 1479 commemoret,
596 1410 748 1481 quaesitum
765 1411 861 1480 utique
876 1417 935 1478 est,
951 1410 1057 1462 cuinam
1072 1428 1105 1462 ex
1124 1409 1167 1462 his
1181 1425 1235 1461 ma·

106 1495 149 1562 gis
167 1496 391 1548 accommodatum
413 1495 450 1546 sit
464 1495 647 1548 Herodotenm
671 1495 779 1548 dicendi
796 1511 885 1563 genus
901 1513 925 1548 s.
941 1511 1054 1565 quanam
1071 1494 1164 1547 Ionica
1179 1495 1236 1547 dia·

107 1579 174 1631 lecto
195 1580 300 1632 Noster
324 1579 480 1649 scripserim
505 1580 552 1649 qui
578 1597 636 1632 cnm
652 1579 724 1632 Sami
749 1579 912 1649 aliquamdiu
938 1583 1117 1633 commoratus
1143 1579 1236 1648 ibique

106 1664 183 1716 etism
198 1664 314 1717 ionicam
332 1665 474 1718 dialectum
490 1665 603 1718 edoctus
621 1671 704 1730 esset,
728 1671 759 1716 ut
772 1665 872 1717 Suidas
888 1680 973 1734 snpra
987 1669 1011 1730 s.
1028 1668 1041 1718 1
1060 1663 1159 1716 allatus
1174 1681 1236 1733 per-

107 1749 179 1802 hibet
192 1745 237 1816 *),
254 1749 402 1802 Samiorum
420 1749 536 1802 dialecto
553 1750 646 1802 Ionica
659 1750 791 1802 Nostram
806 1765 884 1802 usam
897 1767 959 1802 esse
971 1749 1035 1802 inde
1048 1747 1138 1816 colligi
1154 1767 1237 1818 posse

107 1833 228 1886 nonnulli
239 1841 419 1903 putaverunt,
436 1835 552 1904 aliisque
568 1835 646 1906 etiam
662 1834 816 1887 rationibus
833 1833 921 1886 allatis
934 1835 984 1887 hoc
998 1835 1115 1905 probare
1130 1833 1237 1887 studuit

106 1919 203 1971 Gieser
226 1920 316 1972 Ueber
330 1920 357 1972 d.
378 1919 532 1972 aeoliscben
550 1919 665 1972 Dialect.
686 1935 749 1990 pag.
770 1923 822 1974 152
840 1913 980 1990 seqq.**).
1026 1921 1126 1989 Neque
1147 1925 1235 1970 tamen

106 2003 133 2054 id
148 2005 285 2071 persuasit
303 2004 440 2057 Bredovio
455 2004 473 2056 l.
490 2004 507 2056 l.
524 2021 587 2074 pag.
602 2007 618 2058 8
634 2022 710 2074 seq,
732 2005 811 2058 onius
833 2004 934 2056 iudicio
953 2005 1015 2058 mihi
1036 2021 1146 2074 quoque
1171 2003 1236 2055 sub·

106 2088 276 2141 scribendum
299 2089 423 2156 videtur,
448 2105 507 2141 cum
531 2106 600 2158 qnae
622 2089 718 2141 allatae
738 2095 805 2142 sunt
827 2088 953 2156 singulae
975 2090 1112 2156 rationes,
1135 2089 1237 2160 quibus

105 2172 251 2226 Samiorum
264 2173 380 2226 dialecto
403 2191 480 2227 usum
501 2191 563 2226 esse
579 2172 711 2226 Nostrum
729 2173 874 2228 ostendere
893 2173 1005 2240 volunt,
1030 2166 1237 2243 haudquaquam

106 2257 131 2310 id
150 2257 284 2314 evincant.
314 2259 413 2327 Neque
427 2258 507 2310 aliter
521 2258 555 2310 de
570 2258 613 2310 his
633 2257 802 2310 indicaverat
817 2258 914 2325 laeger
931 2258 958 2309 in
974 2258 1097 2327 Disputt.
1113 2257 1236 2309 Herodd.

107 2346 162 2410 p.7
186 2343 251 2394 baec
271 2343 469 2411 pronuntians:
491 2342 593 2410 „Quod
615 2343 697 2394 affert
718 2341 834 2409 Suidas,
850 2341 922 2393 Sami
937 2341 1106 2395 Herodotum
1121 2341 1236 2393 dialecto

107 2425 212 2478 lonicae
233 2426 407 2492 assuevisse,
434 2445 483 2495 pro
504 2443 577 2480 mera
596 2426 753 2478 coniectura
773 2426 925 2479 babendum
943 2432 995 2478 est.
1025 2425 1081 2478 Res
1101 2431 1128 2478 et
1141 2443 1192 2494 per
1207 2443 1238 2478 se

107 2526 199 2578 parum
220 2509 369 2580 probabilis
390 2518 420 2563 et
435 2510 608 2564 convincitur
624 2510 729 2563 Samiae
749 2511 865 2563 dialecti*
880 2511 980 2579 forma,
1002 2511 1035 2562 ab
1056 2509 1237 2578 Etymologiei

106 2595 198 2661 Magni
212 2595 347 2665 scriptore
358 2602 477 2665 serrata,
493 2589 713 2662 Asdvuooc***),
730 2598 763 2648 ab
776 2595 910 2648 Herodoti
924 2594 1040 2648 dialecto
1056 2595 1152 2647 aliena.
1180 2595 1237 2647 Du-

105 2680 176 2731 bium
193 2697 246 2732 non
263 2697 325 2733 esse
340 2680 464 2747 videtur,
485 2681 551 2750 quin
576 2679 724 2746 dialectos,
747 2697 802 2751 que
816 2680 975 2733 Herodotus
991 2697 1059 2732 usus
1076 2685 1133 2747 est,
1155 2679 1239 2732 luerit

104 2767 189 2816 forma
213 2763 321 2818 dialecti
345 2765 455 2818 Ionicae
474 2765 627 2832 Carica†),
655 2765 763 2834 eadem,
793 2782 848 2836 qua
869 2773 896 2818 et
911 2765 1067 2818 Hecataeus
1088 2764 1238 2834 scripserat

105 2849 241 2904 Milesius.
277 2849 319 2902 Ad
341 2849 423 2902 baius
445 2851 615 2921 potissimum
637 2858 665 2902 et
685 2851 817 2904 orationis
840 2857 867 2903 et
888 2851 998 2918 linguae
1024 2851 1155 2902 rationem
1175 2867 1237 2903 sese

103 2935 314 2988 conformaverit
328 2953 441 2988 necesse
457 2943 515 3002 est3
530 2953 655 3007 quaeqae
672 2944 781 2988 exstant
791 2935 922 2988 Hecataei
938 2937 1099 3002 fragmenta,
1116 2953 1236 3003 magnam

103 3020 255 3072 osmudnnt
279 3020 424 3090 utriusque
450 3022 585 3073 sermonis
605 3019 836 3074 similitudinem.“
872 3019 1018 3072 Subiioiam
1041 3020 1083 3072 his
1105 3019 1236 3074 Crenaeri

102 3105 188 3156 verba
202 3105 229 3154 in
246 3105 379 3171 Fragmm.
400 3105 537 3158 historice.
558 3125 584 3174 p.
609 3107 656 3159 18:
685 3107 812 3172 „Etenim
834 3105 1005 3158 Eustathias‘
1021 3105 1056 3157 ad
1079 3105 1186 3158 Homer.
1203 3105 1236 3157 Il.

104 3190 126 3240 I.
154 3193 216 3256 p.7
240 3187 323 3240 Basil.
345 3196 373 3241 et
392 3187 445 3240 alia
466 3189 589 3258 disputat
610 3197 638 3242 et
660 3189 726 3242 illud
747 3191 835 3242 addit:
859 3193 1021 3244 Herodotum
1040 3191 1189 3258 Pherecydis
1209 3195 1238 3241 et

102 3273 231 3326 Hecataei
255 3272 283 3323 in
316 3272 449 3324 orationis
474 3291 576 3338 genere
606 3274 715 3327 similem
742 3293 813 3328 esse.
858 3275 940 3338 Quod
967 3275 1006 3326 uti
1039 3292 1091 3326 non
1113 3275 1237 3343 praecise

103 3357 274 3424 negaverim,
299 3357 337 3407 ita
361 3355 452 3408 nullus
474 3358 583 3424 dubito,
610 3359 634 3410 si
649 3361 776 3412 Hecataei
801 3359 909 3428 quidam
926 3359 996 3410 liber
1010 3360 1118 3426 integer
1138 3365 1236 3426 exstet,

103 3441 218 3510 plurima
234 3449 370 3509 repertum
387 3441 429 3505 iri,
444 3443 517 3493 unde
533 3445 645 3512 patefiat
662 3443 813 3511 elegantior
828 3444 935 3512 quidam
950 3443 1055 3510 cultus,
1078 3461 1155 3511 quem
1173 3461 1236 3511 pro-

102 3525 179 3578 saica
193 3526 289 3578 Ionum
304 3526 391 3578 oratio
406 3528 532 3580 Herodoti
545 3527 661 3581 artificio
675 3529 803 3582 debeat.“
836 3529 915 3591 Quae
940 3535 970 3579 ut
991 3545 1056 3580 vera
1077 3527 1105 3578 in
1126 3527 1236 3580 univer-

99 3793 270 3843 l‘.inar0‹1uct
287 3794 311 3854 §-
332 3791 354 3841 l.
373 3808 435 3858 pag.
453 3792 503 3842 479
520 3809 596 3858 seqq.
613 3791 664 3842 499
676 3808 752 3858 seqq.
771 3793 820 3843 Iul.
834 3793 875 3842 Pl.
890 3791 1002 3842 Lobeclt
1021 3793 1049 3840 in
1063 3792 1175 3852 Quaest.
1195 3791 1235 3840 Io-

100 3863 175 3910 nicc.
196 3861 257 3910 libr.
272 3861 342 3910 fasc.
356 3861 377 3912 I.
398 3859 578 3926 (Regrmontu
591 3861 682 3911 Prusa
698 3859 772 3924 1850)
790 3878 852 3928 pag.
868 3861 967 3925 lseqq.
987 3863 1014 3910 et
1025 3860 1195 3926 potissimum
1207 3860 1235 3909 iu

100 3929 239 3978 Philolo.
252 3929 327 3978 VIII.
341 3944 404 4006 pag.
420 3928 449 3976 14
462 3945 538 3993 seq

171 3994 195 4054 *)
171 3945 292 4046 *lv
257 4010 310 4045 ova
321 4011 355 4061 τῃ
344 3989 456 4060 Σάμῳ
468 3945 559 4045 soll
529 3988 581 4061 τήν
591 3985 671 4046 ’laida
683 3987 799 4062 ἠσκήθη
813 3986 971 4046 διάλεκτον,

171 4060 210 4120 “l
229 4063 309 4113 Conl.
325 4065 407 4114 etiam
419 4065 518 4113 Franz.
532 4064 713 4114 Elementt.
691 4063 841 4190 Hpigrpph.
854 4079 917 4144 pag.
934 4061 988 4113 183.

171 4127 303 4194 &via
315 4147 340 4208 p.
350 4130 408 4194 259,
422 4131 456 4182 30
468 4137 495 4182 et
508 4133 545 4182 cf.
558 4132 678 4195 Hesych.
689 4133 700 4181 1
719 4149 736 4197 p
756 4133 771 4180 4
828 4133 874 4181 ubi
887 4128 1069 4196 οἷποφλᾶσαι·
1083 4124 1234 4196 dandam·

99 4170 408 4263 ΚρῆτεςααῑΣάμιοι.)
438 4199 561 4249 Iisclrer.
575 4199 733 4252 adWeller.
748 4201 798 4264 l.p
802 4200 861 4250 ,54

171 4265 200 4326 †)
220 4266 388 4344 Herodot.1‚
404 4265 459 4317 142.
483 4266 1122 4350 QuilocusaIqegeroallatassicsobabet:
1140 4265 1234 4348 Mp'lq-

95 4349 149 4390 τος
163 4323 272 4396 plv'
235 4332 328 4382 αυταίν
336 4329 421 4413 πρώτ
457 4328 551 4385 κέεται
568 4327 649 4392 πόλις
666 4328 737 4398 πρὸς
753 4333 943 4401 μεσαμβρίην
947 4350 1032 4412 μετα
1024 4327 1078 4384 di
1092 4332 1193 4392 Μυους
1205 4349 1234 4384 τε

94 4397 154 4520 aa}
165 4392 292 4467 Πριήνη·
310 4417 393 4452 aurat
405 4351 459 4468 pl
471 4393 502 4453 ἐν
514 4419 547 4468 τη
537 4401 655 4468 Καρίη
667 4403 865 4468 κατοίκηνται
884 4418 956 4453 κατα
969 4417 1060 4454 ταυτα
1073 4395 1234 4468 διαλεγόμε

95 4485 136 4520 να
165 4481 224 4534 σφι.
