3068 4964
197 475 200 480 v
236 445 297 506 176
672 435 936 498 HERODOTI

234 619 370 701 μανίην·
397 612 452 679 καὶ
480 606 538 697 δὴ,
565 611 690 698 μᾶλλον
715 606 779 699 γάρ
806 637 836 678 τι
862 615 1105 697 χειμαίνεσθαι,
1132 605 1296 696 γεμούσης
1317 611 1375 696 τῆς

233 709 324 800 νεὸς,
345 708 429 781 ώστε
448 712 500 780 ἐπὶ
517 713 578 779 τοῦ
595 707 866 799 καταστρώματος
885 707 1049 779 ἐπεόντων
1067 711 1201 797 συχνών
1215 711 1376 797 Περσέων

233 817 301 884 τών
318 811 382 882 σύν
398 814 503 902 Ξέρξη
522 813 743 900 κομιζομένων
762 813 909 880 ένθαῦτα
928 813 959 890 ές
979 815 1075 899 δεῖμα
1088 807 1232 880 πεσόντα
1242 807 1301 880 τὸν
1316 817 1375 899 βα-

233 917 341 1002 σιλέα,
362 923 512 1002 εἴρεσθαι
530 910 685 1000 βώσαντα
702 909 761 981 τὸν
778 909 1006 1001 κυβερνήτην,
1032 922 1066 980 εί
1078 939 1127 992 τις
1147 914 1219 980 έστί
1233 931 1293 1000 σφι
1311 933 1374 980 σω-

233 1023 338 1107 τηρίη.
359 1017 413 1084 καὶ
432 1012 491 1084 τὸν
509 1013 613 1084 εἶναι’
633 1015 799 1102 Δέσποτα,
818 1009 881 1082 οὐκ
898 1017 988 1082 ἔστιν
1005 1007 1157 1102 οὐδεμία,
1176 1007 1281 1101 ἦνμὴ
1299 1011 1373 1082 τού-

231 1146 300 1188 των
317 1113 490 1203 ἀπαλλαγή
507 1144 556 1196 τις
574 1116 708 1202 γένηται
720 1117 788 1184 τών
802 1117 935 1184 πολλών
949 1116 1141 1200 ἐπιβατέων.
1177 1116 1233 1183 καλ
1251 1116 1375 1203 Ξέρξεα

232 1221 360 1307 λέγεται
379 1213 569 1286 ἀκούσαντα
586 1219 690 1286 ταῦτα
709 1215 807 1285 εἶπαι·
836 1213 977 1305 Ἀνδρες
995 1218 1135 1306 Πέρσαι,
1153 1218 1219 1284 νῦν
1235 1243 1284 1296 τις
1303 1220 1372 1284 δια-

234 1319 357 1403 δεξάτω
377 1313 497 1407 ’ὑμέων
523 1319 675 1406 βασιλέος
702 1314 896 1406 κηδόμενος·
935 1320 971 1386 έν
998 1312 1080 1406 ὑμῖν
1106 1313 1169 1406 γὰρ
1191 1315 1262 1386 οἶκε
1286 1315 1373 1386 εἶναι

233 1424 304 1511 έμοὶ
322 1415 343 1509 ἡ
361 1427 514 1508 σωτηρίη.
539 1416 597 1488 τὸν
614 1418 676 1508 μὲν
693 1421 797 1488 ταῦτα
815 1422 935 1506 λέγειν,
954 1415 1033 1498 τούς
1053 1419 1089 1486 δὲ
1108 1420 1374 1506 προσκυνέοντας

234 1525 381 1609 ἐκπηδᾶν
400 1524 432 1601 ές
449 1518 511 1608 τὴν
528 1518 714 1607 θάλασσαν,
733 1521 789 1588 καὶ
806 1517 868 1606 τὴν
885 1521 944 1589 νέα
957 1522 1266 1607 ἐπικουφισθεῖσαν,
1285 1515 1373 1588 οὕτω

234 1621 275 1711 δὴ
294 1620 512 1710 ἀποσωθῆναι
531 1625 563 1702 ές
580 1617 642 1709 τὴν
657 1617 778 1708 Ἀσίην.
811 1615 866 1701 Ὡς
892 1621 929 1690 δὲ
953 1623 1089 1709 ἐκβῆναι
1107 1617 1240 1709 τάχιστα
1259 1624 1291 1700 ές
1309 1623 1373 1708 γῆν

233 1823 297 1870 airam
313 1825 425 1870 ventum
442 1835 495 1869 uon
516 1818 598 1868 alium
618 1823 775 1884 essentque
827 1834 915 1883 ματος
928 1818 1081 1883 signifieat:
1100 1819 1193 1884 inipso
1205 1818 1330 1874 tabulato.
1343 1819 1372 1867 in

233 1889 351 1945 Baream,
367 1903 445 1938 aeuo
457 1887 534 1936 velut
546 1886 611 1936 sede
624 1887 722 1934 eximie
735 1887 776 1936 ita
828 1903 879 1950 quo
892 1885 1064 1951 plerumque,
1083 1887 1129 1950 qui
1141 1887 1306 1936 maritimum
1320 1887 1373 1935 iter

232 1961 372 2016 vocatum,
397 1970 476 2018 quem
495 1953 610 2004 eundem
627 1952 775 2003 Athenien·
828 1955 986 2004 innavihus
999 1953 1151 2015 faciehant,
1167 1953 1372 2003 commoraban-

231 2027 301 2073 sium
315 2023 426 2072 affinem
445 2027 473 2072 et
488 2021 624 2070 fautorem
641 2019 699 2086 (qui
712 2021 775 2070 inde
827 2027 879 2084 tur,
893 2025 1020 2070 mouente
1032 2020 1158 2070 Bechero
1171 2021 1200 2069 iu
1213 2019 1334 2070 Chariol.
1347 2022 1372 2072 1.

233 2092 318 2140 etiam
351 2105 442 2155 regem
477 2088 604 2138 illaesum
637 2087 776 2138 dimittere
827 2104 891 2154 pag.
904 2088 953 2137 au
967 2088 1009 2137 ed.
1023 2103 1079 2138 seo.
1116 2089 1148 2138 In
1167 2103 1243 2153 seqq.
1256 2089 1290 2138 ob
1304 2089 1368 2138 arti-

232 2159 304 2208 haud
321 2156 427 2221 debuit)
444 2172 526 2222 supra
542 2156 697 2205 invenimus
713 2156 774 2216 Vll,
828 2157 884 2206 culi
896 2158 951 2206 vim
963 2155 1062 2205 Matth.
1077 2155 1123 2205 Gr.
1137 2154 1184 2205 Gr.
1198 2157 1221 2216 5.
1235 2154 1284 2205 267
1297 2157 1372 2206 exci-

233 2225 294 2288 189,
318 2230 395 2276 reete
418 2225 547 2276 observat
563 2223 775 2283 Valckenarius,
828 2229 870 2273 tat
882 2223 968 2274 verba
979 2220 1022 2272 τώ
1027 2239 1044 2272 ν
1056 2216 1109 2272 σὺν
1120 2217 1215 2288 Ξέρξη
1227 2217 1372 2289 κομιζομέ-

232 2295 264 2344 δο
277 2294 329 2344 hoe
343 2293 495 2358 Strymonis
506 2292 597 2342 Borea
610 2291 699 2341 citans
712 2290 776 2340 Cal·
828 2307 932 2340 νων.-
945 2292 986 2340 Da
998 2291 1086 2340 forma
1096 2283 1226 2355 βώσαντα
1236 2291 1292 2341 vid.
1303 2297 1370 2342 nott.

231 2361 341 2412 limseh.
354 2368 383 2411 in
392 2360 455 2411 Del.
465 2358 499 2409 ‘lh
511 2359 577 2424 ibiq.
591 2358 736 2424 Spauhem.
748 2363 776 2408 et
829 2359 863 2408 ad
877 2359 903 2421 1,
918 2358 958 2408 ll.

231 2431 260 2480 iu
277 2431 362 2479 Diau.
382 2428 439 2478 111.
481 2427 548 2477 Ιπδο
566 2426 776 2492 apudhesohy-
861 2414 898 2492 ἢν
921 2417 960 2491 μὴ
980 2417 1087 2498 τσδμων
1107 2415 1259 2491 αἰιαλλανή
1281 2441 1323 2484 τις
1343 2443 1370 2477 ιι.

230 2497 285 2546 lum
295 2493 680 2561 iuhgamemn.185diountur
688 2489 776 2544 πνοαλ
827 2509 850 2542 τ.
869 2490 905 2559 λ]
932 2493 1003 2542 Dedi
1019 2508 1057 2558 ην
1074 2485 1112 2557 μὴ
1132 2509 1148 2543 a
1166 2493 1306 2543 Sanerofti
1324 2511 1370 2544 eo·

231 2556 290 2614 αἰιὸ
302 2556 469 2630 Στρύμωνος
486 2564 514 2623 (i.
529 2578 553 2613 e.
567 2564 634 2611 venii
649 2561 776 2623 borealea)
828 2561 888 2610 dice
907 2560 1020 2610 allatum
1039 2565 1068 2610 et
1083 2561 1228 2624 probatum
1246 2561 1370 2612 Weri'ero

230 2629 369 2696 potorium
378 2624 703 2694 κακόσχολοι,νήστιδες,
712 2621 775 2678 δυ’σ-
828 2629 855 2676 in
868 2629 941 2677 Aott.
960 2628 1037 2692 phill.
1050 2628 1176 2678 Mouaoo.
1195 2630 1217 2678 1.
1236 2629 1370 2694 pag.100.

232 2713 329 2763 ορμοι,
354 2695 462 2763 βροτεᾶν
479 2689 558 2758 ἄλαι,
585 2695 658 2746 νεών
679 2710 709 2746 τε
726 2691 775 2744 καλ
828 2695 888 2744 Vid.
901 2696 975 2753 vul,
989 2695 1022 2744 tu
1034 2695 1126 2760 ibique
1140 2701 1207 2748 nott.
1245 2689 1372 2762 Vulgoal

232 2755 687 2894 τινωνκακίω
704 2761 775 2894 ιιι
826 2757 1112 2880 ...adiuuat

232 2847 508 2963 Sohwzigohaeusezrus
526 2899 554 2946 in
571 2867 672 2947 Latinis
690 2899 773 2947 iuter·
859 2892 968 2962 Ξέρξεα
981 2897 1136 2962 λέγεται-
1149 2891 1242 2964 εἶπαι]
1262 2899 1370 2964 Reliqui

231 2967 387 3032 pretatione
404 2965 537 3014 reddidit:
561 2982 614 3014 cuns
631 2968 710 3030 mopis
721 2982 773 3014 αια-
825 2957 906 3015 ελπαι
925 2966 960 3015 ah
978 2966 1103 3016 omnihus
1127 2965 1185 3016 iere
1204 2967 1282 3016 codd.
1300 2967 1369 3016 alia·

230 3037 318 3100 pisque
333 3034 435 3098 fureret
452 3039 599 3096 tempestas,
625 3033 665 3082 sie
689 3031 773 3097 expli·
825 3037 882 3082 tum
900 3038 982 3098 atque
1002 3048 1090 3098 aeque
1111 3033 1264 3084 adhibitum
1282 3049 1299 3083 a
1316 3035 1369 3084 No·

232 3101 321 3151 canda
332 3105 419 3163 eruut,
427 3106 458 3154 ut
468 3114 529 3149 oum
539 3100 633 3150 eodem
640 3099 778 3166 Schweig.
825 3107 882 3150 stro
896 3106 977 3164 atquo
991 3095 1099 3162 εἰπεῖν,
1113 3101 1168 3150 vid.
1183 3117 1253 3166 quae
1267 3101 1324 3151 dixi
1334 3101 1370 3151 sd

230 3170 365 3219 haeusero
376 3169 415 3230 (iu
425 3167 700 3217 Lexio.Herodot.II.
709 3183 773 3232 pag.
825 3167 900 3228 viu,
914 3167 955 3219 65.
975 3168 1017 3218 De
1030 3168 1085 3218 looi
1098 3173 1236 3218 structura
1249 3169 1332 3230 eous„
1345 3169 1369 3218 si

230 3235 394 3314 :himma-nte.
401 3235 565 3286 adiiciamus
575 3227 628 3300 τήν
640 3231 691 3285 νέα
703 3251 775 3284 eam·
827 3237 898 3284 tanti
912 3240 967 3298 est,
981 3237 1079 3285 Matth.
1093 3235 1139 3285 Gr.
1154 3235 1200 3286 Gr.
1214 3237 1238 3296 §-
1252 3236 1310 3287 537.
1329 3237 1370 3286 Ad

230 3301 774 3438 31111111λιλιῖλῗλιτιλ
826 3303 1370 3436 2253diu.ttiuuustzqtuiti:

228 3443 323 3492 vexari
329 3441 460 3501 dieamus,
469 3438 692 3503 quemadmodum
702 3437 775 3488 haud
826 3430 985 3503 κηδόμενος
998 3437 1027 3500 (i.
1038 3455 1062 3491 e.
1075 3455 1139 3488 auae
1151 3440 1316 3502 unusquisque
1329 3453 1369 3486 oe-

229 3525 292 3559 raro
310 3509 375 3572 (vid.
389 3507 467 3557 modo
479 3506 631 3570 Thucydid.
645 3507 699 3568 ΙΙΙ,
717 3503 772 3555 102.
824 3509 904 3556 sirim
919 3507 1036 3556 ostendat
1053 3521 1136 3570 repam
1153 3503 1201 3554 sibi
1211 3519 1289 3554 curae
1301 3504 1368 3567 sese)

230 3577 307 3639 viu,
326 3575 359 3626 32
381 3575 499 3640 aliisque
516 3573 639 3640 pluribus
656 3573 723 3623 loois
745 3575 773 3622 in
825 3574 880 3623 vid.
895 3573 981 3624 allata
996 3573 1081 3634 adli,
1098 3572 1146 3623 lu)
1159 3577 1187 3622 et
1199 3572 1255 3633 ΙΙΙ,
1269 3573 1315 3634 72;
1334 3572 1368 3622 de

229 3643 372 3693 Thesauro
394 3643 474 3708 Ling.
500 3642 597 3692 Graec.
622 3641 681 3690 Vol.
699 3642 771 3690 v111.
824 3656 874 3691 usu
892 3641 1008 3691 voculae
1025 3656 1068 3698 τις
1085 3641 1140 3690 dixi
1159 3640 1194 3690 ad
1211 3641 1290 3702 vlu,
1312 3639 1367 3692 100.

230 3725 293 3775 pag.
315 3709 379 3760 1376
391 3726 448 3774 seq.
468 3710 509 3759 ed.
523 3709 648 3759 Dindori.
667 3708 772 3772 allatis)
825 3709 971 3759 Caeterum
989 3708 1023 3758 ad
1041 3708 1201 3758 Herodotea
1217 3708 1292 3758 haud
1309 3709 1368 3758 seio

230 3791 316 3826 naves
340 3777 467 3833 dicuutur
490 3769 689 3842 χειμάζεσθαι,
718 3777 772 3826 nisi
825 3792 860 3826 an
884 3777 1018 3841 respiciat
1041 3776 1093 3826 Dio
1116 3775 1299 3839 chrysostom.
1321 3776 1368 3826 Or.

230 3842 325 3904 maiis,
344 3844 415 3906 quod
428 3843 523 3893 eodem
537 3845 595 3894 sere
612 3843 697 3904 redit,
717 3858 772 3908 χει·
823 3845 895 3893 XIV.
909 3861 935 3909 p.
948 3843 996 3894 231
1006 3844 1038 3892 Β.

230 3907 388 3974 μαίνεσθαι
423 3911 598 3961 intransitive
634 3912 771 3976 accipere,
857 3904 1095 3976 προσκυνέοντας]
1110 3911 1170 3960 Vid.
1186 3912 1246 3960 citt.
1261 3911 1296 3960 ad
1308 3910 1366 3972 vu,

231 3992 283 4042 quo
302 3975 380 4026 modo
398 3978 517 4027 activum
536 3977 694 4044 χειμαίνειν
711 3994 772 4028 sae·
826 3977 874 4028 13ss
886 3985 914 4028 et
926 3979 967 4040 ΙΙ,
981 3978 1023 4028 80.
1059 3979 1123 4028 uox
1141 3995 1189 4042 pro
1208 3969 1368 4044 έκπηδέειν,

230 4047 291 4110 pius
314 4043 439 4094 adhiberi
463 4060 495 4094 ex
518 4047 613 4096 eodem
630 4046 772 4096 Thesauro
825 4045 895 4109 quod
914 4062 947 4095 ox
959 4046 1099 4096 Sauoroiti
1117 4045 1187 4096 libro
1206 4045 1313 4111 alioque
1326 4061 1368 4094 re·

230 4113 312 4176 Liug.
332 4111 377 4160 Gr.
395 4111 414 4160 l.
433 4111 451 4159 l.
470 4128 496 4176 p.
511 4111 574 4162 1377
588 4113 771 4164 discimus-
825 4114 900 4178 oepit
923 4113 1101 4175 Sohaeferua,
1128 4129 1207 4178 quem
1230 4113 1368 4177 Schweig-

230 4179 271 4229 Ad
283 4179 368 4228 verba
380 4180 539 4242 sequeutia:
562 4169 645 4230 ώστε
663 4173 709 4231 int
722 4179 774 4232 sori
823 4180 974 4230 haeueerua
992 4185 1020 4230 et
1033 4181 1172 4231 Gaiaford.
1188 4182 1278 4231 secuti
1295 4185 1366 4242 aaut,

230 4242 465 4312 καταστρώματος
494 4237 634 4297 ἐπεόντων
663 4247 773 4314 συχνῶν
825 4247 983 4297 eWesselin
1005 4249 1025 4297 ii
1035 4249 1156 4298 editione
1167 4249 1296 4299 revocavi
1307 4263 1367 4298 oum

230 4313 348 4378 Περσῶν
361 4313 434 4390 νομί.
445 4318 513 4364 nott.
525 4315 558 4363 ad
571 4315 603 4373 V,
615 4313 661 4365 101
676 4317 709 4365 de
722 4331 772 4365 usu
823 4315 967 4366 Dietsohio
986 4265 1129 4382 διπηδηῖν,
1148 4315 1283 4381 probante
1301 4316 1368 4364 Din-

229 4381 383 4450 particulue
393 4395 470 4432 ωστε.
491 4373 538 4431 hu
550 4380 600 4432 τοῦ
613 4377 772 4448 καταστρώ-
823 4381 1185 4446 dorfio(iuCommentat.de
1194 4383 1369 4433 dialectfle·
