<?xml version="1.0" encoding="UTF-8"?>
<!DOCTYPE html PUBLIC "-//W3C//DTD XHTML 1.0 Transitional//EN"
    "http://www.w3.org/TR/xhtml1/DTD/xhtml1-transitional.dtd">
<html xmlns="http://www.w3.org/1999/xhtml" xml:lang="en" lang="en">
 <head>
  <title>
</title>
<meta http-equiv="Content-Type" content="text/html;charset=utf-8" />
  <meta name='ocr-system' content='tesseract 3.04.00' />
  <meta name='ocr-capabilities' content='ocr_page ocr_carea ocr_par ocr_line ocrx_word'/>
</head>
<body>
  <div class='ocr_page' id='page_1' title='image "./herodotihalicar02bhgoog/herodotihalicar02bhgoog_0411.png"; bbox 0 0 3066 4964; ppageno 0'>
   <div class='ocr_carea' id='block_1_1' title="bbox 211 322 891 392">
    <p class='ocr_par' dir='ltr' id='par_1_1' title="bbox 211 322 891 392">
     <span class='ocr_line' id='line_1_1' title="bbox 211 322 891 392; baseline -0.015 -1"><span class='ocrx_word' id='word_1_1' title='bbox 211 329 272 392; x_wconf 79' lang='lat'><strong>392</strong></span> <span class='ocrx_word' id='word_1_2' title='bbox 667 322 891 383; x_wconf 82' lang='lat' dir='ltr'><strong>EXCURSUS</strong></span> 
     </span>
    </p>
   </div>
   <div class='ocr_carea' id='block_1_2' title="bbox 194 493 1367 4134">
    <p class='ocr_par' dir='ltr' id='par_1_2' title="bbox 194 493 1367 4134">
     <span class='ocr_line' id='line_1_2' title="bbox 211 493 1346 564; baseline -0.002 -14"><span class='ocrx_word' id='word_1_3' title='bbox 211 497 336 564; x_wconf 88' lang='lat' dir='ltr'><strong>videtur,</strong></span> <span class='ocrx_word' id='word_1_4' title='bbox 352 497 440 549; x_wconf 89' lang='lat' dir='ltr'><strong>omnia</strong></span> <span class='ocrx_word' id='word_1_5' title='bbox 457 495 581 548; x_wconf 88' lang='lat' dir='ltr'><strong>aedilicia</strong></span> <span class='ocrx_word' id='word_1_6' title='bbox 594 495 622 546; x_wconf 89' lang='lat' dir='ltr'><strong>iu</strong></span> <span class='ocrx_word' id='word_1_7' title='bbox 639 513 701 549; x_wconf 91' lang='lat' dir='ltr'><strong>arce</strong></span> <span class='ocrx_word' id='word_1_8' title='bbox 719 497 859 548; x_wconf 88' lang='lat' dir='ltr'><strong>combusta</strong></span> <span class='ocrx_word' id='word_1_9' title='bbox 878 493 1059 564; x_wconf 72' lang='lat' dir='ltr'><strong>inauditusque</strong></span> <span class='ocrx_word' id='word_1_10' title='bbox 1075 512 1173 548; x_wconf 80' lang='lat' dir='ltr'><strong>eversa</strong></span> <span class='ocrx_word' id='word_1_11' title='bbox 1189 513 1260 547; x_wconf 86' lang='lat' dir='ltr'><strong>esse.</strong></span> <span class='ocrx_word' id='word_1_12' title='bbox 1292 494 1346 548; x_wconf 79' lang='lat' dir='ltr'><strong>Sed</strong></span> 
     </span>
     <span class='ocr_line' id='line_1_3' title="bbox 210 579 1347 650; baseline -0.003 -15"><span class='ocrx_word' id='word_1_13' title='bbox 210 582 344 636; x_wconf 77' lang='lat' dir='ltr'>Herodoti</span> <span class='ocrx_word' id='word_1_14' title='bbox 361 583 458 648; x_wconf 84' lang='lat' dir='ltr'><strong>verba,</strong></span> <span class='ocrx_word' id='word_1_15' title='bbox 474 597 544 650; x_wconf 90' lang='lat' dir='ltr'><strong>quae</strong></span> <span class='ocrx_word' id='word_1_16' title='bbox 559 579 636 648; x_wconf 86' lang='lat' dir='ltr'><strong>modo</strong></span> <span class='ocrx_word' id='word_1_17' title='bbox 654 581 865 650; x_wconf 76' lang='lat' dir='ltr'><strong>adscripsimus,</strong></span> <span class='ocrx_word' id='word_1_18' title='bbox 891 579 916 631; x_wconf 91' lang='lat' dir='ltr'><strong>si</strong></span> <span class='ocrx_word' id='word_1_19' title='bbox 932 580 1078 650; x_wconf 78' lang='lat' dir='ltr'>sequimur,</span> <span class='ocrx_word' id='word_1_20' title='bbox 1100 579 1220 632; x_wconf 88' lang='lat' dir='ltr'><strong>dubitari</strong></span> <span class='ocrx_word' id='word_1_21' title='bbox 1237 579 1281 632; x_wconf 82' lang='lat' dir='ltr'><strong>vir</strong></span> <span class='ocrx_word' id='word_1_22' title='bbox 1298 597 1347 649; x_wconf 91' lang='lat' dir='ltr'><strong>po-</strong></span> 
     </span>
     <span class='ocr_line' id='line_1_4' title="bbox 211 659 1347 736; baseline -0.003 -16"><span class='ocrx_word' id='word_1_23' title='bbox 211 667 288 735; x_wconf 90' lang='lat' dir='ltr'><strong>terit,</strong></span> <span class='ocrx_word' id='word_1_24' title='bbox 313 667 402 720; x_wconf 88' lang='lat' dir='ltr'><strong>omnia</strong></span> <span class='ocrx_word' id='word_1_25' title='bbox 421 667 493 719; x_wconf 89' lang='lat' dir='ltr'><strong>arcis</strong></span> <span class='ocrx_word' id='word_1_26' title='bbox 512 659 689 718; x_wconf 84' lang='lat' dir='ltr'><strong>aedificia⁰ac</strong></span> <span class='ocrx_word' id='word_1_27' title='bbox 710 665 857 736; x_wconf 80' lang='lat' dir='ltr'><strong>praecipue</strong></span> <span class='ocrx_word' id='word_1_28' title='bbox 875 665 973 733; x_wconf 89' lang='lat' dir='ltr'><strong>templa</strong></span> <span class='ocrx_word' id='word_1_29' title='bbox 995 683 1010 716; x_wconf 88' lang='lat' dir='ltr'><strong>a</strong></span> <span class='ocrx_word' id='word_1_30' title='bbox 1026 664 1120 717; x_wconf 86' lang='lat' dir='ltr'><strong>Persis</strong></span> <span class='ocrx_word' id='word_1_31' title='bbox 1135 665 1248 718; x_wconf 88' lang='lat' dir='ltr'><strong>incensa</strong></span> <span class='ocrx_word' id='word_1_32' title='bbox 1264 673 1347 736; x_wconf 87' lang='lat' dir='ltr'><strong>atque</strong></span> 
     </span>
     <span class='ocr_line' id='line_1_5' title="bbox 194 744 1346 820; baseline -0.003 -16"><span class='ocrx_word' id='word_1_33' title='bbox 194 769 308 818; x_wconf 44' lang='lat' dir='ltr'><strong>‚eversa</strong></span> <span class='ocrx_word' id='word_1_34' title='bbox 329 769 408 818; x_wconf 88' lang='lat' dir='ltr'><strong>esse;</strong></span> <span class='ocrx_word' id='word_1_35' title='bbox 430 759 461 804; x_wconf 93' lang='lat' dir='ltr'><strong>ut</strong></span> <span class='ocrx_word' id='word_1_36' title='bbox 486 751 582 802; x_wconf 90' lang='lat' dir='ltr'><strong>merito</strong></span> <span class='ocrx_word' id='word_1_37' title='bbox 603 767 736 820; x_wconf 76' lang='lat' dir='ltr'>quaeras,</span> <span class='ocrx_word' id='word_1_38' title='bbox 763 749 872 820; x_wconf 86' lang='lat' dir='ltr'><strong>quinam</strong></span> <span class='ocrx_word' id='word_1_39' title='bbox 892 744 959 818; x_wconf 78' lang='grc' dir='ltr'>νηὸς</span> <span class='ocrx_word' id='word_1_40' title='bbox 977 750 1123 802; x_wconf 78' lang='lat' dir='ltr'><strong>Erechthei</strong></span> <span class='ocrx_word' id='word_1_41' title='bbox 1145 749 1191 802; x_wconf 92' lang='lat' dir='ltr'><strong>illo</strong></span> <span class='ocrx_word' id='word_1_42' title='bbox 1213 749 1346 802; x_wconf 75' lang='lat' dir='ltr'><strong>Herodoti</strong></span> 
     </span>
     <span class='ocr_line' id='line_1_6' title="bbox 209 833 1347 906; baseline -0.002 -17"><span class='ocrx_word' id='word_1_43' title='bbox 209 837 278 902; x_wconf 89' lang='lat' dir='ltr'><strong>loco,</strong></span> <span class='ocrx_word' id='word_1_44' title='bbox 298 855 330 889; x_wconf 88' lang='lat' dir='ltr'><strong>ex</strong></span> <span class='ocrx_word' id='word_1_45' title='bbox 346 853 400 906; x_wconf 92' lang='lat' dir='ltr'><strong>quo</strong></span> <span class='ocrx_word' id='word_1_46' title='bbox 416 835 531 906; x_wconf 81' lang='lat' dir='ltr'><strong>profecti</strong></span> <span class='ocrx_word' id='word_1_47' title='bbox 545 851 649 903; x_wconf 87' lang='lat' dir='ltr'><strong>sumus,</strong></span> <span class='ocrx_word' id='word_1_48' title='bbox 665 835 781 903; x_wconf 81' lang='lat' dir='ltr'><strong>intelligi</strong></span> <span class='ocrx_word' id='word_1_49' title='bbox 797 834 903 902; x_wconf 88' lang='lat' dir='ltr'><strong>debeat,</strong></span> <span class='ocrx_word' id='word_1_50' title='bbox 915 851 974 886; x_wconf 92' lang='lat' dir='ltr'><strong>cum</strong></span> <span class='ocrx_word' id='word_1_51' title='bbox 989 833 1148 887; x_wconf 89' lang='lat' dir='ltr'><strong>Herodotus</strong></span> <span class='ocrx_word' id='word_1_52' title='bbox 1167 835 1201 888; x_wconf 90' lang='lat' dir='ltr'><strong>de</strong></span> <span class='ocrx_word' id='word_1_53' title='bbox 1216 833 1266 886; x_wconf 88' lang='lat' dir='ltr'><strong>hac</strong></span> <span class='ocrx_word' id='word_1_54' title='bbox 1281 834 1347 888; x_wconf 88' lang='lat' dir='ltr'><strong>aede</strong></span> 
     </span>
     <span class='ocr_line' id='line_1_7' title="bbox 209 913 1346 992; baseline -0.001 -19"><span class='ocrx_word' id='word_1_55' title='bbox 209 922 247 974; x_wconf 91' lang='lat' dir='ltr'><strong>ita</strong></span> <span class='ocrx_word' id='word_1_56' title='bbox 269 921 398 992; x_wconf 91' lang='lat' dir='ltr'><strong>loquatur</strong></span> <span class='ocrx_word' id='word_1_57' title='bbox 420 916 506 991; x_wconf 78' lang='grc' dir='ltr'>(ἔστι</span> <span class='ocrx_word' id='word_1_58' title='bbox 526 951 561 961; x_wconf 96' lang='grc'>-</span> <span class='ocrx_word' id='word_1_59' title='bbox 579 913 676 988; x_wconf 79' lang='grc' dir='ltr'>νηὸς),</span> <span class='ocrx_word' id='word_1_60' title='bbox 699 926 730 972; x_wconf 92' lang='lat' dir='ltr'><strong>ut</strong></span> <span class='ocrx_word' id='word_1_61' title='bbox 751 937 802 972; x_wconf 89' lang='lat' dir='ltr'><strong>sua</strong></span> <span class='ocrx_word' id='word_1_62' title='bbox 824 918 913 990; x_wconf 85' lang='lat' dir='ltr'><strong>ipsius</strong></span> <span class='ocrx_word' id='word_1_63' title='bbox 928 924 1018 972; x_wconf 89' lang='lat' dir='ltr'><strong>aetate</strong></span> <span class='ocrx_word' id='word_1_64' title='bbox 1033 935 1090 971; x_wconf 84' lang='lat' dir='ltr'><strong>eam</strong></span> <span class='ocrx_word' id='word_1_65' title='bbox 1105 919 1247 972; x_wconf 72' lang='lat' dir='ltr'><strong>exstitisse</strong></span> <span class='ocrx_word' id='word_1_66' title='bbox 1267 919 1346 972; x_wconf 83' lang='lat' dir='ltr'><strong>nobis</strong></span> 
     </span>
     <span class='ocr_line' id='line_1_8' title="bbox 209 1002 1346 1076; baseline -0.002 -18"><span class='ocrx_word' id='word_1_67' title='bbox 209 1007 432 1076; x_wconf 77' lang='lat' dir='ltr'><strong>persuadeamus.</strong></span> <span class='ocrx_word' id='word_1_68' title='bbox 460 1005 525 1068; x_wconf 84' lang='lat' dir='ltr'><strong>Qua</strong></span> <span class='ocrx_word' id='word_1_69' title='bbox 542 1004 570 1056; x_wconf 89' lang='lat' dir='ltr'><strong>iu</strong></span> <span class='ocrx_word' id='word_1_70' title='bbox 586 1022 617 1057; x_wconf 90' lang='lat' dir='ltr'><strong>re</strong></span> <span class='ocrx_word' id='word_1_71' title='bbox 632 1003 773 1074; x_wconf 78' lang='lat' dir='ltr'><strong>probabile</strong></span> <span class='ocrx_word' id='word_1_72' title='bbox 786 1005 867 1058; x_wconf 90' lang='lat' dir='ltr'><strong>nobis</strong></span> <span class='ocrx_word' id='word_1_73' title='bbox 883 1003 1001 1071; x_wconf 86' lang='lat' dir='ltr'><strong>ridetur,</strong></span> <span class='ocrx_word' id='word_1_74' title='bbox 1020 1011 1136 1057; x_wconf 85' lang='lat' dir='ltr'><strong>veterem</strong></span> <span class='ocrx_word' id='word_1_75' title='bbox 1148 1004 1239 1058; x_wconf 88' lang='lat' dir='ltr'><strong>aedem</strong></span> <span class='ocrx_word' id='word_1_76' title='bbox 1254 1002 1346 1056; x_wconf 89' lang='lat' dir='ltr'><strong>aPer-</strong></span> 
     </span>
     <span class='ocr_line' id='line_1_9' title="bbox 209 1087 1347 1161; baseline -0.002 -17"><span class='ocrx_word' id='word_1_77' title='bbox 209 1092 249 1144; x_wconf 88' lang='lat' dir='ltr'><strong>sis</strong></span> <span class='ocrx_word' id='word_1_78' title='bbox 265 1091 390 1158; x_wconf 87' lang='lat' dir='ltr'><strong>dirutam,</strong></span> <span class='ocrx_word' id='word_1_79' title='bbox 409 1096 506 1160; x_wconf 89' lang='lat' dir='ltr'><strong>postea</strong></span> <span class='ocrx_word' id='word_1_80' title='bbox 521 1087 612 1161; x_wconf 91' lang='lat' dir='ltr'><strong>aliquo</strong></span> <span class='ocrx_word' id='word_1_81' title='bbox 628 1097 701 1144; x_wconf 90' lang='lat' dir='ltr'><strong>certe</strong></span> <span class='ocrx_word' id='word_1_82' title='bbox 714 1089 792 1143; x_wconf 90' lang='lat' dir='ltr'><strong>modo</strong></span> <span class='ocrx_word' id='word_1_83' title='bbox 801 1089 930 1142; x_wconf 85' lang='lat' dir='ltr'><strong>refectam</strong></span> <span class='ocrx_word' id='word_1_84' title='bbox 944 1097 992 1142; x_wconf 92' lang='lat' dir='ltr'><strong>aut</strong></span> <span class='ocrx_word' id='word_1_85' title='bbox 1006 1089 1095 1142; x_wconf 92' lang='lat' dir='ltr'><strong>denuo</strong></span> <span class='ocrx_word' id='word_1_86' title='bbox 1108 1093 1272 1143; x_wconf 87' lang='lat' dir='ltr'><strong>exstructam</strong></span> <span class='ocrx_word' id='word_1_87' title='bbox 1285 1105 1347 1142; x_wconf 86' lang='lat' dir='ltr'><strong>esse</strong></span> 
     </span>
     <span class='ocr_line' id='line_1_10' title="bbox 209 1171 1346 1246; baseline -0.002 -18"><span class='ocrx_word' id='word_1_88' title='bbox 209 1175 308 1244; x_wconf 87' lang='lat' dir='ltr'><strong>exiguo</strong></span> <span class='ocrx_word' id='word_1_89' title='bbox 326 1181 458 1246; x_wconf 87' lang='lat' dir='ltr'><strong>apparatu</strong></span> <span class='ocrx_word' id='word_1_90' title='bbox 475 1175 701 1245; x_wconf 83' lang='lat' dir='ltr'><strong>sumptibusque,</strong></span> <span class='ocrx_word' id='word_1_91' title='bbox 730 1192 789 1228; x_wconf 90' lang='lat' dir='ltr'><strong>cum</strong></span> <span class='ocrx_word' id='word_1_92' title='bbox 813 1175 857 1226; x_wconf 83' lang='lat' dir='ltr'><strong>vix</strong></span> <span class='ocrx_word' id='word_1_93' title='bbox 884 1173 1049 1227; x_wconf 89' lang='lat' dir='ltr'><strong>credendum</strong></span> <span class='ocrx_word' id='word_1_94' title='bbox 1076 1174 1127 1241; x_wconf 92' lang='lat' dir='ltr'><strong>sit,</strong></span> <span class='ocrx_word' id='word_1_95' title='bbox 1154 1171 1346 1242; x_wconf 80' lang='lat' dir='ltr'><strong>Athenienses,</strong></span> 
     </span>
     <span class='ocr_line' id='line_1_11' title="bbox 209 1258 1346 1330; baseline -0.003 -16"><span class='ocrx_word' id='word_1_96' title='bbox 209 1278 268 1314; x_wconf 91' lang='lat' dir='ltr'><strong>cum</strong></span> <span class='ocrx_word' id='word_1_97' title='bbox 282 1261 385 1313; x_wconf 82' lang='lat' dir='ltr'><strong>Persae</strong></span> <span class='ocrx_word' id='word_1_98' title='bbox 402 1258 506 1330; x_wconf 90' lang='lat' dir='ltr'><strong>repulsi</strong></span> <span class='ocrx_word' id='word_1_99' title='bbox 524 1265 633 1327; x_wconf 89' lang='lat' dir='ltr'><strong>essent,</strong></span> <span class='ocrx_word' id='word_1_100' title='bbox 650 1261 722 1314; x_wconf 89' lang='lat' dir='ltr'><strong>hunc</strong></span> <span class='ocrx_word' id='word_1_101' title='bbox 735 1259 835 1328; x_wconf 90' lang='lat' dir='ltr'><strong>locam,</strong></span> <span class='ocrx_word' id='word_1_102' title='bbox 858 1259 906 1328; x_wconf 91' lang='lat' dir='ltr'><strong>qui</strong></span> <span class='ocrx_word' id='word_1_103' title='bbox 923 1259 1009 1312; x_wconf 87' lang='lat' dir='ltr'><strong>totius</strong></span> <span class='ocrx_word' id='word_1_104' title='bbox 1024 1260 1083 1312; x_wconf 78' lang='lat' dir='ltr'><strong>tere</strong></span> <span class='ocrx_word' id='word_1_105' title='bbox 1098 1259 1219 1312; x_wconf 84' lang='lat' dir='ltr'><strong>civitatis</strong></span> <span class='ocrx_word' id='word_1_106' title='bbox 1234 1259 1346 1329; x_wconf 90' lang='lat' dir='ltr'><strong>primor-</strong></span> 
     </span>
     <span class='ocr_line' id='line_1_12' title="bbox 209 1343 1345 1418; baseline -0.003 -20"><span class='ocrx_word' id='word_1_107' title='bbox 209 1346 253 1398; x_wconf 89' lang='lat' dir='ltr'><strong>dia</strong></span> <span class='ocrx_word' id='word_1_108' title='bbox 267 1346 426 1398; x_wconf 89' lang='lat' dir='ltr'><strong>continebat</strong></span> <span class='ocrx_word' id='word_1_109' title='bbox 440 1345 556 1418; x_wconf 90' lang='lat' dir='ltr'><strong>eiusque</strong></span> <span class='ocrx_word' id='word_1_110' title='bbox 577 1346 764 1398; x_wconf 86' lang='lat' dir='ltr'><strong>sanctuarium</strong></span> <span class='ocrx_word' id='word_1_111' title='bbox 779 1344 859 1414; x_wconf 88' lang='lat' dir='ltr'><strong>quasi</strong></span> <span class='ocrx_word' id='word_1_112' title='bbox 873 1343 1073 1410; x_wconf 88' lang='lat' dir='ltr'><strong>constituebat,</strong></span> <span class='ocrx_word' id='word_1_113' title='bbox 1096 1344 1234 1398; x_wconf 90' lang='lat' dir='ltr'><strong>desertum</strong></span> <span class='ocrx_word' id='word_1_114' title='bbox 1255 1349 1345 1396; x_wconf 84' lang='lat' dir='ltr'><strong>vasta-</strong></span> 
     </span>
     <span class='ocr_line' id='line_1_13' title="bbox 209 1426 1346 1502; baseline -0.003 -19"><span class='ocrx_word' id='word_1_115' title='bbox 209 1437 319 1500; x_wconf 90' lang='lat' dir='ltr'><strong>tumque</strong></span> <span class='ocrx_word' id='word_1_116' title='bbox 335 1430 492 1502; x_wconf 87' lang='lat' dir='ltr'><strong>reliquisse.</strong></span> <span class='ocrx_word' id='word_1_117' title='bbox 522 1430 619 1500; x_wconf 89' lang='lat' dir='ltr'><strong>Itaque</strong></span> <span class='ocrx_word' id='word_1_118' title='bbox 643 1430 672 1482; x_wconf 92' lang='lat' dir='ltr'><strong>in</strong></span> <span class='ocrx_word' id='word_1_119' title='bbox 690 1430 792 1484; x_wconf 86' lang='lat' dir='ltr'><strong>veteris</strong></span> <span class='ocrx_word' id='word_1_120' title='bbox 810 1428 957 1482; x_wconf 80' lang='lat' dir='ltr'><strong>Erechthei</strong></span> <span class='ocrx_word' id='word_1_121' title='bbox 972 1427 1031 1481; x_wconf 87' lang='lat' dir='ltr'><strong>loco</strong></span> <span class='ocrx_word' id='word_1_122' title='bbox 1048 1426 1194 1482; x_wconf 87' lang='lat' dir='ltr'><strong>aediculam</strong></span> <span class='ocrx_word' id='word_1_123' title='bbox 1212 1430 1346 1500; x_wconf 88' lang='lat' dir='ltr'><strong>quandam</strong></span> 
     </span>
     <span class='ocr_line' id='line_1_14' title="bbox 209 1512 1347 1586; baseline 0 -20"><span class='ocrx_word' id='word_1_124' title='bbox 209 1515 325 1582; x_wconf 80' lang='lat' dir='ltr'><strong>ligneam</strong></span> <span class='ocrx_word' id='word_1_125' title='bbox 340 1515 384 1568; x_wconf 86' lang='lat' dir='ltr'><strong>vel</strong></span> <span class='ocrx_word' id='word_1_126' title='bbox 406 1515 481 1583; x_wconf 88' lang='lat' dir='ltr'><strong>ligno</strong></span> <span class='ocrx_word' id='word_1_127' title='bbox 507 1523 605 1569; x_wconf 87' lang='lat' dir='ltr'><strong>tectam</strong></span> <span class='ocrx_word' id='word_1_128' title='bbox 620 1517 667 1586; x_wconf 90' lang='lat' dir='ltr'><strong>(ut</strong></span> <span class='ocrx_word' id='word_1_129' title='bbox 682 1515 753 1568; x_wconf 87' lang='lat' dir='ltr'><strong>dixit</strong></span> <span class='ocrx_word' id='word_1_130' title='bbox 767 1512 882 1568; x_wconf 76' lang='lat' dir='ltr'><strong>Mater:</strong></span> <span class='ocrx_word' id='word_1_131' title='bbox 899 1513 940 1566; x_wconf 89' lang='lat' dir='ltr'><strong>De</strong></span> <span class='ocrx_word' id='word_1_132' title='bbox 958 1513 1085 1566; x_wconf 83' lang='lat' dir='ltr'><strong>Minerva</strong></span> <span class='ocrx_word' id='word_1_133' title='bbox 1105 1512 1219 1567; x_wconf 88' lang='lat' dir='ltr'><strong>Poliade</strong></span> <span class='ocrx_word' id='word_1_134' title='bbox 1233 1531 1296 1582; x_wconf 85' lang='lat' dir='ltr'><strong>pag.</strong></span> <span class='ocrx_word' id='word_1_135' title='bbox 1315 1515 1347 1566; x_wconf 82' lang='lat'><strong>18</strong></span> 
     </span>
     <span class='ocr_line' id='line_1_15' title="bbox 209 1597 1345 1670; baseline -0.001 -18"><span class='ocrx_word' id='word_1_136' title='bbox 209 1599 270 1652; x_wconf 89' lang='lat' dir='ltr'><strong>coll.</strong></span> <span class='ocrx_word' id='word_1_137' title='bbox 284 1599 369 1652; x_wconf 84' lang='lat' dir='ltr'><strong>Hosio</strong></span> <span class='ocrx_word' id='word_1_138' title='bbox 381 1599 522 1670; x_wconf 83' lang='lat' dir='ltr'><strong>Inscriptt.</strong></span> <span class='ocrx_word' id='word_1_139' title='bbox 538 1616 601 1670; x_wconf 90' lang='lat' dir='ltr'><strong>pag.</strong></span> <span class='ocrx_word' id='word_1_140' title='bbox 619 1601 682 1667; x_wconf 86' lang='grc'>149)</span> <span class='ocrx_word' id='word_1_141' title='bbox 697 1599 740 1654; x_wconf 81' lang='lat' dir='ltr'><strong>vel</strong></span> <span class='ocrx_word' id='word_1_142' title='bbox 756 1599 835 1651; x_wconf 85' lang='lat' dir='ltr'><strong>etiarn</strong></span> <span class='ocrx_word' id='word_1_143' title='bbox 846 1597 988 1668; x_wconf 87' lang='lat' dir='ltr'><strong>lapideam,</strong></span> <span class='ocrx_word' id='word_1_144' title='bbox 1005 1599 1053 1651; x_wconf 88' lang='lat' dir='ltr'><strong>sed</strong></span> <span class='ocrx_word' id='word_1_145' title='bbox 1068 1597 1156 1650; x_wconf 89' lang='lat' dir='ltr'><strong>minus</strong></span> <span class='ocrx_word' id='word_1_146' title='bbox 1168 1598 1345 1669; x_wconf 84' lang='lat' dir='ltr'><strong>splendidam,</strong></span> 
     </span>
     <span class='ocr_line' id='line_1_16' title="bbox 209 1683 1346 1755; baseline 0 -19"><span class='ocrx_word' id='word_1_147' title='bbox 209 1701 280 1754; x_wconf 86' lang='lat' dir='ltr'><strong>quae</strong></span> <span class='ocrx_word' id='word_1_148' title='bbox 303 1685 337 1736; x_wconf 88' lang='lat' dir='ltr'><strong>ad</strong></span> <span class='ocrx_word' id='word_1_149' title='bbox 355 1701 434 1736; x_wconf 85' lang='lat' dir='ltr'><strong>sacra</strong></span> <span class='ocrx_word' id='word_1_150' title='bbox 454 1686 596 1738; x_wconf 82' lang='lat' dir='ltr'><strong>sufficeret</strong></span> <span class='ocrx_word' id='word_1_151' title='bbox 617 1685 776 1755; x_wconf 86' lang='lat' dir='ltr'><strong>veterisque</strong></span> <span class='ocrx_word' id='word_1_152' title='bbox 800 1683 943 1750; x_wconf 83' lang='lat' dir='ltr'><strong>religionis</strong></span> <span class='ocrx_word' id='word_1_153' title='bbox 958 1683 1109 1742; x_wconf 87' lang='lat' dir='ltr'><strong>memoriam</strong></span> <span class='ocrx_word' id='word_1_154' title='bbox 1130 1689 1268 1750; x_wconf 76' lang='lat' dir='ltr'><strong>servaret,</strong></span> <span class='ocrx_word' id='word_1_155' title='bbox 1287 1701 1346 1737; x_wconf 90' lang='lat' dir='ltr'><strong>ere·</strong></span> 
     </span>
     <span class='ocr_line' id='line_1_17' title="bbox 209 1767 1347 1839; baseline -0.001 -18"><span class='ocrx_word' id='word_1_156' title='bbox 209 1777 278 1821; x_wconf 88' lang='lat' dir='ltr'><strong>ctam</strong></span> <span class='ocrx_word' id='word_1_157' title='bbox 294 1787 357 1822; x_wconf 90' lang='lat' dir='ltr'><strong>esse</strong></span> <span class='ocrx_word' id='word_1_158' title='bbox 371 1786 483 1838; x_wconf 89' lang='lat' dir='ltr'><strong>eamque</strong></span> <span class='ocrx_word' id='word_1_159' title='bbox 500 1771 585 1839; x_wconf 85' lang='lat' dir='ltr'><strong>ipsam</strong></span> <span class='ocrx_word' id='word_1_160' title='bbox 602 1770 652 1821; x_wconf 90' lang='lat' dir='ltr'><strong>hoc</strong></span> <span class='ocrx_word' id='word_1_161' title='bbox 667 1769 826 1822; x_wconf 86' lang='lat' dir='ltr'><strong>Herodoteo</strong></span> <span class='ocrx_word' id='word_1_162' title='bbox 842 1767 901 1820; x_wconf 91' lang='lat' dir='ltr'><strong>loco</strong></span> <span class='ocrx_word' id='word_1_163' title='bbox 920 1768 1073 1836; x_wconf 86' lang='lat' dir='ltr'><strong>significari</strong></span> <span class='ocrx_word' id='word_1_164' title='bbox 1089 1768 1211 1836; x_wconf 89' lang='lat' dir='ltr'><strong>credam,</strong></span> <span class='ocrx_word' id='word_1_165' title='bbox 1232 1767 1275 1820; x_wconf 86' lang='lat' dir='ltr'><strong>vel</strong></span> <span class='ocrx_word' id='word_1_166' title='bbox 1299 1767 1347 1821; x_wconf 90' lang='lat' dir='ltr'><strong>ad·</strong></span> 
     </span>
     <span class='ocr_line' id='line_1_18' title="bbox 208 1853 1346 1924; baseline 0 -18"><span class='ocrx_word' id='word_1_167' title='bbox 208 1861 338 1906; x_wconf 85' lang='lat' dir='ltr'><strong>versante</strong></span> <span class='ocrx_word' id='word_1_168' title='bbox 358 1854 498 1907; x_wconf 86' lang='lat' dir='ltr'><strong>Boeclhio</strong></span> <span class='ocrx_word' id='word_1_169' title='bbox 516 1854 615 1924; x_wconf 92' lang='lat' dir='ltr'><strong>(Corp.</strong></span> <span class='ocrx_word' id='word_1_170' title='bbox 637 1853 780 1923; x_wconf 89' lang='lat' dir='ltr'><strong>Inscriptt.</strong></span> <span class='ocrx_word' id='word_1_171' title='bbox 813 1855 911 1906; x_wconf 88' lang='lat' dir='ltr'><strong>Graec.</strong></span> <span class='ocrx_word' id='word_1_172' title='bbox 930 1853 953 1905; x_wconf 91' lang='lat' dir='ltr'><strong>l.</strong></span> <span class='ocrx_word' id='word_1_173' title='bbox 972 1871 1035 1923; x_wconf 87' lang='lat' dir='ltr'><strong>pag.</strong></span> <span class='ocrx_word' id='word_1_174' title='bbox 1059 1853 1134 1920; x_wconf 78' lang='grc'>264),</span> <span class='ocrx_word' id='word_1_175' title='bbox 1156 1853 1205 1923; x_wconf 89' lang='lat' dir='ltr'><strong>qui</strong></span> <span class='ocrx_word' id='word_1_176' title='bbox 1225 1871 1280 1906; x_wconf 89' lang='lat' dir='ltr'><strong>nou</strong></span> <span class='ocrx_word' id='word_1_177' title='bbox 1313 1853 1346 1906; x_wconf 91' lang='lat' dir='ltr'><strong>de</strong></span> 
     </span>
     <span class='ocr_line' id='line_1_19' title="bbox 208 1937 1348 2008; baseline 0 -18"><span class='ocrx_word' id='word_1_178' title='bbox 208 1937 332 1990; x_wconf 89' lang='lat' dir='ltr'><strong>aedicula</strong></span> <span class='ocrx_word' id='word_1_179' title='bbox 354 1937 444 2008; x_wconf 86' lang='lat' dir='ltr'><strong>lignea</strong></span> <span class='ocrx_word' id='word_1_180' title='bbox 467 1939 557 1992; x_wconf 91' lang='lat' dir='ltr'><strong>denuo</strong></span> <span class='ocrx_word' id='word_1_181' title='bbox 582 1943 722 1992; x_wconf 87' lang='lat' dir='ltr'><strong>exstructa</strong></span> <span class='ocrx_word' id='word_1_182' title='bbox 739 1939 781 1990; x_wconf 86' lang='lat' dir='ltr'><strong>hic</strong></span> <span class='ocrx_word' id='word_1_183' title='bbox 795 1937 911 2006; x_wconf 86' lang='lat' dir='ltr'><strong>cogitari</strong></span> <span class='ocrx_word' id='word_1_184' title='bbox 927 1937 1001 2008; x_wconf 86' lang='lat' dir='ltr'><strong>vult,</strong></span> <span class='ocrx_word' id='word_1_185' title='bbox 1024 1938 1074 1992; x_wconf 89' lang='lat' dir='ltr'><strong>sed</strong></span> <span class='ocrx_word' id='word_1_186' title='bbox 1098 1938 1131 1991; x_wconf 90' lang='lat' dir='ltr'><strong>de</strong></span> <span class='ocrx_word' id='word_1_187' title='bbox 1152 1938 1216 2008; x_wconf 91' lang='lat' dir='ltr'><strong>ipsa</strong></span> <span class='ocrx_word' id='word_1_188' title='bbox 1237 1943 1348 1990; x_wconf 84' lang='lat' dir='ltr'><strong>vetusta</strong></span> 
     </span>
     <span class='ocr_line' id='line_1_20' title="bbox 209 2022 1346 2093; baseline 0 -17"><span class='ocrx_word' id='word_1_189' title='bbox 209 2022 276 2076; x_wconf 89' lang='lat' dir='ltr'><strong>aede</strong></span> <span class='ocrx_word' id='word_1_190' title='bbox 295 2023 441 2079; x_wconf 76' lang='lat' dir='ltr'><strong>semirutas</strong></span> <span class='ocrx_word' id='word_1_191' title='bbox 462 2024 496 2076; x_wconf 90' lang='lat' dir='ltr'><strong>de</strong></span> <span class='ocrx_word' id='word_1_192' title='bbox 517 2041 572 2093; x_wconf 89' lang='lat' dir='ltr'><strong>qua</strong></span> <span class='ocrx_word' id='word_1_193' title='bbox 586 2023 611 2075; x_wconf 90' lang='lat' dir='ltr'><strong>si</strong></span> <span class='ocrx_word' id='word_1_194' title='bbox 628 2023 731 2077; x_wconf 87' lang='lat' dir='ltr'><strong>Noster</strong></span> <span class='ocrx_word' id='word_1_195' title='bbox 747 2023 911 2092; x_wconf 84' lang='lat' dir='ltr'><strong>cogitasset,</strong></span> <span class='ocrx_word' id='word_1_196' title='bbox 930 2023 974 2076; x_wconf 82' lang='lat' dir='ltr'><strong>vix</strong></span> <span class='ocrx_word' id='word_1_197' title='bbox 990 2023 1088 2093; x_wconf 91' lang='lat' dir='ltr'><strong>opinor</strong></span> <span class='ocrx_word' id='word_1_198' title='bbox 1105 2023 1226 2076; x_wconf 89' lang='lat' dir='ltr'><strong>scribere</strong></span> <span class='ocrx_word' id='word_1_199' title='bbox 1241 2022 1346 2092; x_wconf 90' lang='lat' dir='ltr'><strong>potuis·</strong></span> 
     </span>
     <span class='ocr_line' id='line_1_21' title="bbox 210 2102 1348 2179; baseline 0.001 -20"><span class='ocrx_word' id='word_1_200' title='bbox 210 2116 253 2160; x_wconf 91' lang='lat' dir='ltr'><strong>set</strong></span> <span class='ocrx_word' id='word_1_201' title='bbox 268 2105 340 2162; x_wconf 76' lang='grc' dir='ltr'>ἔστι</span> <span class='ocrx_word' id='word_1_202' title='bbox 357 2139 398 2148; x_wconf 95' lang='lat'><em>-</em></span> <span class='ocrx_word' id='word_1_203' title='bbox 412 2102 494 2178; x_wconf 76' lang='grc' dir='ltr'><em>νηὸς,</em></span> <span class='ocrx_word' id='word_1_204' title='bbox 517 2108 591 2178; x_wconf 91' lang='lat' dir='ltr'><strong>quod</strong></span> <span class='ocrx_word' id='word_1_205' title='bbox 609 2127 668 2160; x_wconf 86' lang='lat' dir='ltr'><strong>meo</strong></span> <span class='ocrx_word' id='word_1_206' title='bbox 690 2108 798 2179; x_wconf 90' lang='lat' dir='ltr'><strong>quidem</strong></span> <span class='ocrx_word' id='word_1_207' title='bbox 818 2107 919 2161; x_wconf 92' lang='lat' dir='ltr'><strong>iudicio</strong></span> <span class='ocrx_word' id='word_1_208' title='bbox 940 2109 974 2161; x_wconf 93' lang='lat' dir='ltr'><strong>de</strong></span> <span class='ocrx_word' id='word_1_209' title='bbox 994 2108 1062 2162; x_wconf 89' lang='lat' dir='ltr'><strong>aede</strong></span> <span class='ocrx_word' id='word_1_210' title='bbox 1083 2108 1213 2162; x_wconf 86' lang='lat' dir='ltr'><strong>semiruta</strong></span> <span class='ocrx_word' id='word_1_211' title='bbox 1230 2107 1284 2160; x_wconf 92' lang='lat' dir='ltr'><strong>dici</strong></span> <span class='ocrx_word' id='word_1_212' title='bbox 1304 2107 1348 2160; x_wconf 84' lang='lat' dir='ltr'><strong>rix</strong></span> 
     </span>
     <span class='ocr_line' id='line_1_22' title="bbox 209 2193 1348 2264; baseline -0.001 -19"><span class='ocrx_word' id='word_1_213' title='bbox 209 2193 321 2263; x_wconf 91' lang='lat' dir='ltr'><strong>poterit.</strong></span> <span class='ocrx_word' id='word_1_214' title='bbox 352 2194 432 2246; x_wconf 82' lang='lat' dir='ltr'><strong>humo</strong></span> <span class='ocrx_word' id='word_1_215' title='bbox 458 2194 550 2246; x_wconf 89' lang='lat' dir='ltr'><strong>statim</strong></span> <span class='ocrx_word' id='word_1_216' title='bbox 566 2202 630 2262; x_wconf 90' lang='lat' dir='ltr'><strong>post</strong></span> <span class='ocrx_word' id='word_1_217' title='bbox 653 2193 755 2246; x_wconf 87' lang='lat' dir='ltr'><strong>Persas</strong></span> <span class='ocrx_word' id='word_1_218' title='bbox 781 2210 926 2261; x_wconf 86' lang='lat' dir='ltr'><strong>regressos</strong></span> <span class='ocrx_word' id='word_1_219' title='bbox 950 2193 1042 2246; x_wconf 90' lang='lat' dir='ltr'><strong>aedem</strong></span> <span class='ocrx_word' id='word_1_220' title='bbox 1068 2194 1137 2246; x_wconf 90' lang='lat' dir='ltr'><strong>hauc</strong></span> <span class='ocrx_word' id='word_1_221' title='bbox 1156 2193 1248 2264; x_wconf 89' lang='lat' dir='ltr'><strong>aliquo</strong></span> <span class='ocrx_word' id='word_1_222' title='bbox 1273 2199 1348 2245; x_wconf 87' lang='lat' dir='ltr'><strong>certe</strong></span> 
     </span>
     <span class='ocr_line' id='line_1_23' title="bbox 209 2276 1347 2349; baseline -0.001 -19"><span class='ocrx_word' id='word_1_223' title='bbox 209 2279 286 2331; x_wconf 90' lang='lat' dir='ltr'><strong>modo</strong></span> <span class='ocrx_word' id='word_1_224' title='bbox 304 2281 432 2334; x_wconf 83' lang='lat' dir='ltr'><strong>refectam</strong></span> <span class='ocrx_word' id='word_1_225' title='bbox 445 2297 508 2332; x_wconf 91' lang='lat' dir='ltr'><strong>esse</strong></span> <span class='ocrx_word' id='word_1_226' title='bbox 523 2279 676 2346; x_wconf 90' lang='lat' dir='ltr'><strong>credimus,</strong></span> <span class='ocrx_word' id='word_1_227' title='bbox 698 2295 778 2348; x_wconf 85' lang='lat' dir='ltr'><strong>quem</strong></span> <span class='ocrx_word' id='word_1_228' title='bbox 792 2278 897 2331; x_wconf 89' lang='lat' dir='ltr'><strong>Noster</strong></span> <span class='ocrx_word' id='word_1_229' title='bbox 916 2279 976 2332; x_wconf 88' lang='lat' dir='ltr'><strong>suis</strong></span> <span class='ocrx_word' id='word_1_230' title='bbox 990 2279 1080 2349; x_wconf 88' lang='lat' dir='ltr'><strong>ipsius</strong></span> <span class='ocrx_word' id='word_1_231' title='bbox 1096 2277 1182 2332; x_wconf 90' lang='lat' dir='ltr'><strong>oculis</strong></span> <span class='ocrx_word' id='word_1_232' title='bbox 1200 2277 1272 2330; x_wconf 89' lang='lat' dir='ltr'><strong>haud</strong></span> <span class='ocrx_word' id='word_1_233' title='bbox 1290 2276 1347 2330; x_wconf 90' lang='lat' dir='ltr'><strong>scio</strong></span> 
     </span>
     <span class='ocr_line' id='line_1_24' title="bbox 210 2363 1348 2434; baseline 0 -18"><span class='ocrx_word' id='word_1_234' title='bbox 210 2381 243 2416; x_wconf 88' lang='lat' dir='ltr'><strong>an</strong></span> <span class='ocrx_word' id='word_1_235' title='bbox 267 2365 368 2417; x_wconf 88' lang='lat' dir='ltr'><strong>viderit</strong></span> <span class='ocrx_word' id='word_1_236' title='bbox 391 2365 435 2418; x_wconf 86' lang='lat' dir='ltr'><strong>vel</strong></span> <span class='ocrx_word' id='word_1_237' title='bbox 457 2373 602 2434; x_wconf 88' lang='lat' dir='ltr'><strong>antequam</strong></span> <span class='ocrx_word' id='word_1_238' title='bbox 618 2363 740 2416; x_wconf 88' lang='lat' dir='ltr'><strong>Thurios</strong></span> <span class='ocrx_word' id='word_1_239' title='bbox 757 2363 847 2416; x_wconf 91' lang='lat' dir='ltr'><strong>abiret</strong></span> <span class='ocrx_word' id='word_1_240' title='bbox 867 2363 983 2416; x_wconf 82' lang='lat' dir='ltr'><strong>Athenis</strong></span> <span class='ocrx_word' id='word_1_241' title='bbox 1006 2363 1040 2430; x_wconf 94' lang='lat' dir='ltr'><strong>(i.</strong></span> <span class='ocrx_word' id='word_1_242' title='bbox 1061 2381 1086 2416; x_wconf 96' lang='lat' dir='ltr'><strong>e.</strong></span> <span class='ocrx_word' id='word_1_243' title='bbox 1103 2369 1168 2416; x_wconf 87' lang='lat' dir='ltr'><strong>ante</strong></span> <span class='ocrx_word' id='word_1_244' title='bbox 1183 2379 1284 2416; x_wconf 86' lang='lat' dir='ltr'><strong>annum</strong></span> <span class='ocrx_word' id='word_1_245' title='bbox 1296 2367 1348 2416; x_wconf 83' lang='grc'><strong>444</strong></span> 
     </span>
     <span class='ocr_line' id='line_1_25' title="bbox 209 2447 1349 2518; baseline -0.001 -17"><span class='ocrx_word' id='word_1_246' title='bbox 209 2455 273 2502; x_wconf 90' lang='lat' dir='ltr'><strong>ante</strong></span> <span class='ocrx_word' id='word_1_247' title='bbox 292 2449 358 2502; x_wconf 86' lang='lat' dir='ltr'><strong>Chr.</strong></span> <span class='ocrx_word' id='word_1_248' title='bbox 382 2451 423 2517; x_wconf 91' lang='lat' dir='ltr'><strong>n.)</strong></span> <span class='ocrx_word' id='word_1_249' title='bbox 447 2449 488 2502; x_wconf 85' lang='lat' dir='ltr'><strong>vel</strong></span> <span class='ocrx_word' id='word_1_250' title='bbox 503 2455 614 2518; x_wconf 87' lang='lat' dir='ltr'><strong>postea,</strong></span> <span class='ocrx_word' id='word_1_251' title='bbox 638 2465 696 2502; x_wconf 90' lang='lat' dir='ltr'><strong>cum</strong></span> <span class='ocrx_word' id='word_1_252' title='bbox 717 2447 832 2501; x_wconf 85' lang='lat' dir='ltr'><strong>Thuriis</strong></span> <span class='ocrx_word' id='word_1_253' title='bbox 855 2447 976 2500; x_wconf 89' lang='lat' dir='ltr'><strong>Athenas</strong></span> <span class='ocrx_word' id='word_1_254' title='bbox 997 2449 1139 2518; x_wconf 83' lang='lat' dir='ltr'><strong>proiectus</strong></span> <span class='ocrx_word' id='word_1_255' title='bbox 1160 2447 1349 2518; x_wconf 85' lang='lat' dir='ltr'><strong>Propylseaa</strong></span> 
     </span>
     <span class='ocr_line' id='line_1_26' title="bbox 209 2531 1347 2604; baseline -0.002 -18"><span class='ocrx_word' id='word_1_256' title='bbox 209 2534 315 2586; x_wconf 89' lang='lat' dir='ltr'><strong>Pericle</strong></span> <span class='ocrx_word' id='word_1_257' title='bbox 341 2541 482 2587; x_wconf 85' lang='lat' dir='ltr'><strong>exstructa</strong></span> <span class='ocrx_word' id='word_1_258' title='bbox 507 2536 664 2603; x_wconf 75' lang='lat' dir='ltr'><strong>(aar-431</strong></span> <span class='ocrx_word' id='word_1_259' title='bbox 680 2539 743 2586; x_wconf 82' lang='lat' dir='ltr'><strong>ante</strong></span> <span class='ocrx_word' id='word_1_260' title='bbox 758 2533 824 2585; x_wconf 85' lang='lat' dir='ltr'><strong>Chr.</strong></span> <span class='ocrx_word' id='word_1_261' title='bbox 841 2531 883 2599; x_wconf 89' lang='lat' dir='ltr'><strong>u.)</strong></span> <span class='ocrx_word' id='word_1_262' title='bbox 910 2533 1094 2603; x_wconf 90' lang='lat' dir='ltr'><strong>conspiceret,</strong></span> <span class='ocrx_word' id='word_1_263' title='bbox 1122 2533 1227 2604; x_wconf 84' lang='lat' dir='ltr'><strong>deque</strong></span> <span class='ocrx_word' id='word_1_264' title='bbox 1248 2550 1347 2586; x_wconf 90' lang='lat' dir='ltr'><strong>remo-</strong></span> 
     </span>
     <span class='ocr_line' id='line_1_27' title="bbox 210 2616 1348 2688; baseline -0.001 -17"><span class='ocrx_word' id='word_1_265' title='bbox 210 2619 319 2671; x_wconf 83' lang='lat' dir='ltr'><strong>mrimus</strong></span> <span class='ocrx_word' id='word_1_266' title='bbox 336 2619 369 2670; x_wconf 92' lang='lat' dir='ltr'><strong>ad</strong></span> <span class='ocrx_word' id='word_1_267' title='bbox 384 2617 416 2688; x_wconf 90' lang='lat' dir='ltr'><strong>V,</strong></span> <span class='ocrx_word' id='word_1_268' title='bbox 432 2622 475 2672; x_wconf 80' lang='grc'><strong>79.</strong></span> <span class='ocrx_word' id='word_1_269' title='bbox 491 2622 545 2684; x_wconf 82' lang='grc'><strong>77.;</strong></span> <span class='ocrx_word' id='word_1_270' title='bbox 567 2635 618 2670; x_wconf 92' lang='lat' dir='ltr'><strong>nec</strong></span> <span class='ocrx_word' id='word_1_271' title='bbox 639 2617 750 2670; x_wconf 90' lang='lat' dir='ltr'><strong>multum</strong></span> <span class='ocrx_word' id='word_1_272' title='bbox 771 2616 835 2670; x_wconf 92' lang='lat' dir='ltr'><strong>inde</strong></span> <span class='ocrx_word' id='word_1_273' title='bbox 857 2616 1016 2687; x_wconf 89' lang='lat' dir='ltr'><strong>discedunt,</strong></span> <span class='ocrx_word' id='word_1_274' title='bbox 1039 2635 1110 2688; x_wconf 90' lang='lat' dir='ltr'><strong>quae</strong></span> <span class='ocrx_word' id='word_1_275' title='bbox 1129 2618 1225 2688; x_wconf 87' lang='lat' dir='ltr'><strong>posuit</strong></span> <span class='ocrx_word' id='word_1_276' title='bbox 1247 2617 1348 2679; x_wconf 85' lang='lat' dir='ltr'><strong>hliiller</strong></span> 
     </span>
     <span class='ocr_line' id='line_1_28' title="bbox 210 2701 1367 2773; baseline 0 -19"><span class='ocrx_word' id='word_1_277' title='bbox 210 2703 227 2755; x_wconf 93' lang='lat' dir='ltr'><strong>l.</strong></span> <span class='ocrx_word' id='word_1_278' title='bbox 245 2703 273 2768; x_wconf 93' lang='lat' dir='ltr'><strong>l.,</strong></span> <span class='ocrx_word' id='word_1_279' title='bbox 290 2703 337 2772; x_wconf 91' lang='lat' dir='ltr'><strong>qui</strong></span> <span class='ocrx_word' id='word_1_280' title='bbox 352 2704 386 2754; x_wconf 88' lang='lat' dir='ltr'><strong>ab</strong></span> <span class='ocrx_word' id='word_1_281' title='bbox 399 2703 540 2756; x_wconf 86' lang='lat' dir='ltr'><strong>Herodoto</strong></span> <span class='ocrx_word' id='word_1_282' title='bbox 556 2701 620 2754; x_wconf 87' lang='lat' dir='ltr'><strong>baec</strong></span> <span class='ocrx_word' id='word_1_283' title='bbox 635 2703 696 2772; x_wconf 89' lang='lat' dir='ltr'><strong>ipsa</strong></span> <span class='ocrx_word' id='word_1_284' title='bbox 711 2702 814 2772; x_wconf 87' lang='lat' dir='ltr'><strong>scripta</strong></span> <span class='ocrx_word' id='word_1_285' title='bbox 830 2719 892 2756; x_wconf 90' lang='lat' dir='ltr'><strong>esse</strong></span> <span class='ocrx_word' id='word_1_286' title='bbox 916 2709 995 2773; x_wconf 82' lang='lat' dir='ltr'><strong>putat</strong></span> <span class='ocrx_word' id='word_1_287' title='bbox 1009 2703 1069 2756; x_wconf 41' lang='lat' dir='ltr'><strong>sub*</strong></span> <span class='ocrx_word' id='word_1_288' title='bbox 1079 2703 1189 2756; x_wconf 86' lang='lat' dir='ltr'><strong>tertium</strong></span> <span class='ocrx_word' id='word_1_289' title='bbox 1204 2703 1263 2756; x_wconf 87' lang='lat' dir='ltr'><strong>t&#39;ere</strong></span> <span class='ocrx_word' id='word_1_290' title='bbox 1283 2702 1347 2754; x_wconf 89' lang='lat' dir='ltr'><strong>belli</strong></span> <span class='ocrx_word' id='word_1_291' title='bbox 1365 2756 1367 2760; x_wconf 75' lang='grc'><strong>,</strong></span> 
     </span>
     <span class='ocr_line' id='line_1_29' title="bbox 208 2787 1347 2856; baseline 0.002 -18"><span class='ocrx_word' id='word_1_292' title='bbox 208 2787 434 2856; x_wconf 87' lang='lat' dir='ltr'><strong>Peloponnesiaci</strong></span> <span class='ocrx_word' id='word_1_293' title='bbox 451 2787 595 2854; x_wconf 81' lang='lat' dir='ltr'><strong>ann11m‚i.</strong></span> <span class='ocrx_word' id='word_1_294' title='bbox 613 2805 638 2843; x_wconf 89' lang='lat' dir='ltr'><strong>e.</strong></span> <span class='ocrx_word' id='word_1_295' title='bbox 655 2789 739 2840; x_wconf 84' lang='lat' dir='ltr'><strong>ferme</strong></span> <span class='ocrx_word' id='word_1_296' title='bbox 754 2805 826 2840; x_wconf 90' lang='lat' dir='ltr'><strong>anno</strong></span> <span class='ocrx_word' id='word_1_297' title='bbox 841 2790 891 2841; x_wconf 80' lang='lat'><strong>429</strong></span> <span class='ocrx_word' id='word_1_298' title='bbox 907 2794 970 2840; x_wconf 87' lang='lat' dir='ltr'><strong>ente</strong></span> <span class='ocrx_word' id='word_1_299' title='bbox 989 2788 1054 2840; x_wconf 87' lang='lat' dir='ltr'><strong>Chr.</strong></span> <span class='ocrx_word' id='word_1_300' title='bbox 1071 2806 1098 2840; x_wconf 92' lang='lat' dir='ltr'><strong>n.</strong></span> <span class='ocrx_word' id='word_1_301' title='bbox 1128 2787 1225 2841; x_wconf 85' lang='lat' dir='ltr'><strong>Serius</strong></span> <span class='ocrx_word' id='word_1_302' title='bbox 1244 2787 1347 2842; x_wconf 90' lang='lat' dir='ltr'><strong>demum</strong></span> 
     </span>
     <span class='ocr_line' id='line_1_30' title="bbox 208 2871 1348 2944; baseline 0.002 -20"><span class='ocrx_word' id='word_1_303' title='bbox 208 2871 401 2937; x_wconf 78' lang='lat' dir='ltr'><strong>Athenienses,</strong></span> <span class='ocrx_word' id='word_1_304' title='bbox 418 2872 465 2941; x_wconf 93' lang='lat' dir='ltr'><strong>qui</strong></span> <span class='ocrx_word' id='word_1_305' title='bbox 480 2872 617 2924; x_wconf 88' lang='lat' dir='ltr'><strong>maximam</strong></span> <span class='ocrx_word' id='word_1_306' title='bbox 633 2889 724 2924; x_wconf 90' lang='lat' dir='ltr'><strong>curam</strong></span> <span class='ocrx_word' id='word_1_307' title='bbox 741 2871 925 2925; x_wconf 89' lang='lat' dir='ltr'><strong>adhibuerunt</strong></span> <span class='ocrx_word' id='word_1_308' title='bbox 938 2890 988 2925; x_wconf 90' lang='lat' dir='ltr'><strong>nec</strong></span> <span class='ocrx_word' id='word_1_309' title='bbox 1002 2872 1064 2925; x_wconf 90' lang='lat' dir='ltr'><strong>ullis</strong></span> <span class='ocrx_word' id='word_1_310' title='bbox 1081 2873 1233 2942; x_wconf 85' lang='lat' dir='ltr'><strong>sumptibus</strong></span> <span class='ocrx_word' id='word_1_311' title='bbox 1250 2891 1348 2944; x_wconf 90' lang='lat' dir='ltr'><strong>peper-</strong></span> 
     </span>
     <span class='ocr_line' id='line_1_31' title="bbox 209 2956 1348 3025; baseline 0.002 -17"><span class='ocrx_word' id='word_1_312' title='bbox 209 2963 320 3023; x_wconf 91' lang='lat' dir='ltr'><strong>cerunt,</strong></span> <span class='ocrx_word' id='word_1_313' title='bbox 337 2963 367 3008; x_wconf 91' lang='lat' dir='ltr'><strong>ut</strong></span> <span class='ocrx_word' id='word_1_314' title='bbox 386 2957 496 3010; x_wconf 88' lang='lat' dir='ltr'><strong>deorum</strong></span> <span class='ocrx_word' id='word_1_315' title='bbox 517 2956 616 3025; x_wconf 88' lang='lat' dir='ltr'><strong>templa</strong></span> <span class='ocrx_word' id='word_1_316' title='bbox 633 2974 649 3008; x_wconf 91' lang='lat' dir='ltr'><strong>a</strong></span> <span class='ocrx_word' id='word_1_317' title='bbox 664 2957 758 3010; x_wconf 89' lang='lat' dir='ltr'><strong>Persis</strong></span> <span class='ocrx_word' id='word_1_318' title='bbox 781 2956 872 3009; x_wconf 88' lang='lat' dir='ltr'><strong>diruta</strong></span> <span class='ocrx_word' id='word_1_319' title='bbox 896 2958 1087 3022; x_wconf 88' lang='lat' dir='ltr'><strong>restituerent,</strong></span> <span class='ocrx_word' id='word_1_320' title='bbox 1112 2957 1146 3010; x_wconf 90' lang='lat' dir='ltr'><strong>ad</strong></span> <span class='ocrx_word' id='word_1_321' title='bbox 1168 2958 1348 3012; x_wconf 79' lang='lat' dir='ltr'><strong>Erechtheum</strong></span> 
     </span>
     <span class='ocr_line' id='line_1_32' title="bbox 209 3040 1348 3111; baseline 0.003 -18"><span class='ocrx_word' id='word_1_322' title='bbox 209 3040 420 3111; x_wconf 90' lang='lat' dir='ltr'><strong>splendidiorem</strong></span> <span class='ocrx_word' id='word_1_323' title='bbox 438 3042 465 3094; x_wconf 90' lang='lat' dir='ltr'><strong>in</strong></span> <span class='ocrx_word' id='word_1_324' title='bbox 486 3041 591 3095; x_wconf 89' lang='lat' dir='ltr'><strong>modurn</strong></span> <span class='ocrx_word' id='word_1_325' title='bbox 614 3042 809 3095; x_wconf 86' lang='lat' dir='ltr'><strong>exstruendum</strong></span> <span class='ocrx_word' id='word_1_326' title='bbox 832 3043 985 3095; x_wconf 84' lang='lat' dir='ltr'><strong>accessisse</strong></span> <span class='ocrx_word' id='word_1_327' title='bbox 1003 3042 1145 3109; x_wconf 82' lang='lat' dir='ltr'><strong>videntur,</strong></span> <span class='ocrx_word' id='word_1_328' title='bbox 1169 3060 1229 3096; x_wconf 91' lang='lat' dir='ltr'><strong>cum</strong></span> <span class='ocrx_word' id='word_1_329' title='bbox 1247 3043 1348 3096; x_wconf 92' lang='lat' dir='ltr'><strong>dudum</strong></span> 
     </span>
     <span class='ocr_line' id='line_1_33' title="bbox 209 3125 1349 3198; baseline 0.004 -20"><span class='ocrx_word' id='word_1_330' title='bbox 209 3126 281 3179; x_wconf 88' lang='lat' dir='ltr'><strong>arcis</strong></span> <span class='ocrx_word' id='word_1_331' title='bbox 297 3125 430 3197; x_wconf 87' lang='lat' dir='ltr'><strong>urbisque</strong></span> <span class='ocrx_word' id='word_1_332' title='bbox 446 3127 624 3195; x_wconf 89' lang='lat' dir='ltr'><strong>munimenta,</strong></span> <span class='ocrx_word' id='word_1_333' title='bbox 644 3127 727 3195; x_wconf 89' lang='lat' dir='ltr'><strong>longa</strong></span> <span class='ocrx_word' id='word_1_334' title='bbox 743 3126 862 3192; x_wconf 88' lang='lat' dir='ltr'><strong>moenia,</strong></span> <span class='ocrx_word' id='word_1_335' title='bbox 876 3127 1045 3196; x_wconf 81' lang='lat' dir='ltr'><strong>Propylaea,</strong></span> <span class='ocrx_word' id='word_1_336' title='bbox 1064 3127 1278 3198; x_wconf 89' lang='lat' dir='ltr'><strong>Parthenonem,</strong></span> <span class='ocrx_word' id='word_1_337' title='bbox 1295 3128 1349 3182; x_wconf 87' lang='lat' dir='ltr'><strong>alia</strong></span> 
     </span>
     <span class='ocr_line' id='line_1_34' title="bbox 208 3211 1349 3283; baseline 0.004 -21"><span class='ocrx_word' id='word_1_338' title='bbox 208 3211 307 3281; x_wconf 90' lang='lat' dir='ltr'><strong>templa</strong></span> <span class='ocrx_word' id='word_1_339' title='bbox 328 3212 448 3266; x_wconf 85' lang='lat' dir='ltr'><strong>maximis</strong></span> <span class='ocrx_word' id='word_1_340' title='bbox 473 3211 628 3282; x_wconf 87' lang='lat' dir='ltr'><strong>sumptibus</strong></span> <span class='ocrx_word' id='word_1_341' title='bbox 646 3212 866 3266; x_wconf 79' lang='lat' dir='ltr'><strong>exstruxissentr</strong></span> <span class='ocrx_word' id='word_1_342' title='bbox 888 3220 971 3281; x_wconf 89' lang='lat' dir='ltr'><strong>atque</strong></span> <span class='ocrx_word' id='word_1_343' title='bbox 987 3213 1037 3264; x_wconf 92' lang='lat' dir='ltr'><strong>hac</strong></span> <span class='ocrx_word' id='word_1_344' title='bbox 1051 3214 1113 3282; x_wconf 86' lang='lat' dir='ltr'><strong>ipsa</strong></span> <span class='ocrx_word' id='word_1_345' title='bbox 1125 3231 1154 3266; x_wconf 90' lang='lat' dir='ltr'><strong>re</strong></span> <span class='ocrx_word' id='word_1_346' title='bbox 1169 3211 1209 3266; x_wconf 91' lang='lat' dir='ltr'><strong>illi</strong></span> <span class='ocrx_word' id='word_1_347' title='bbox 1226 3213 1349 3283; x_wconf 87' lang='lat' dir='ltr'><strong>impediti</strong></span> 
     </span>
     <span class='ocr_line' id='line_1_35' title="bbox 209 3295 1349 3366; baseline 0.002 -18"><span class='ocrx_word' id='word_1_348' title='bbox 209 3298 297 3350; x_wconf 90' lang='lat' dir='ltr'><strong>luisse</strong></span> <span class='ocrx_word' id='word_1_349' title='bbox 313 3297 451 3362; x_wconf 83' lang='lat' dir='ltr'><strong>videntur,</strong></span> <span class='ocrx_word' id='word_1_350' title='bbox 467 3315 522 3366; x_wconf 92' lang='lat' dir='ltr'><strong>quo</strong></span> <span class='ocrx_word' id='word_1_351' title='bbox 538 3295 676 3350; x_wconf 90' lang='lat' dir='ltr'><strong>minusad</strong></span> <span class='ocrx_word' id='word_1_352' title='bbox 692 3297 873 3350; x_wconf 82' lang='lat' dir='ltr'><strong>Erechtheum</strong></span> <span class='ocrx_word' id='word_1_353' title='bbox 890 3297 1061 3366; x_wconf 88' lang='lat' dir='ltr'><strong>splendidius</strong></span> <span class='ocrx_word' id='word_1_354' title='bbox 1078 3299 1273 3351; x_wconf 87' lang='lat' dir='ltr'><strong>exstruendum</strong></span> <span class='ocrx_word' id='word_1_355' title='bbox 1289 3297 1349 3350; x_wconf 58' lang='lat' dir='ltr'><strong>ani:</strong></span> 
     </span>
     <span class='ocr_line' id='line_1_36' title="bbox 208 3381 1348 3454; baseline 0.001 -20"><span class='ocrx_word' id='word_1_356' title='bbox 208 3399 278 3435; x_wconf 90' lang='lat' dir='ltr'><strong>mum</strong></span> <span class='ocrx_word' id='word_1_357' title='bbox 298 3382 482 3437; x_wconf 86' lang='lat' dir='ltr'><strong>attenderent.</strong></span> <span class='ocrx_word' id='word_1_358' title='bbox 513 3382 622 3435; x_wconf 88' lang='lat' dir='ltr'><strong>Etenim</strong></span> <span class='ocrx_word' id='word_1_359' title='bbox 638 3381 728 3435; x_wconf 88' lang='lat' dir='ltr'><strong>serius</strong></span> <span class='ocrx_word' id='word_1_360' title='bbox 745 3383 849 3435; x_wconf 90' lang='lat' dir='ltr'><strong>demum</strong></span> <span class='ocrx_word' id='word_1_361' title='bbox 873 3390 956 3451; x_wconf 90' lang='lat' dir='ltr'><strong>atque</strong></span> <span class='ocrx_word' id='word_1_362' title='bbox 977 3383 1048 3436; x_wconf 89' lang='lat' dir='ltr'><strong>haud</strong></span> <span class='ocrx_word' id='word_1_363' title='bbox 1070 3382 1127 3435; x_wconf 90' lang='lat' dir='ltr'><strong>scio</strong></span> <span class='ocrx_word' id='word_1_364' title='bbox 1143 3399 1177 3435; x_wconf 89' lang='lat' dir='ltr'><strong>an</strong></span> <span class='ocrx_word' id='word_1_365' title='bbox 1199 3383 1270 3454; x_wconf 89' lang='lat' dir='ltr'><strong>ipsis</strong></span> <span class='ocrx_word' id='word_1_366' title='bbox 1283 3382 1348 3436; x_wconf 93' lang='lat' dir='ltr'><strong>belli</strong></span> 
     </span>
     <span class='ocr_line' id='line_1_37' title="bbox 208 3466 1347 3538; baseline 0.002 -20"><span class='ocrx_word' id='word_1_367' title='bbox 208 3467 434 3536; x_wconf 84' lang='lat' dir='ltr'><strong>Peloponnesiaci</strong></span> <span class='ocrx_word' id='word_1_368' title='bbox 450 3467 618 3536; x_wconf 88' lang='lat' dir='ltr'><strong>temporibus</strong></span> <span class='ocrx_word' id='word_1_369' title='bbox 635 3467 685 3519; x_wconf 92' lang='lat' dir='ltr'><strong>hoc</strong></span> <span class='ocrx_word' id='word_1_370' title='bbox 698 3467 825 3537; x_wconf 89' lang='lat' dir='ltr'><strong>templum</strong></span> <span class='ocrx_word' id='word_1_371' title='bbox 841 3466 1014 3538; x_wconf 89' lang='lat' dir='ltr'><strong>splendidius</strong></span> <span class='ocrx_word' id='word_1_372' title='bbox 1031 3467 1137 3520; x_wconf 84' lang='lat' dir='ltr'><strong>exstrui</strong></span> <span class='ocrx_word' id='word_1_373' title='bbox 1153 3475 1278 3538; x_wconf 87' lang='lat' dir='ltr'><strong>coeptum</strong></span> <span class='ocrx_word' id='word_1_374' title='bbox 1295 3475 1347 3536; x_wconf 89' lang='lat' dir='ltr'><strong>est,</strong></span> 
     </span>
     <span class='ocr_line' id='line_1_38' title="bbox 208 3551 1346 3623; baseline 0.003 -20"><span class='ocrx_word' id='word_1_375' title='bbox 208 3551 292 3622; x_wconf 91' lang='lat' dir='ltr'><strong>idque</strong></span> <span class='ocrx_word' id='word_1_376' title='bbox 310 3551 474 3620; x_wconf 88' lang='lat' dir='ltr'><strong>intelligitur</strong></span> <span class='ocrx_word' id='word_1_377' title='bbox 488 3573 502 3604; x_wconf 90' lang='lat' dir='ltr'><strong>e</strong></span> <span class='ocrx_word' id='word_1_378' title='bbox 517 3552 692 3605; x_wconf 89' lang='lat' dir='ltr'><strong>celeberrima</strong></span> <span class='ocrx_word' id='word_1_379' title='bbox 705 3552 896 3623; x_wconf 89' lang='lat' dir='ltr'><strong>inscriptione,</strong></span> <span class='ocrx_word' id='word_1_380' title='bbox 909 3567 988 3623; x_wconf 86' lang='lat' dir='ltr'><strong>quam</strong></span> <span class='ocrx_word' id='word_1_381' title='bbox 1005 3552 1189 3606; x_wconf 87' lang='lat' dir='ltr'><strong>exhibuerunt</strong></span> <span class='ocrx_word' id='word_1_382' title='bbox 1199 3553 1274 3606; x_wconf 82' lang='lat' dir='ltr'><strong>Rose</strong></span> <span class='ocrx_word' id='word_1_383' title='bbox 1292 3553 1311 3607; x_wconf 90' lang='lat' dir='ltr'><strong>l.</strong></span> <span class='ocrx_word' id='word_1_384' title='bbox 1327 3551 1346 3606; x_wconf 93' lang='lat' dir='ltr'><strong>l.</strong></span> 
     </span>
     <span class='ocr_line' id='line_1_39' title="bbox 209 3636 1347 3708; baseline 0.001 -19"><span class='ocrx_word' id='word_1_385' title='bbox 209 3653 272 3706; x_wconf 85' lang='lat' dir='ltr'><strong>pag.</strong></span> <span class='ocrx_word' id='word_1_386' title='bbox 286 3639 334 3690; x_wconf 76' lang='lat' dir='ltr'><strong>lau</strong></span> <span class='ocrx_word' id='word_1_387' title='bbox 346 3655 415 3708; x_wconf 85' lang='lat' dir='ltr'><strong>seq,</strong></span> <span class='ocrx_word' id='word_1_388' title='bbox 430 3636 522 3689; x_wconf 82' lang='lat' dir='ltr'><strong>Lealre</strong></span> <span class='ocrx_word' id='word_1_389' title='bbox 538 3637 556 3689; x_wconf 97' lang='lat' dir='ltr'><strong>l.</strong></span> <span class='ocrx_word' id='word_1_390' title='bbox 572 3637 588 3688; x_wconf 95' lang='lat' dir='ltr'><strong>l.</strong></span> <span class='ocrx_word' id='word_1_391' title='bbox 605 3655 668 3707; x_wconf 86' lang='lat' dir='ltr'><strong>pag.</strong></span> <span class='ocrx_word' id='word_1_392' title='bbox 680 3641 731 3693; x_wconf 88' lang='grc'><strong>439</strong></span> <span class='ocrx_word' id='word_1_393' title='bbox 743 3656 832 3708; x_wconf 91' lang='lat' dir='ltr'><strong>seqq,</strong></span> <span class='ocrx_word' id='word_1_394' title='bbox 851 3637 970 3690; x_wconf 82' lang='lat' dir='ltr'><strong>Roeclb.</strong></span> <span class='ocrx_word' id='word_1_395' title='bbox 987 3637 1005 3689; x_wconf 95' lang='lat' dir='ltr'><strong>l.</strong></span> <span class='ocrx_word' id='word_1_396' title='bbox 1018 3637 1052 3704; x_wconf 88' lang='lat' dir='ltr'><strong>l.;</strong></span> <span class='ocrx_word' id='word_1_397' title='bbox 1070 3637 1142 3691; x_wconf 91' lang='lat' dir='ltr'><strong>unde</strong></span> <span class='ocrx_word' id='word_1_398' title='bbox 1157 3637 1294 3706; x_wconf 89' lang='lat' dir='ltr'><strong>docemur,</strong></span> <span class='ocrx_word' id='word_1_399' title='bbox 1312 3655 1347 3690; x_wconf 90' lang='lat' dir='ltr'><strong>ne</strong></span> 
     </span>
     <span class='ocr_line' id='line_1_40' title="bbox 209 3721 1347 3794; baseline 0.004 -22"><span class='ocrx_word' id='word_1_400' title='bbox 209 3727 307 3791; x_wconf 88' lang='lat' dir='ltr'><strong>quarto</strong></span> <span class='ocrx_word' id='word_1_401' title='bbox 329 3721 436 3790; x_wconf 90' lang='lat' dir='ltr'><strong>quidem</strong></span> <span class='ocrx_word' id='word_1_402' title='bbox 457 3739 529 3774; x_wconf 90' lang='lat' dir='ltr'><strong>anno</strong></span> <span class='ocrx_word' id='word_1_403' title='bbox 551 3721 720 3792; x_wconf 85' lang='lat' dir='ltr'><strong>Olympiadis</strong></span> <span class='ocrx_word' id='word_1_404' title='bbox 735 3721 812 3774; x_wconf 86' lang='lat' dir='ltr'><strong>xcu</strong></span> <span class='ocrx_word' id='word_1_405' title='bbox 833 3723 866 3794; x_wconf 89' lang='lat' dir='ltr'><strong>(i.</strong></span> <span class='ocrx_word' id='word_1_406' title='bbox 889 3742 913 3775; x_wconf 92' lang='lat' dir='ltr'><strong>e.</strong></span> <span class='ocrx_word' id='word_1_407' title='bbox 931 3740 1002 3776; x_wconf 91' lang='lat' dir='ltr'><strong>anno</strong></span> <span class='ocrx_word' id='word_1_408' title='bbox 1017 3725 1069 3778; x_wconf 89' lang='grc'><strong>409</strong></span> <span class='ocrx_word' id='word_1_409' title='bbox 1084 3729 1147 3776; x_wconf 89' lang='lat' dir='ltr'><strong>ante</strong></span> <span class='ocrx_word' id='word_1_410' title='bbox 1163 3721 1228 3778; x_wconf 89' lang='lat' dir='ltr'><strong>Chr.</strong></span> <span class='ocrx_word' id='word_1_411' title='bbox 1247 3729 1288 3790; x_wconf 87' lang='lat' dir='ltr'><strong>n.)</strong></span> <span class='ocrx_word' id='word_1_412' title='bbox 1303 3739 1347 3776; x_wconf 87' lang='lat' dir='ltr'><strong>ar-</strong></span> 
     </span>
     <span class='ocr_line' id='line_1_41' title="bbox 209 3805 1348 3862; baseline 0.004 -6"><span class='ocrx_word' id='word_1_413' title='bbox 209 3806 308 3857; x_wconf 88' lang='lat' dir='ltr'><strong>chonte</strong></span> <span class='ocrx_word' id='word_1_414' title='bbox 323 3805 418 3858; x_wconf 86' lang='lat' dir='ltr'><strong>Diocle</strong></span> <span class='ocrx_word' id='word_1_415' title='bbox 440 3823 538 3859; x_wconf 84' lang='lat' dir='ltr'><strong>novum</strong></span> <span class='ocrx_word' id='word_1_416' title='bbox 558 3807 607 3858; x_wconf 91' lang='lat' dir='ltr'><strong>hoc</strong></span> <span class='ocrx_word' id='word_1_417' title='bbox 621 3807 802 3860; x_wconf 86' lang='lat' dir='ltr'><strong>Erechtheum</strong></span> <span class='ocrx_word' id='word_1_418' title='bbox 823 3807 975 3861; x_wconf 88' lang='lat' dir='ltr'><strong>absolutum</strong></span> <span class='ocrx_word' id='word_1_419' title='bbox 1000 3808 1098 3861; x_wconf 82' lang='lat' dir='ltr'><strong>luisse.</strong></span> <span class='ocrx_word' id='word_1_420' title='bbox 1127 3807 1240 3862; x_wconf 89' lang='lat' dir='ltr'><strong>Accedit</strong></span> <span class='ocrx_word' id='word_1_421' title='bbox 1261 3807 1348 3861; x_wconf 90' lang='lat' dir='ltr'><strong>altera</strong></span> 
     </span>
     <span class='ocr_line' id='line_1_42' title="bbox 209 3887 1349 3963; baseline 0.004 -24"><span class='ocrx_word' id='word_1_422' title='bbox 209 3887 352 3957; x_wconf 89' lang='lat' dir='ltr'><strong>inscriptio</strong></span> <span class='ocrx_word' id='word_1_423' title='bbox 376 3905 465 3960; x_wconf 91' lang='lat' dir='ltr'><strong>nuper</strong></span> <span class='ocrx_word' id='word_1_424' title='bbox 486 3898 595 3960; x_wconf 83' lang='lat' dir='ltr'><strong>reperte</strong></span> <span class='ocrx_word' id='word_1_425' title='bbox 611 3891 678 3962; x_wconf 83' lang='lat' dir='ltr'><strong>(rid¹</strong></span> <span class='ocrx_word' id='word_1_426' title='bbox 697 3891 843 3960; x_wconf 77' lang='lat' dir='ltr'><strong>Rsngabe:</strong></span> <span class='ocrx_word' id='word_1_427' title='bbox 859 3892 970 3962; x_wconf 87' lang='lat' dir='ltr'><strong>Antiqq.</strong></span> <span class='ocrx_word' id='word_1_428' title='bbox 986 3892 1093 3946; x_wconf 87' lang='lat' dir='ltr'><strong>Hellen.</strong></span> <span class='ocrx_word' id='word_1_429' title='bbox 1116 3892 1139 3946; x_wconf 89' lang='lat' dir='ltr'><strong>l.</strong></span> <span class='ocrx_word' id='word_1_430' title='bbox 1157 3911 1183 3963; x_wconf 93' lang='lat' dir='ltr'><strong>p.</strong></span> <span class='ocrx_word' id='word_1_431' title='bbox 1201 3897 1244 3946; x_wconf 83' lang='grc'><strong>45.</strong></span> <span class='ocrx_word' id='word_1_432' title='bbox 1260 3896 1303 3947; x_wconf 85' lang='grc'><strong>85.</strong></span> <span class='ocrx_word' id='word_1_433' title='bbox 1320 3899 1349 3946; x_wconf 89' lang='lat' dir='ltr'><strong>et</strong></span> 
     </span>
     <span class='ocr_line' id='line_1_43' title="bbox 209 3973 1348 4048; baseline 0.008 -25"><span class='ocrx_word' id='word_1_434' title='bbox 209 3973 341 4041; x_wconf 85' lang='lat' dir='ltr'><strong>Stephani</strong></span> <span class='ocrx_word' id='word_1_435' title='bbox 367 3973 412 4025; x_wconf 83' lang='lat' dir='ltr'><strong>in:</strong></span> <span class='ocrx_word' id='word_1_436' title='bbox 438 3974 535 4028; x_wconf 90' lang='lat' dir='ltr'><strong>Annali</strong></span> <span class='ocrx_word' id='word_1_437' title='bbox 562 3975 606 4028; x_wconf 90' lang='lat' dir='ltr'><strong>del</strong></span> <span class='ocrx_word' id='word_1_438' title='bbox 631 3975 718 4030; x_wconf 90' lang='lat' dir='ltr'><strong>instit.</strong></span> <span class='ocrx_word' id='word_1_439' title='bbox 741 3977 896 4045; x_wconf 87' lang='lat' dir='ltr'><strong>archeolog.</strong></span> <span class='ocrx_word' id='word_1_440' title='bbox 918 3978 982 4029; x_wconf 92' lang='lat' dir='ltr'><strong>anni</strong></span> <span class='ocrx_word' id='word_1_441' title='bbox 998 3981 1074 4032; x_wconf 87' lang='grc'>1845.</span> <span class='ocrx_word' id='word_1_442' title='bbox 1101 3977 1161 4033; x_wconf 90' lang='lat' dir='ltr'><strong>Vol.</strong></span> <span class='ocrx_word' id='word_1_443' title='bbox 1175 3977 1235 4031; x_wconf 85' lang='lat' dir='ltr'><strong>XV.</strong></span> <span class='ocrx_word' id='word_1_444' title='bbox 1252 3997 1278 4048; x_wconf 82' lang='lat' dir='ltr'><strong>p,</strong></span> <span class='ocrx_word' id='word_1_445' title='bbox 1296 3979 1348 4032; x_wconf 76' lang='lat'><strong>286</strong></span> 
     </span>
     <span class='ocr_line' id='line_1_44' title="bbox 210 4057 1347 4134; baseline 0.006 -26"><span class='ocrx_word' id='word_1_446' title='bbox 210 4057 312 4128; x_wconf 85' lang='lat' dir='ltr'><strong>seqq),</strong></span> <span class='ocrx_word' id='word_1_447' title='bbox 329 4074 399 4126; x_wconf 88' lang='lat' dir='ltr'><strong>quae</strong></span> <span class='ocrx_word' id='word_1_448' title='bbox 417 4058 520 4112; x_wconf 86' lang='lat' dir='ltr'><strong>indicat</strong></span> <span class='ocrx_word' id='word_1_449' title='bbox 536 4060 580 4113; x_wconf 87' lang='lat' dir='ltr'><strong>vel</strong></span> <span class='ocrx_word' id='word_1_450' title='bbox 596 4060 765 4130; x_wconf 82' lang='lat' dir='ltr'><strong>Olympiadis</strong></span> <span class='ocrx_word' id='word_1_451' title='bbox 781 4061 874 4114; x_wconf 86' lang='lat' dir='ltr'><strong>XCIlI</strong></span> <span class='ocrx_word' id='word_1_452' title='bbox 890 4077 961 4114; x_wconf 91' lang='lat' dir='ltr'><strong>anno</strong></span> <span class='ocrx_word' id='word_1_453' title='bbox 978 4063 1099 4116; x_wconf 88' lang='lat' dir='ltr'><strong>secundo</strong></span> <span class='ocrx_word' id='word_1_454' title='bbox 1120 4064 1152 4134; x_wconf 90' lang='lat' dir='ltr'><strong>(i.</strong></span> <span class='ocrx_word' id='word_1_455' title='bbox 1175 4081 1199 4119; x_wconf 92' lang='lat' dir='ltr'><strong>e.</strong></span> <span class='ocrx_word' id='word_1_456' title='bbox 1216 4065 1267 4117; x_wconf 85' lang='grc'><strong>497</strong></span> <span class='ocrx_word' id='word_1_457' title='bbox 1283 4069 1347 4116; x_wconf 87' lang='lat' dir='ltr'><strong>aute</strong></span> 
     </span>
    </p>
   </div>
   <div class='ocr_carea' id='block_1_3' title="bbox 210 4255 1347 4390">
    <p class='ocr_par' dir='ltr' id='par_1_3' title="bbox 210 4255 1347 4390">
     <span class='ocr_line' id='line_1_45' title="bbox 212 4255 1347 4323; baseline 0.005 -17"><span class='ocrx_word' id='word_1_458' title='bbox 212 4255 383 4321; x_wconf 85' lang='lat' dir='ltr'><strong>expressions</strong></span> <span class='ocrx_word' id='word_1_459' title='bbox 401 4256 579 4320; x_wconf 76' lang='lat' dir='ltr'><strong>exagerdes.“</strong></span> <span class='ocrx_word' id='word_1_460' title='bbox 603 4259 735 4323; x_wconf 80' lang='lat' dir='ltr'><strong>Equidem</strong></span> <span class='ocrx_word' id='word_1_461' title='bbox 754 4259 856 4310; x_wconf 89' lang='lat' dir='ltr'><strong>nullam</strong></span> <span class='ocrx_word' id='word_1_462' title='bbox 870 4261 950 4311; x_wconf 87' lang='lat' dir='ltr'><strong>video</strong></span> <span class='ocrx_word' id='word_1_463' title='bbox 969 4275 1092 4320; x_wconf 87' lang='lat' dir='ltr'><strong>causam,</strong></span> <span class='ocrx_word' id='word_1_464' title='bbox 1118 4277 1166 4312; x_wconf 90' lang='lat' dir='ltr'><strong>cur</strong></span> <span class='ocrx_word' id='word_1_465' title='bbox 1178 4261 1347 4313; x_wconf 84' lang='lat' dir='ltr'><strong>Herodotum</strong></span> 
     </span>
     <span class='ocr_line' id='line_1_46' title="bbox 210 4325 829 4390; baseline 0.003 -16"><span class='ocrx_word' id='word_1_466' title='bbox 210 4325 260 4374; x_wconf 87' lang='lat' dir='ltr'><strong>has</strong></span> <span class='ocrx_word' id='word_1_467' title='bbox 274 4339 317 4373; x_wconf 87' lang='lat' dir='ltr'><strong>res</strong></span> <span class='ocrx_word' id='word_1_468' title='bbox 330 4325 456 4375; x_wconf 88' lang='lat' dir='ltr'><strong>oratione</strong></span> <span class='ocrx_word' id='word_1_469' title='bbox 471 4341 655 4390; x_wconf 83' lang='lat' dir='ltr'><strong>exaggerasse</strong></span> <span class='ocrx_word' id='word_1_470' title='bbox 669 4327 829 4378; x_wconf 80' lang='lat' dir='ltr'><strong>existimem.</strong></span> 
     </span>
    </p>
   </div>
   <div class='ocr_carea' id='block_1_4' title="bbox 0 0 1538 4964">
    <p class='ocr_par' dir='ltr' id='par_1_4' title="bbox 0 0 1538 4964">
     <span class='ocr_line' id='line_1_47' title="bbox 0 0 1538 4964; baseline 0 0"><span class='ocrx_word' id='word_1_471' title='bbox 0 0 1538 4964; x_wconf 95' lang='lat' dir='ltr'><strong> </strong></span> 
     </span>
    </p>
   </div>
  </div>
 </body>
</html>
