3026 4970
258 467 320 530 258
694 459 962 522 HERODOTI

259 635 296 704 di·
315 636 429 725 ἑτέρου
446 633 557 722 φαμὲν
581 625 683 722 ἡμέας
707 634 879 702 invisebat
902 627 1135 722 ἡγεμονεύειν,
1163 629 1246 702 κατά
1271 659 1334 718 περ
1361 635 1398 703 ἐν
1491 687 1492 704 i

256 739 304 830 spi
325 733 454 826 πρόσθε
475 731 592 828 χρόνῳ.
630 741 740 824 Χωρίς
766 761 802 804 τε
827 730 948 802 τούτου
973 737 1034 802 τοῦ
1059 729 1274 822 ἀπηγημένου
1298 740 1398 822 ἔργου
1491 773 1492 826 3

256 834 496 928 ἀξιονικότεροί
511 842 603 926 εἰμεν
617 831 808 924 Ἀθηναίων
824 832 950 923 ταύτην
967 831 1028 922 τὴν
1044 832 1138 918 τάξιν
1156 841 1251 924 ἔχειν.
1282 837 1399 904 πολλοὶ
1491 831 1492 836 “

256 941 319 1030 μὲν
335 936 399 1029 γάρ
416 966 452 1010 τε
469 939 524 1007 καὶ
544 926 583 1007 εὖ
600 943 729 1026 ἔχοντες
747 933 828 1027 πρὸς
845 929 948 1026 ὑμέας
966 931 1062 1026 ἡμῖν,
1086 933 1208 1026 ἄνδρες
1230 941 1399 1026 Σπαρτιῐγ

260 1070 326 1130 ται,
344 1036 471 1129 ἆγοῖυις
489 1035 703 1128 ἀγωνίδαται,
722 1040 837 1108 πολλοὶ
857 1037 894 1106 δὲ
912 1038 967 1106 καὶ
984 1035 1066 1128 πρὸς
1082 1033 1212 1118 ἄλλους.
1242 1034 1332 1107 οὕτω
1350 1029 1400 1108 niv

259 1138 362 1234 ἡμέας
381 1148 511 1212 δίκαιον
529 1147 617 1230 ἔχειν
633 1137 670 1210 sd
688 1143 802 1230 ἕτερον
819 1141 928 1230 κέρας,
946 1134 1031 1229 ἥπερ
1046 1134 1254 1226 Ἀθηναίους.
1275 1134 1316 1210 osi
1334 1138 1400 1228 γάρ

258 1253 323 1334 σφί
338 1247 406 1314 ἐστι
424 1249 505 1332 ἔργα
522 1237 576 1312 οἶά
593 1269 655 1332 περ
673 1236 753 1331 ἡμῖν
771 1243 1034 1332 κατεργασμένα,
1053 1236 1121 1310 οὔτ’
1140 1229 1189 1311 οἶν
1206 1237 1303 1310 καινὰ
1321 1237 1402 1310 οὔτε

211 1343 388 1420 27παλαιοί.
427 1349 472 1415 Oi
486 1345 549 1434 μὲν
565 1347 669 1414 ταῦτα
687 1350 810 1432 ἔλεγον.
844 1338 1016 1440 Ἀθηναῖοι
1037 1343 1074 1411 δὲ
1091 1338 1173 1431 πρὸς
1190 1345 1294 1412 ταῦτα
1311 1337 1446 1414 siae-aot

258 1455 414 1540 κρίναντο
438 1444 532 1516 τάδε·
565 1442 787 1534 Ἐπιστάμεθα
804 1443 866 1534 μὲν
883 1442 1029 1514 σύνοδον
1046 1442 1148 1533 τήνδε
1165 1441 1270 1534 μάχης
1287 1448 1403 1514 εἵνεκα

293 1633 802 1709 φαμὲνὴμέαςίκνέεοθαιὴγεμονεί-
853 1641 1005 1692 daemoniis
1015 1641 1179 1707 eosdemque
1189 1641 1217 1691 in
1226 1640 1329 1692 bellum
1339 1657 1402 1708 pro-

259 1709 801 1840 ἱιμηὶΒοιοεοΙὲημοιμοεμυρὶυμοΚὲοιῧιίὅο
853 1708 1020 1840 δοέοοιμιιιὶμ1
1030 1709 1120 1826 secpti
1141 1714 1169 1787 et
1192 1709 1324 1826 οοιυὶμμῖὶὶ1
1338 1725 1402 1828 etsasc

333 1794 421 1831 reor.
458 1794 496 1829 or.
536 1794 551 1827 e
585 1793 632 1827 rs.
665 1793 708 1827 on.
739 1816 745 1830 .
794 1814 800 1828 .
852 1791 880 1828 vr
901 1792 981 1826 snur
1022 1791 1073 1828 ακε
1094 1793 1124 1826 αι
1165 1793 1221 1827 scos
1241 1793 1269 1826 ai
1328 1793 1345 1827 u
1380 1795 1404 1828 r·

258 1862 284 1924 p.
297 1843 347 1895 548
360 1795 389 1895 egt
400 1845 553 1906 Lambere,
567 1845 684 1894 rescribi
697 1844 756 1895 vult
769 1836 802 1904 ἐς
854 1844 921 1894 chus
939 1844 1054 1906 Quaest.
1074 1792 1173 1894 (ἕταροί.
1192 1815 1230 1904 5,,
1242 1837 1404 1908 Τεγεάταις

257 1906 362 1979 quiec,
383 1913 480 1978 quibus
493 1911 647 1978 Schweigb.
661 1916 736 1962 recte
755 1928 801 1978 op·
854 1906 1038 1993 διαλλαγέντε
1067 1903 1238 1978 ἐποιήσαντο
1248 1905 1403 1988 συνθήροις

258 1981 337 2046 pouit
345 1981 433 2046 ipsum
441 1979 611 2030 Herodotum
620 1980 653 2038 11,
661 1978 703 2042 36,
711 1995 802 2045 qnam·
853 1973 903 2030 aui
916 1981 1021 2046 osqiqv
1038 1927 1070 2030 δυ
1086 1969 1201 2044 Ἀλῳείῳ
1219 1975 1323 2046 κοινὴν
1334 1976 1402 2031 ανέ-

259 2063 339 2113 quam
357 2048 526 2114 praepositio
544 2053 572 2097 et
590 2047 651 2112 ipsa
668 2049 803 2114 reperitur
854 2061 961 2109 στησαν
973 2063 998 2100 κ.
1011 2063 1033 2096 τ.
1046 2045 1097 2110 L),
1116 2046 1197 2098 valde
1212 2048 1357 2098 aestimati
1376 2055 1403 2098 et

259 2115 354 2166 addita
368 2115 419 2177 VI,
431 2115 474 2168 57.
507 2115 604 2179 Itaque
616 2115 686 2164 nihil
697 2121 801 2164 mutau-
853 2113 981 2164 honorati
994 2131 1011 2164 a
1023 2114 1262 2176 Lacedaemoniis,
1276 2117 1325 2180 qni
1336 2116 1402 2166 iude

258 2183 320 2234 durn
333 2183 410 2234 diui:
424 2183 457 2233 de
468 2183 622 2233 accusativi
631 2183 737 2233 ratione
746 2182 802 2233 vid.
842 2181 883 2250 „in
901 2183 963 2234 ucis
983 2182 1158 2246 Plataeensi,
1183 2179 1232 2232 καί
1253 2182 1339 2249 τιμῆς
1362 2181 1402 2234 si'·

258 2251 389 2302 Kuehner
402 2251 448 2302 Gr.
462 2252 508 2301 Gr.
520 2251 544 2312 9.
557 2250 615 2300 545.
650 2250 719 2300 Nam
731 2249 802 2300 haee
854 2263 924 2299 νεκα
942 2245 990 2300 καὶ
1008 2239 1125 2315 αἱρετῆς,
1150 2255 1180 2300 ut
1197 2250 1300 2300 Noster
1315 2251 1403 2301 trudit

259 2321 317 2370 fere
335 2319 390 2370 loei
408 2319 561 2370 sententis:
581 2319 641 2381 „od
657 2333 703 2369 nos
717 2323 800 2382 perti·
854 2331 916 2382 esp.
930 2315 975 2376 28,
994 2317 1129 2383 Tegeatis
1144 2316 1233 2368 locum
1253 2319 1324 2384 ipsis
1339 2335 1402 2384 pro-

257 2403 318 2438 nere
331 2389 433 2438 dicimus
444 2388 575 2452 inaperium
591 2401 614 2436 s.
627 2387 725 2436 ductum
737 2389 801 2436 alte·
852 2385 954 2434 ximum
967 2385 1120 2450 assignant
1138 2385 1336 2436 desolantes
1348 2387 1402 2436 Te·

256 2455 433 2518 siuseoruu“‚
453 2454 525 2519 quod
542 2453 803 2516 convenissemus,
854 2456 953 2516 gestus
977 2467 1038 2502 eum
1061 2452 1294 2503 Lacedaemoniis
1315 2455 1402 2504 Ther-

276 2537 329 2570 nae
347 2524 475 2571 contiuuo
492 2521 688 2571 subiiciuntur:
712 2512 804 2586 ἡμέας
854 2519 978 2585 mopylas
990 2519 1130 2584 profectos
1141 2519 1258 2585 legimus
1268 2521 1331 2580 VII,
1342 2521 1402 2572 202.

258 2538 375 2638 δίκαιον
393 2582 469 2652 ἔχειν
484 2581 517 2638 τὸ
535 2581 645 2652 ἕτερον,
671 2588 719 2638 ubi
741 2587 801 2638 scil.
854 2585 932 2637 Cous.
946 2588 1031 2637 etiam
1044 2586 1367 2653 CurtiuszPeloponnes.
1380 2592 1400 2640 1.

259 2660 314 2704 iure
330 2657 377 2706 hoe
393 2655 442 2704 sibi
458 2655 718 2706 debericoatendunt.
748 2657 802 2705 Pro
853 2670 880 2719 p.
892 2655 950 2704 252.
986 2655 1081 2720 Neque
1099 2654 1183 2704 aliter
1200 2658 1320 2721 posteris
1333 2662 1401 2707 tern-

260 2713 292 2772 ίν
303 2720 341 2787 τῷ
353 2715 463 2785 πρόσθε
476 2715 568 2788 χρόνῳ
580 2723 673 2773 Nabsr
685 2723 713 2771 in
725 2723 802 2772 Mne·
853 2722 964 2787 poribus
998 2723 1138 2788 'regestas
1168 2724 1402 2775 Lacedaemoniis

259 2804 363 2852 mosyn.
377 2790 422 2839 IV.
441 2805 466 2906 p.
482 2789 513 2839 13
527 2791 612 2840 scribi
628 2790 700 2841 vult:
721 2783 752 2841 ἕν
764 2787 803 2840 soi
854 2789 999 2840 adiunctos
1015 2790 1152 2842 videmus:
1176 2791 1231 2841 vid.
1250 2791 1332 2842 modo
1347 2793 1400 2842 Xe·

258 2850 439 2921 πρόαθεαίε
472 2843 563 2922 poiseo
596 2857 759 2922 quodsiele
781 2845 802 2906 i·
853 2857 935 2922 noph.
954 2858 1025 2908 Hist.
1044 2857 1143 2908 Graec.
1161 2858 1199 2907 1v
1234 2859 1250 2907 2
1288 2858 1320 2910 13
1356 2861 1393 2909 VI

259 2928 304 2973 tur
319 2925 398 2984 VIII,
416 2923 463 2988 41,
481 2895 652 2988 αοηίίνοτο
669 2925 721 2976 boe
740 2875 801 2976 logco
853 2923 939 2986 4,18.
959 2951 989 2960 -
1008 2927 1040 2976 In
1058 2941 1133 2990 seqq.
1152 2895 1401 2988 τοιίοαίδίκαιου,

259 2992 445 3042 necessarium
457 2992 574 3041 videtur.
854 2993 982 3056 quoniam
1000 2985 1193 3057 dicendaeque,
1212 2995 1284 3059 quod
1297 2995 1400 3045 Pavius

293 3057 344 3110 τοῦ
361 3050 560 3125 ἀπηγημένου]
583 3059 698 3110 Passivo
720 3075 802 3110 sensu
853 3061 949 3125 reponi
961 3060 1063 3122 voluit,
1078 3075 1111 3112 ac
1125 3077 1211 3126 nuper
1224 3077 1334 3128 quoque
1347 3063 1399 3113 Na·

260 3126 536 3256 ereneus
557 3127 802 3246 οιοιοοο
853 3127 1399 3248 sni-niune

258 3231 397 3313 locutioire
406 3230 547 3328 'reperitiu
558 3278 641 3328 supra
653 3263 674 3325 1,
685 3263 744 3316 207.
761 3263 802 3312 Ad
853 3211 917 3312 virm
927 3263 1041 3314 subinde
1050 3263 1090 3313 ita
1100 3212 1165 3328 poliri
1175 3213 1341 3327 inv'enimi’e
1354 3265 1399 3314 nbi

258 3345 376 3396 sequens
392 3321 600 3396 οίξιονικότιροι
618 3331 654 3381 ei.
668 3331 734 3395 VII,
755 3329 802 3380 187
853 3335 945 3380 mente
959 3330 1060 3381 addere
1078 3331 1145 3381 licet
1157 3330 1267 3396 μᾶλλον
1280 3349 1296 3382 e
1308 3333 1400 3383 verbis

258 3399 352 3464 ibique
367 3399 464 3450 allata.
853 3399 1024 3464 praegressis
1037 3403 1119 3464 atque
1130 3415 1164 3448 ex
1176 3404 1236 3450 tota
1247 3401 1397 3458 sententia,

258 3457 720 3586 nittzftiitdt'ittvtiti
729 3453 801 3583 ⁶⁶3⁰·
852 3467 1398 3586 tritti‘tiiitittiitstitt

257 3602 535 3666 234‚20s.177‚23.
571 3550 800 3653 Tavid.depl1agc
852 3605 907 3650 tou.
924 3603 967 3651 De
992 3601 1065 3667 legg.
1086 3602 1133 3652 lx,
1156 3618 1182 3668 p.
1200 3601 1289 3652 859A.
1312 3602 1399 3669 (peu

258 3671 376 3734 perfecti
388 3671 493 3735 passivi
506 3671 592 3722 torma
605 3669 693 3720 allato
706 3685 723 3718 a
734 3669 801 3720 Bre·
852 3667 936 3733 seq),
950 3684 1002 3719 nse
1015 3673 1108 3720 nostro
1121 3669 1180 3720 loeo
1194 3671 1305 3733 omisso,
1320 3687 1397 3736 quem

259 3737 320 3785 dov.
334 3752 397 3802 pag.
407 3736 465 3789 328.
483 3740 525 3789 De
539 3737 735 3788 certaminibus
748 3737 801 3786 Te·
853 3737 937 3786 etiam
949 3736 1100 3787 attuleruut
1110 3737 1246 3788 Matthiae
1257 3737 1304 3788 Gr.
1317 3739 1396 3798 Gr.§.

259 3809 403 3868 gestarum
420 3821 453 3855 ae
470 3805 665 3871 Spartanorum
682 3805 738 3856 vid.
756 3819 801 3854 su·
851 3803 915 3864 457,
931 3803 942 3852 l
958 3809 986 3854 et
997 3805 1113 3855 Bredov.
1126 3820 1189 3871 pag.
1202 3803 1236 3855 ou
1251 3821 1324 3870 seq.;
1342 3805 1396 3858 vid.

259 3869 482 3936 praI,ssbseqq.
506 3873 636 3938 Spartani
650 3873 722 3922 enim
739 3887 801 3922 cum
852 3886 958 3936 quoque
981 3873 1121 3922 Lambcrt.
1143 3873 1208 3922 Bos,
1232 3873 1267 3923 de
1285 3873 1396 3939 Ellipss.

259 3938 334 4003 prius
343 3937 494 3988 infeliciter
504 3946 673 4005 pugnassent
682 3940 801 3990 eum'l'e-
850 3940 932 4004 Liug.
952 3939 1051 3990 Graec.
1070 3955 1133 4006 pag.
1153 3939 1203 3991 769
1225 3941 1267 3994 ed.
1285 3939 1398 3990 Subsei.
1491 3997 1492 4000 ρ

259 4006 365 4069 gestis,
382 4011 494 4070 postea,
515 4007 621 4058 Orestis
638 4023 702 4058 osse
718 4007 799 4073 Spar·
850 4033 883 4042 -
901 4007 933 4056 In
950 4008 1044 4059 verbis
1065 4009 1244 4072 sequentibus
1268 3998 1332 4059 οὔτ’
1354 3995 1399 4058 eis
1491 4005 1492 4020 ¹

259 4079 315 4122 tam
328 4087 389 4122 cum
405 4073 495 4124 relatu
512 4081 617 4138 esseut,
635 4075 708 4126 bello
721 4090 801 4142 supa·
852 4069 939 4125 καινὰ
963 4065 1030 4126 οὔτε
1052 4067 1162 4126 παλαιοὶ
1182 4089 1261 4126 usum
1281 4077 1399 4127 voculae

259 4142 346 4190 riores
359 4141 429 4190 iacti
441 4147 512 4204 suut,
525 4157 548 4192 s.
558 4148 588 4193 ut
597 4143 697 4194 Noster
705 4141 802 4192 scribit
851 4129 892 4192 civ
901 4144 1009 4194 notavit
1018 4142 1250 4194 idemStallbaum
1263 4144 1331 4195 ibid.
1337 4143 1398 4195 VII.

258 4209 281 4270 1,
295 4206 337 4269 68,
350 4197 422 4268 ὅκως
434 4205 574 4275 πειρῴατο
586 4200 722 4276 α’λλήλων,
736 4209 801 4260 ποί·
852 4227 878 4272 p.
891 4209 980 4274 7921),
993 4211 1042 4262 ubi
1054 4211 1109 4263 vid.

259 4275 298 4340 κρῖ
320 4271 524 4342 κατυπέρτεροι
547 4275 587 4344 τῷ
608 4271 722 4344 πολέμῳ
744 4269 800 4341 ἐγί-

259 4358 343 4394 νοντο
356 4337 386 4394 οί
396 4337 629 4410 Λακεδαιμόνιοι.
653 4347 720 4394 Inde
732 4345 801 4394 vieti
1027 4330 1093 4382 0⁸¹²·
1110 4329 1224 4381 XXVII·

258 4412 402 4477 Tegeatae
420 4411 515 4462 foedus
532 4406 627 4462 iniisse
640 4425 700 4460 oum
713 4412 801 4460 Laee-
887 4406 1010 4464 ου’νυδον
1019 4410 1335 4481 τήνδε-συλλεγῆναι]
1347 4415 1401 4465 ie.
