3026 4970
218 433 280 495 248
654 427 920 488 HERODOTI

220 601 258 672 δέ
286 597 392 672 ὀπίσω
421 597 598 689 ἆπήλασαν
621 605 655 670 οί
677 597 828 689 ίππόται,
858 603 988 690 πέμψας
1012 598 1206 690 Μαρδόνιος
1229 598 1359 688 κήρυκα

219 710 313 791 ἔλεγε
329 701 420 773 τόδε·
440 704 620 792 Θαρσέετε,
640 690 667 771 τό
686 705 831 782 Φωκέες·
866 698 988 792 ἄνδρες
1005 699 1069 792 γὰρ
1088 700 1230 791 ἐφάνητε
1250 699 1359 784 ἐόντες

218 801 353 894 ἀγαθοὶ,
371 800 433 874 οὐκ
452 799 496 884 ὣς
516 801 580 892 ἐμιό
600 801 847 892 ἐπυνθανόμην.
884 807 1023 874 καινόν
1040 801 1223 894 προθύμως
1241 805 1360 892 φέρετε

218 903 277 977 τόν
295 904 440 996 πόλεμον
456 909 585 975 τοῦτον·
605 901 815 994 εὐεργεσίῃσι
832 900 896 994 γὰρ
913 901 955 975 οὐ
973 903 1125 993 νικήσετε
1142 902 1219 974 οὔτε
1237 893 1285 974 σόν
1303 905 1360 994 ἐμὲ

219 1005 296 1078 οὔτε
314 1009 460 1095 βασιλέα.
491 1003 538 1076 Tol
555 1009 631 1098 περὶ
651 1008 797 1077 Φωκέων
814 1007 876 1095 μέν
895 1009 927 1088 ἐς
945 1010 1082 1076 τοσοῦτο
1101 1008 1239 1095 ἐγένετο.

174 1118 214 1181 19
297 1106 554 1198 Λακεδαιμόνιοι
579 1109 632 1196 δὲ,
668 1103 712 1189 ὦς
737 1111 769 1188 ές
791 1105 850 1178 τόν
870 1103 1003 1196 Ἰσθμδν
1025 1098 1149 1196 ἦλθον,
1186 1110 1222 1178 ἐν
1250 1105 1360 1201 τούτῳ

220 1208 547 1302 ἐστρατοπεδεύοντο.
571 1207 820 1298 πυνθανόμενοι
840 1209 876 1279 δέ
893 1213 996 1280 ταῦτα
1013 1215 1049 1280 οί
1063 1211 1171 1279 λοιποὶ
1190 1219 1360 1280 Πελοπον-

219 1311 345 1401 νήσιοι,
380 1329 465 1382 τοῖσι
491 1309 531 1382 τὰ
548 1307 673 1401 ἇμείνω
692 1307 832 1400 ἥνδανε,
856 1315 889 1380 οί
912 1311 949 1380 δέ
973 1313 1027 1381 καὶ
1045 1305 1196 1400 ὁρέοντες
1216 1310 1361 1396 ἐξιόντας

220 1411 448 1504 Σπαρτιήτας,
485 1410 548 1483 οὐκ
567 1417 735 1483 ἐδικαίευν
753 1419 928 1483 λείπεσθαι
945 1416 1003 1501 τῆς
1022 1411 1138 1496 ἐξόδου
1156 1419 1362 1502 Λακεδαιμο-

220 1523 312 1586 νίων.
347 1511 400 1585 Ἐκ
419 1512 460 1603 δή
479 1504 527 1584 τόν
544 1518 605 1585 τοῦ
619 1510 770 1604 Ἰσθμοῦ,
790 1512 1059 1602 καλλιρησόντων
1077 1517 1145 1584 των
1162 1517 1262 1603 ίροῖν,
1288 1517 1362 1584 ἐπο-

221 1614 359 1704 ρεύοντο
378 1613 516 1702 πάντες,
536 1618 590 1686 καί
608 1613 820 1686 ἀπικνέονται
840 1619 871 1696 ές
886 1611 1066 1686 Ἐλευσῖνα.
1103 1613 1299 1703 ποιήσαντες
1325 1615 1363 1684 δέ

222 1720 277 1786 καὶ
304 1719 452 1786 ἐνθαῦτα
481 1715 552 1807 ίρίι,
589 1713 633 1798 ὥς
662 1739 722 1806 σφι
752 1720 972 1806 ἐκαλλιρέετο,
1008 1715 1120 1807 πρόσω
1151 1715 1361 1806 ἐπορεύοντο,

219 1814 390 1905 Ἀθηναῖοι
410 1819 447 1888 δὲ
464 1815 531 1907 ἅμα
549 1814 697 1904 αὐτοῖσι,
722 1815 897 1906 διαβάντες
914 1819 975 1907 μὲν
995 1821 1029 1887 ἐκ
1048 1827 1255 1908 Σαλαμῖνος,
1280 1839 1362 1908 συμ-

221 1921 370 2009 μιγέντες
390 1920 426 1988 δέ
446 1923 482 1988 ἐν
496 1915 667 1990 Ἐλευσῖνι.
689 1914 745 2000 Ὡς
765 1921 801 1990 δέ
819 1917 883 2010 ἄρα
900 1917 1058 1990 ἀπίκοντο
1076 1922 1133 2008 τῆς
1151 1927 1311 2008 Βοιωτίης
1330 1923 1363 2001 ἐς

224 2079 280 2132 102.
291 2071 770 2151 ΙιειίοτνοιοῖλέξησιςιιριιᾰΗίρρο-
819 2085 874 2135 vid.
887 2089 970 2145 nott.;
990 2084 1209 2150 insequentibus
1222 2083 1285 2134 dedi
1296 2085 1363 2134 ιιαλ-

223 2154 327 2200 oratem
339 2153 367 2200 et
376 2149 511 2200 Iulianum
525 2152 630 2218 aliquot
640 2151 710 2202 locis
725 2161 768 2206 est
819 2147 995 2219 λιρησοίντων
1009 2157 1036 2202 et
1050 2143 1225 2214 ἐκαλλιρέετο
1239 2167 1287 2217 pro
1297 2152 1363 2202 acl.-

222 2217 314 2280 obvia,
323 2233 390 2282 quos
400 2218 766 2288 praebetThesaurusLing.
820 2211 1020 2286 λιερησιίντων
1033 2225 1061 2270 et
1074 2212 1292 2283 ἐκαλλιερέετος
1305 2219 1361 2270 vid.

223 2285 323 2336 Graec.
342 2285 363 2337 1.
380 2303 406 2351 p.
427 2285 490 2337 1432
509 2287 551 2337 etl.
570 2289 695 2338 Dindorl.
726 2291 767 2340 Ad
818 2293 887 2338 nott.
902 2288 936 2337 ad
949 2287 1010 2348 VII,
1026 2287 1082 2338 134.
1118 2287 1197 2337 Untle
1216 2289 1363 2354 satisper·

222 2353 335 2404 verbum
357 2353 534 2419 πειρηθῆναι
556 2357 628 2406 conf.
655 2357 714 2406 citt.
733 2357 767 2408 ad
819 2355 946 2420 spicitur,
971 2355 1044 2405 male
1065 2355 1091 2404 h.
1113 2354 1131 2405 l.
1155 2357 1256 2420 corrigi
1279 2349 1365 2418 ίρέων

222 2421 299 2482 VIII,
314 2420 368 2470 100.
389 2421 466 2484 Quod
477 2424 601 2488 sequitur
609 2418 765 2490 μετέχουσι,
818 2439 866 2488 pro
885 2416 967 2486 Ιρῶν,
992 2427 1023 2471 ut
1037 2425 1186 2473 sacerdotes
1204 2422 1364 2489 intelligan-

223 2489 357 2538 intactum
382 2490 494 2554 reliqui,
526 2507 689 2558 quamquam
713 2493 766 2544 duo
818 2497 873 2553 tur,
899 2506 953 2541 non
970 2492 1094 2553 uictimae,
1121 2491 1218 2555 quibus
1235 2491 1301 2541 solie
1318 2491 1365 2540 hic

223 2556 300 2606 codd.
313 2550 415 2620 έχουσι,
430 2558 500 2620 quod
510 2559 696 2611 Valckenario
705 2577 766 2624 pro·
820 2565 862 2608 est
879 2558 963 2608 loeus.
1000 2557 1082 2608 Haud
1106 2557 1189 2608 aliter
1211 2574 1272 2609 mox
1293 2557 1366 2608 dixit

223 2623 284 2673 bari
296 2623 385 2673 video.
403 2623 445 2673 Tu
459 2625 530 2674 coni.
541 2627 649 2678 Iacobo.
661 2629 696 2678 ad
705 2629 767 2679 Phi·
819 2619 867 2688 ίρά
881 2643 901 2676 s.
917 2617 981 2689 ἱερὰ
994 2627 1101 2684 ποιεῖν,
1120 2643 1197 2676 roera
1206 2627 1308 2690 serere,
1321 2643 1364 2676 εα-

222 2691 332 2740 lostrat.
346 2691 450 2756 Imagg.
463 2707 527 2756 pag.
541 2691 599 2744 ²35.
818 2697 952 2758 nificare:
965 2693 998 2744 ds
1013 2709 1064 2758 quo
1077 2693 1131 2743 vid.
1145 2699 1212 2742 nott.
1227 2693 1260 2742 ad
1274 2693 1321 2755 VI,
1331 2695 1364 2743 57

257 2751 414 2820 προθύμως
438 2753 548 2823 φέρετε]
579 2761 597 2810 i.
623 2777 646 2812 e.
670 2763 767 2820 sedulo,
821 2767 848 2812 et
860 2763 999 2812 Lambert.
1015 2763 1077 2812 Bos.
1089 2761 1185 2825 Ellips.
1196 2761 1228 2810 1..
1240 2759 1285 2810 Gr.
1300 2776 1364 2826 pag.

222 2826 339 2890 ηκανίιεν
349 2829 471 2875 ιιιιιίαειε
483 2827 559 2876 hoece
571 2828 665 2887 terren,
678 2835 709 2878 ut
721 2831 768 2890 ΙΙΙ,
819 2827 877 2880 200.
904 2829 951 2879 Sic
964 2822 1092 2886 σπονδᾶς
1104 2830 1199 2880 ποιεῖν
1211 2829 1289 2879 Xeno
1311 2834 1365 2878 hon

224 2891 265 2942 40.
303 2891 380 2952 Quae
399 2893 527 2944 continuo
544 2902 694 2959 sequuntur
711 2913 769 2947 ver·
820 2911 926 2962 quoquc
945 2897 1015 2946 dixit
1033 2898 1061 2946 iu
1075 2895 1227 2961 Cyropaerl.
1242 2845 1323 2958 mg,
1340 2895 1364 2960 1,

224 2961 273 3017 ba,
303 2949 478 3044 εηὶερρεαίηαι
519 2953 556 3024 ἂρ
583 2953 617 3012 οδ
640 2961 769 3030 νικήσετε
819 2963 1084 3014 chiridllertleIn.
1121 2965 1199 3026 Quod
1217 2963 1366 3014 veroler-

225 3019 290 3077 οὔτε
302 3043 342 3076 ων
355 3019 403 3092 έμέ
416 3042 481 3080 aare
494 2975 625 3091 έασιλέα,
640 3047 672 3082 eo
685 3033 768 3097 perti·
819 3031 915 3094 iceras,
935 3047 1015 3096 quem
1031 3037 1180 3096 sequuntur
1192 3031 1318 3082 Diodori.
1338 3037 1367 3082 et

225 3101 305 3158 nent,
330 3097 400 3160 quod
419 3097 447 3148 in
465 3097 591 3148 maximis
613 3099 770 3150 habebatur
820 3100 989 3160 Dietschius,
1003 3099 1086 3158 dedit,
1100 3088 1364 3164 οἶςσφιέκαλλίρεε,

225 3177 319 3230 regum
340 3163 485 3215 Persarum
509 3163 611 3217 elliciIs
633 3167 769 3218 beneficia
820 3162 856 3217 τὸ
877 3162 972 3230 πρόσω
991 3157 1173 3230 ἐπορεύοντο,
1199 3167 1226 3216 id
1253 3183 1266 3216 o
1292 3168 1367 3216 scita

226 3236 343 3296 accepta
366 3233 543 3283 remunerari.
581 3234 622 3286 De
645 3250 696 3301 quo
715 3237 768 3286 vid.
821 3235 948 3285 Silvemii
961 3235 1038 3284 fluxit
1051 3236 1223 3296 coniectura3
1236 3249 1367 3286 necvero

225 3299 326 3350 Herod.
340 3300 395 3362 III,
414 3301 467 3351 140.
484 3299 539 3351 loe.
553 3302 588 3365 V,
606 3302 644 3352 ll.
663 3304 714 3362 VI,
729 3301 769 3354 30.
821 3303 916 3368 scripti
930 3303 994 3352 libri
1005 3303 1145 3364 anticum,
1160 3301 1257 3366 quibus
1271 3303 1368 3353 invitis

224 3369 288 3430 VII,
307 3365 365 3417 ltu.
407 3369 468 3418 Vim
486 3369 601 3420 rocnlno
619 3357 671 3432 τόν,
698 3386 769 3436 quse
821 3371 967 3436 quidquam
990 3377 1096 3420 mutare
1118 3370 1145 3419 h.
1167 3369 1186 3419 l.
1208 3385 1290 3420 ausus
1312 3385 1367 3420 non

224 3436 383 3502 negationis
396 3437 451 3487 vim
465 3443 556 3502 auget,
571 3441 679 3489 notavit
689 3441 770 3489 Wen-
821 3454 894 3502 sum,
913 3454 973 3489 eum
987 3439 1021 3488 ad
1035 3431 1211 3501 ἐκαλλιρέετο
1225 3437 1366 3488 commode

226 3503 288 3554 tzel.
307 3505 348 3554 De
367 3521 492 3571 praepos.
512 3508 592 3556 tmesi
609 3523 654 3574 ap.
667 3507 769 3557 Herod.
823 3523 856 3556 en
878 3507 1000 3572 proxIme
1024 3505 1253 3556 antecedentibus
1277 3507 1369 3570 repeti

224 3588 250 3637 p.
262 3571 304 3633 30,
318 3572 364 3622 ubi
377 3573 461 3624 etiam
475 3574 544 3624 citat
556 3577 575 3638 I,
586 3573 627 3626 46.
638 3576 700 3638 VII,
715 3575 769 3626 140.
822 3576 909 3640 possit
926 3566 960 3624 rol
979 3567 1036 3637 ίρό.
1072 3575 1130 3623 Nec
1144 3589 1210 3622 saue
1228 3571 1366 3636 intelligo,

823 3659 871 3693 eur
883 3659 937 3694 non
950 3642 1039 3692 minus
1051 3641 1122 3690 bene
1135 3641 1275 3706 passivum
1289 3639 1367 3690 adhi-

822 3709 1119 3841 ιιιεκιιιικ
1133 3707 1369 3825 {curcur

260 3830 312 3893 αόκ
323 3835 471 3893 ἐδικαίευν
483 3843 634 3896 λείπεσθαι
648 3843 697 3912 τῆς
711 3837 771 3908 έξό-
822 3848 893 3906 tivo,
917 3850 948 3894 ut
985 3844 1047 3894 sule
1065 3849 1150 3894 antea
1168 3835 1367 3907 (καλλιρησιὶν-

227 3908 281 3960 δον
297 3908 544 3979 Λακεδαιμονίων]
567 3914 584 3962 Ι.
600 3931 624 3964 e.
643 3915 711 3964 baad
727 3931 770 3964 ue·
822 3929 877 3963 των
890 3911 945 3962 τῶν
958 3861 1037 3976 focio)
1057 3918 1085 3962 et
1098 3913 1162 3970 VII,
1184 3911 1240 3962 134.
1259 3911 1310 3972 VI,
1325 3909 1367 3960 76.

227 3993 298 4045 qarca
315 3993 371 4028 esse
383 3979 542 4038 indicabunt,
564 3983 771 4032 Lacedaemoniis
821 3981 899 4032 Unde
909 3979 1126 4041 discernendum,
1134 3980 1158 4028 si
1168 3979 1228 4044 quIs
1238 3977 1368 4043 ἰριοιιαλ-

227 4047 263 4097 αιί
273 4045 360 4095 bellurn
373 4049 604 4110 proficiscentibus,
622 4053 768 4116 relinquis.
821 4048 965 4110 λιρεῐσθαι
983 4047 1078 4104 (verbo
1092 4046 1192 4103 mediol
1210 4039 1245 4094 τὰ
1265 4038 1312 4108 ίρὰ
1326 4045 1367 4094 di·

227 4115 295 4165 domr'
309 4129 419 4165 monere.
460 4114 502 4165 De
524 4117 602 4167 verbi
618 4116 771 4168 λείπεσθαι
823 4118 906 4177 citur,
920 4121 951 4164 ut
965 4115 1017 4177 VI,
1029 4113 1071 4164 82.
1085 4115 1149 4176 VII,
1167 4113 1221 4164 113.
1236 4113 1293 4163 167.
1311 4113 1368 4162 Xe·

229 4186 367 4232 structura
384 4182 456 4234 conf.
475 4187 543 4233 nott.
564 4185 598 4234 ad
615 4185 665 4246 IV,
684 4183 713 4248 u,
737 4185 771 4234 ds
822 4183 904 4248 noph.
917 4182 1004 4233 Anah.
1019 4183 1055 4242 V,
1070 4183 1098 4245 4,
1112 4183 1153 4232 22.
1172 4182 1246 4232 Hist.
1266 4181 1367 4232 Graec.

228 4249 312 4300 verbo
332 4240 479 4301 ἐδικαίευν
496 4251 551 4300 dixi
571 4253 605 4302 ad
617 4253 697 4314 VIII,
714 4251 770 4302 126.
822 4251 875 4306 ΙΙΙ,
894 4249 973 4310 1,17.

228 4319 259 4370 In
296 4317 398 4368 roxime
422 4319 650 4370 antecedentibus
672 4321 772 4386 scripsi
852 4309 901 4377 ‘stc
919 4309 1025 4383 δδᾶρα
1042 4307 1183 4368 α’πίκοντο
1203 4305 1380 4380 --έςἘρυ-·

229 4335 347 4453 ἥνδανε
358 4401 406 4452 pro
420 4377 557 4452 έοίνδανε,
571 4393 601 4438 ut
614 4387 665 4450 IX,
676 4387 705 4450 5,
724 4387 771 4436 ubi
823 4379 909 4452 θράς]
934 4386 988 4438 Pro
1005 4377 1042 4444 ὥς
1056 4379 1088 4436 δέ
1106 4401 1167 4436 cum
1186 4386 1214 4434 in
1227 4384 1370 4436 Sancroiti
