3066 4964
344 479 401 536 DE
425 477 529 536 vt'ltt
555 478 610 535 HT
634 476 825 535 StilllP'l'lS
850 475 1082 534 ttultoutt'rt.
1220 479 1281 540 399

146 647 220 700 tione
245 648 430 716 Herodotea),
457 647 576 718 denique
610 649 635 709 S.
670 650 701 700 18
734 645 815 698 buius
844 645 1022 698 commentat.
1055 647 1281 704 enumeravimus.

144 734 224 796 Quae
241 733 347 786 veroin
365 734 414 785 hac
432 741 527 786 nostra
550 731 784 785 Commentatione
800 737 967 796 tractantur,
982 731 1115 782 indicabit
1131 731 1205 782 lricce
1224 731 1281 783 sin-

145 817 211 885 gull.
229 836 306 888 capp.
321 817 418 870 index:
886 813 888 820 ¹

228 909 253 968 s.
284 907 306 956 1.
323 903 363 954 De
379 911 509 973 tempore,
526 919 580 973 qno
591 901 750 954 Herodotus
765 906 847 952 natus
864 906 914 968 est,
928 899 999 952 etde
1018 900 1125 952 nomine
1137 901 1281 955 Herodoti.

360 987 551 1040 Recensentnr
569 987 613 1037 alii
631 985 682 1037 viri
698 986 819 1038 eiusdem
836 985 961 1052 nominis,
985 1003 1100 1055 quorum
1122 985 1149 1036 in
1165 985 1281 1038 Graecis

362 1071 449 1123 literis
466 1071 565 1122 metatio
582 1072 622 1122 fit.

229 1161 254 1217 ς.
282 1159 308 1207 2.
327 1155 368 1206 De
384 1157 472 1224 patria
487 1155 629 1221 Herodoti,
645 1156 814 1225 parentibus,
832 1155 965 1222 cognatis,

229 1243 254 1300 §-
281 1243 306 1292 3.
324 1239 365 1290 De
381 1241 543 1292 educatione
565 1247 592 1294 et
606 1240 779 1292 institutione
792 1241 923 1292 Herodoti
941 1241 1057 1309 eiusque
1073 1239 1282 1292 commoratione

364 1323 390 1376 in
408 1325 498 1377 insula
511 1327 599 1379 Samo.
842 1375 845 1382 .

229 1411 255 1472 S.
281 1413 307 1460 4.
324 1407 365 1460 De
385 1411 544 1463 recitatione
562 1411 653 1480 operis
669 1409 812 1480 Olympiae
827 1409 944 1479 aliisque
960 1409 1026 1462 locis
1041 1409 1141 1468 habita.

229 1499 255 1557 s.
281 1495 307 1544 5.
328 1493 372 1545 De
395 1495 517 1548 discessu
543 1496 676 1548 Herodoti
699 1515 713 1546 e
735 1495 852 1546 Graecia
874 1495 901 1546 in
919 1494 1037 1564 ltaliam,
1059 1495 1226 1547 Thuriorum
1254 1495 1280 1548 in

363 1581 465 1634 urbem.

228 1667 253 1725 5.
283 1665 309 1716 il.
329 1663 391 1725 Quo
410 1683 497 1736 usqne
513 1666 671 1718 Herodotus
688 1664 796 1717 vixerit.
829 1665 868 1716 De
883 1664 1016 1716 Herodoti
1031 1664 1204 1732 imaginibus.

229 1751 255 1811 §.
279 1751 304 1800 7.
321 1749 362 1801 De
381 1749 527 1804 itineribus
542 1750 687 1803 Herodoti.

227 1838 252 1896 s.
278 1835 303 1886 8.
321 1833 363 1886 De
382 1836 506 1889 sontibus
522 1835 653 1888 historiae
668 1834 852 1890 Herodoteae.
883 1835 1075 1888 nertennaco
1092 1833 1211 1887 Milesio.

227 1923 251 1983 §-
278 1921 304 1973 o.
320 1917 506 1974 continuatur
527 1921 596 1974 idem
618 1927 816 1989 argumentum.
853 1919 927 1983 Qntd
951 1921 1083 1990 sophistis
1107 1937 1139 1972 ac
1161 1920 1280 1990 pbiloso-

356 2005 417 2074 pbis
432 2005 591 2059 Herodotns
606 2007 712 2058 debeat.

226 2091 251 2151 §.
272 2091 313 2140 10.
333 2089 520 2142 Continuntnr
545 2091 615 2142 idem
640 2099 837 2158 argtrmentunr.
878 2091 952 2142 Artis
975 2091 1085 2144 criticae
1107 2091 1186 2144 initia
1208 2091 1279 2160 apud

358 2175 536 2246 Herodotum,
553 2175 708 2244 quiveram
726 2176 817 2227 dicere
832 2192 895 2227 nnm
917 2176 1035 2228 voluerit
1050 2183 1133 2244 atque
1150 2177 1279 2244 potnerit,

361 2260 514 2328 quaeritur.

229 2347 254 2406 ᾖ.
273 2343 311 2395 ll.
329 2341 369 2393 De
385 2343 485 2395 ambitu
502 2343 594 2412 operis
610 2343 770 2395 Herodotei.

226 2432 250 2490 §-
271 2427 311 2477 l2.
328 2425 369 2478 De
384 2427 519 2478 Herodoti
541 2426 655 2478 consilio
679 2427 707 2478 in
727 2427 840 2478 historia
863 2425 1007 2478 scribenda
1023 2433 1051 2477 et
1067 2425 1177 2479 Homeri
1194 2427 1279 2479 imita-

360 2510 445 2563 tione.
472 2511 605 2563 Herodoti
621 2511 758 2563 sententia
770 2511 803 2562 de
819 2511 870 2562 deo
882 2509 1039 2579 divinisque
1054 2511 1147 2576 rebus,
1166 2512 1200 2564 de
1214 2513 1280 2578 lato,

359 2594 393 2647 ‹le
411 2595 504 2648 divina
519 2595 625 2647 institia
641 2603 668 2648 et
682 2595 865 2666 providentia,
882 2595 915 2647 de
932 2595 1051 2648 oraculis
1073 2603 1101 2648 et
1117 2595 1234 2666 denique
1247 2597 1280 2650 de

359 2679 443 2732 rebus
458 2679 586 2751 publicis.

227 2768 253 2830 §.
275 2767 314 2818 13.
332 2763 372 2816 De
387 2765 569 2836 inscriptione
582 2765 673 2836 operis
688 2765 848 2818 Herodotei.

226 2855 251 2914 s.
274 2852 314 2901 ld.
331 2847 372 2902 De
387 2851 521 2904 Herodoti
539 2869 663 2904 sermone
676 2859 703 2902 et
718 2851 834 2904 dialecto
852 2851 953 2905 lonico.

227 2939 252 3000 s.
272 2937 312 2987 15.
329 2933 370 2986 De
396 2935 486 2988 indole
508 2937 641 2988 orationis
655 2935 830 2988 Herodotene
854 2937 970 3006 eiusque
991 2937 1149 2990 virtutibus.
1188 2939 1228 2992 Do
1244 2939 1278 2992 iis

357 3021 549 3091 scriptoribus,
565 3021 612 3092 qui
630 3021 800 3074 Herodotum
815 3021 912 3074 imitati
928 3029 1003 3075 sunt.

226 3111 251 3170 S.
270 3107 309 3158 ltt.
328 3103 367 3156 De
394 3106 583 3159 laudatoribus
605 3105 739 3158 Herodoti
766 3107 942 3178 eiusdemque
964 3108 1204 3161 detrectatoribus.
1238 3109 1278 3162 De

357 3189 467 3258 glossis.

226 3279 252 3340 S.
272 3279 312 3330 li.
329 3275 368 3327 De
382 3274 461 3344 libro,
477 3275 524 3344 qui
539 3275 680 3328 Herodoto
692 3275 833 3344 tribuitur,
850 3277 884 3328 de
899 3277 956 3328 vita
969 3277 1089 3330 Homeri.

226 3363 253 3424 S.
271 3361 312 3412 18.
329 3359 370 3411 lte
388 3361 527 3411 codicibus
543 3359 684 3412 Herodoti.

226 3449 252 3510 s.
272 3447 311 3496 tn.
328 3444 367 3496 De
382 3444 550 3496 editionibus
567 3444 701 3496 Herodoti
716 3445 832 3516 aliisque
848 3446 990 3498 subsidiis.
