3068 4964
201 467 263 531 196

636 459 905 527 HERODOTI

198 639 299 726 βῆναι
317 633 406 726 παρὰ
429 633 641 724 Τροφώνιον,
668 637 723 704 καὶ
743 633 888 724 ἐς”Αβας
906 632 963 716 τὰς
979 637 1125 705 Φωκέων
1142 633 1341 726 ἀπικόμενος

200 741 253 808 ἐπὶ
278 735 314 808 τὸ
338 735 545 827 χρηστήριον.
582 738 637 805 καὶ
663 737 700 805 dt
724 739 779 805 καὶ
803 740 835 818 ἐς
860 735 972 825 Θήβας
997 741 1111 826 πρῶτα
1130 732 1174 818 ὣς
1192 733 1339 826 ἀπίκετο,

198 845 295 910 τοῦτο
313 840 375 928 μὲν
392 841 440 932 τῷ
454 835 606 932 Ἰσμηνίῳ
621 833 803 908 Ἀπόλλωνι
823 835 991 929 ἐχρήσατο·
1011 839 1095 928 (ἔστι
1115 840 1163 928 δὲ,
1182 837 1265 910 κατά
1277 866 1340 930 περ

199 1039 308 1088 Lioadia
329 1036 394 1100 (vid.
413 1051 484 1102 qnae
505 1035 647 1102 congessit
665 1039 741 1086 vete·

198 1121 255 1155 rum
269 1111 297 1155 et
310 1106 492 1155 recentiorum
505 1105 665 1154 testimonia
674 1103 741 1154 For-

198 1174 278 1238 biger
298 1174 340 1222 iu:
362 1173 452 1236 Pauly
473 1169 742 1237 Realeneyclopaed.

196 1239 332 1306 lupata
342 1255 410 1305 seq„
423 1241 530 1290 Handb.
543 1240 569 1288 d.
581 1239 629 1289 alt.
641 1239 742 1304 tleogr.

197 1309 248 1358 111.
263 1323 326 1374 pag.
339 1307 415 1371 920),
435 1307 469 1357 ad
486 1308 595 1358 radices
608 1307 687 1358 collis
701 1311 744 1356 est

197 1378 265 1438 sita,
280 1377 308 1425 in
320 1377 398 1425 euius
411 1375 556 1442 superficie
573 1375 633 1440 ipsa
646 1389 741 1424 oracu-

197 1444 251 1492 lum
266 1451 348 1508 atque
362 1449 468 1492 antrum
481 1443 631 1508 Trophonii
644 1442 705 1504 luit,
719 1441 743 1490 si

198 1515 273 1560 recte
286 1511 381 1561 docuit
393 1511 527 1576 Stephani
545 1511 638 1572 (Reise
658 1507 743 1558 durch

198 1579 290 1645 einige
304 1577 455 1644 Gagauden
472 1578 498 1628 d.
516 1577 651 1628 nbrtllioh.
664 1577 742 1626 Gris-

198 1645 287 1695 ehenl.
308 1661 372 1712 pag.
390 1645 448 1710 97),
468 1647 514 1711 qui
529 1647 632 1712 primus
649 1657 743 1696 verum

197 1713 303 1764 oraculi
324 1713 413 1763 locum
436 1714 573 1764 detexisse
596 1713 650 1764 ribi
667 1711 743 1762 vide-

197 1786 254 1831 tur:
285 1779 374 1830 adhuc
399 1781 438 1830 ibi
463 1782 584 1830 cernitur
605 1785 744 1831 structura

197 1849 377 1898 subterranea
395 1849 467 1898 antri
485 1848 555 1899 bene
573 1847 703 1898 excavati
715 1852 744 1896 et

198 1915 374 1966 exaedificati
384 1916 504 1982 speeiem
514 1917 659 1982 praebens,
671 1929 743 1964 nunc

199 1985 269 2048 aqut
282 1999 315 2034 ex
324 1989 403 2048 parte
415 1983 537 2048 repleta:
556 1987 743 2049 superstructa

197 2051 251 2100 fuit
263 2051 359 2112 aedes,
379 2052 408 2100 in
422 2052 499 2100 cuius
515 2051 605 2102 locum
621 2050 744 2100 ecelesia

198 2117 357 2168 Christiana
374 2119 522 2177 successit,
547 2124 574 2168 et
592 2121 654 2184 ipsa
670 2133 742 2168 nunc

197 2186 301 2248 diruta,
327 2185 376 2235 sed
394 2185 482 2234 adhuc
506 2187 535 2234 in
556 2186 615 2236 solo
634 2191 743 2251 apertu-

198 2269 256 2303 ram
274 2255 410 2314 retinens,
429 2267 477 2318 per
495 2267 575 2317 qnam
594 2255 621 2302 in
635 2259 741 2302 antrum

198 2321 414 2371 demittebantur
435 2319 576 2370 oraculum
593 2321 743 2385 Trophonii

198 2389 255 2453 (qui
274 2389 308 2438 ad
326 2389 475 2438 inferorum
492 2388 558 2437 daos
580 2393 654 2436 certe
672 2387 742 2436 refe-

198 2457 307 2514 rendus,
321 2459 380 2506 sive
389 2456 514 2522 Iuppiter
523 2456 581 2505 sive
592 2455 744 2504 Mercurius

198 2516 317 2588 χθόνιος
327 2524 455 2587 habetur)
468 2523 631 2573 consulturi:
645 2523 678 2570 dc
692 2537 744 2586 quo

198 2591 310 2640 oraculo
333 2605 419 2655 nuper
437 2591 531 2639 retulit
548 2589 697 2652 Goettling.
717 2590 744 2636 in

198 2659 405 2722 Programmate
441 2658 552 2706 lenensi
585 2671 648 2706 anu.
682 2656 745 2704 1⁸42

198 2726 361 2788 (‚‚Narratio
380 2725 413 2774 de
431 2725 542 2774 oraculo
563 2723 712 2788 Trophomr
735 2721 744 2785 )

200 2799 227 2840 et
250 2793 295 2841 Fr.
314 2791 464 2842 Wieseler:
488 2791 547 2840 Das
570 2789 673 2840 Orakel
696 2789 745 2838 des

198 2859 382 2924 Trophonius,
405 2859 545 2924 Goetting.
570 2857 642 2908 1848.
682 2856 745 2906 Alia

200 2927 322 2975 excitata
349 2925 475 2976 iuvenies
503 2941 519 2975 a
544 2925 574 2977 C.
606 2926 651 2974 Fr.
675 2925 743 2972 lier-

198 3009 310 3044 manno:
325 2993 534 3044 Gottesdienstl.
546 2992 706 3042 Alterthiim.
718 2991 744 3042 d.

199 3060 311 3111 Griech.
329 3063 353 3122 §.
366 3061 411 3118 41,
429 3067 483 3110 not.
500 3061 605 3124 tseqq.
620 3061 661 3110 erl.
675 3075 742 3120 see,

199 3129 359 3193 quibuscum
378 3129 414 3178 oi.
429 3129 613 3178 Sohoemaun:
632 3127 742 3176 (triech.

198 3197 314 3246 Alterth.
329 3197 364 3246 11.
378 3211 442 3262 pag.
455 3195 505 3246 299
518 3211 593 3260 seqq.
612 3195 742 3260 Disputa-

199 3265 239 3314 vit
253 3265 338 3314 etiam
350 3265 384 3314 de
396 3263 440 3314 his
451 3263 565 3313 Olarko:
579 3263 695 3313 Travels
705 3261 743 3324 ll,

198 3331 223 3383 t.
238 3349 263 3398 p.
279 3331 326 3380 118
338 3347 413 3397 seqq.
430 3331 490 3394 tto,
509 3331 556 3380 ubi
574 3347 654 3396 quam
667 3329 743 3379 exhi-

198 3400 259 3448 buit
277 3401 348 3450 antri
360 3400 510 3466 Trophonii
529 3399 677 3463 imaginem
695 3398 742 3446 ad·

198 3469 305 3518 modum
324 3485 421 3519 vereor
439 3483 502 3517 num
527 3481 561 3516 ea
578 3482 671 3516 verum
695 3479 739 3514 an·

198 3541 268 3585 trum
280 3539 477 3602 repraesentet.
507 3535 654 3584 Caeterum
668 3533 740 3582 conf.

200 3605 283 3653 ctiam
296 3605 398 3654 Krane:
418 3601 491 3653 Heli.
510 3603 549 3663 ΙΙ,
571 3601 593 3650 l.
611 3617 674 3666 pag.
692 3599 743 3650 643

200 3671 280 3720 -647
295 3679 322 3720 et
335 3676 402 3720 nott.
417 3671 451 3720 od
464 3669 595 3720 Herodot.
607 3671 628 3730 1,
639 3667 681 3729 49,
695 3667 742 3717 ubi

200 3738 282 3786 ctiam
295 3738 329 3786 de
343 3739 406 3787 Abia
418 3737 582 3787 notavimus.
605 3739 647 3786 lle
660 3737 742 3800 Apol-

199 3807 248 3852 line
261 3803 370 3854 Isruerdo
383 3805 438 3853 vid.
452 3810 521 3856 nott.
535 3805 569 3853 ad
581 3805 613 3864 V,
626 3803 668 3853 ab.

233 3863 262 3926 ir
275 3867 373 3935 Θήβας
384 3869 480 3934 πρῶτα
493 3864 530 3930 ὡς
541 3861 670 3936 amisero]
686 3871 703 3923 i.
716 3885 740 3920 e.

203 3937 300 3987 Thebas
312 3939 416 4000 primum
433 3945 459 3986 ut
473 3941 590 3988 aduenit:
608 3939 687 3988 modo
701 3943 741 3986 tc·

199 4019 280 4067 neas,
296 3998 395 4070 Θήβας
407 4006 435 4053 in
448 4004 499 4056 hac
512 4007 630 4056 formala
644 3997 672 4064 tr
685 4001 740 4084 Θή-

199 4070 252 4136 βας
269 4087 356 4136 aeque
374 4077 456 4136 atquc
481 4073 509 4122 in
528 4073 617 4123 altera
635 4065 667 4124 ἒν
685 4070 741 4138 Θη-

198 4137 263 4204 pute
282 4155 335 4189 non
352 4139 437 4189 solum
454 4139 551 4190 Thebas
570 4143 657 4208 ipsas,
678 4141 697 4190 i.
717 4157 741 4192 e.

203 4206 373 4257 Thebanorum
396 4207 494 4270 urbem,
524 4208 662 4268 indicare,
692 4209 741 4258 sed

198 4277 282 4324 etiam
305 4289 411 4326 omnem
435 4273 628 4326 Thebanorum
654 4291 741 4342 aprum

198 4357 219 4392 s.
241 4343 359 4393 ditionem
382 4342 447 4404 (vid.
472 4342 579 4409 Unger:
604 4345 738 4394 Paradox.

197 4409 303 4461 Thabb.
322 4425 385 4477 pag.
402 4409 457 4464 102.
474 4409 528 4462 198.
541 4411 604 4476 415)
623 4412 740 4475 indeque

792 1033 864 1084 hunc
882 1034 971 1085 locam
993 1035 1034 1086 sic
1056 1035 1247 1102 explicandam
1270 1051 1338 1098 cese,

793 1109 823 1151 ut
836 1103 910 1166 Mys,
926 1119 986 1152 cum
999 1103 1114 1168 primum
1127 1103 1238 1154 Thebae
1252 1105 1341 1154 venis-

793 1175 849 1232 set,
873 1177 901 1220 ot
915 1169 1051 1236 Apollinis
1069 1171 1181 1221 lameuii
1199 1171 1340 1221 oraculum

794 1237 875 1302 (quod
886 1239 914 1287 in
923 1239 1010 1304 ipsius
1021 1239 1122 1304 templo
1132 1239 1265 1289 Thebano
1279 1239 1339 1300 luit,

794 1305 828 1354 ds
841 1321 893 1370 quo
907 1307 962 1355 vid.
976 1307 1078 1356 Herod.
1094 1307 1121 1366 1,
1134 1307 1175 1356 5¹2.
1195 1307 1231 1369 V,
1250 1305 1293 1369 59)
1312 1308 1340 1355 in

794 1375 856 1438 ipsa
868 1373 1024 1423 Thebarum
1043 1374 1109 1423 urbe
1128 1374 1296 1424 consuluerit
1313 1379 1340 1423 et

794 1441 884 1502 (extra
907 1441 1002 1490 urbem
1027 1443 1056 1490 in
1080 1441 1273 1492 Thebanorum
1298 1442 1338 1490 di·

794 1509 881 1571 tione)
903 1508 1065 1574 Amphiarai
1089 1509 1244 1572 oraculum,
1270 1509 1340 1574 quod

795 1591 863 1625 cave
878 1576 976 1626 credas
995 1577 1023 1626 in
1042 1578 1103 1642 ipsa
1115 1577 1183 1627 arbe
1197 1581 1244 1626 aut
1255 1591 1340 1642 prope

794 1643 888 1693 urbem
902 1645 978 1693 circa
990 1645 1081 1694 vicum
1094 1645 1214 1710 Knopia,
1227 1649 1257 1693 ut
1269 1659 1341 1693 nunc

795 1711 896 1760 dieitur
915 1710 994 1776 (quae
1008 1711 1123 1762 Prelleri
1142 1717 1184 1762 eat
1201 1712 1341 1762 sententia

796 1779 922 1844 exposita
938 1780 980 1828 in:
999 1780 1133 1830 llerichtt.
1146 1781 1172 1828 d.
1186 1779 1339 1830 siichsisch.

795 1846 948 1896 Gesellsch.
963 1847 988 1896 d.
1003 1847 1172 1898 Wissenseh.
1189 1846 1261 1897 1852.
1274 1846 1338 1896 hist.

794 1913 860 1979 phil.
875 1914 964 1964 Class.
983 1915 1028 1966 lv.
1048 1931 1112 1980 pag.
1128 1913 1176 1964 166
1193 1930 1250 1980 seq.
1271 1912 1338 1976 168),

795 1984 875 2031 situm
894 1982 989 2033 luisse.
1030 1983 1083 2046 Qui
1108 1983 1179 2032 enim
1203 1983 1254 2032 hoo
1280 1983 1339 2048 ipso

794 2049 928 2100 Herodoti
940 2049 1001 2100 loco
1013 2051 1183 2116 potissimum
1193 2051 1259 2100 freti
1268 2049 1338 2099 The-

794 2117 837 2167 bis
856 2117 1016 2183 Amphiarai
1038 2118 1181 2168 delubrum
1199 2117 1338 2168 exstitisse

795 2185 976 2247 contendunt,
999 2191 1030 2236 ut
1051 2186 1180 2248 Mueller,
1204 2184 1338 2247 lineolam,

794 2253 977 2316 bissenum.
985 2254 1057 2320 apud
1066 2253 1192 2319 Ungerd.
1203 2253 1219 2304 l.
1230 2270 1257 2319 p.
1267 2252 1337 2315 415),

793 2337 891 2370 vereor
908 2327 937 2370 ut
958 2337 990 2370 ex
1003 2321 1054 2371 hoc
1067 2322 1128 2372 loco
1140 2327 1216 2372 recte
1230 2319 1339 2370 intelle-

795 2392 840 2438 cto
864 2389 921 2438 talo
944 2389 1009 2454 quid
1032 2389 1144 2440 efficere
1166 2390 1286 2455 possint,
1311 2387 1339 2436 id

795 2456 864 2520 quod
875 2456 944 2506 satis
955 2457 1116 2507 monstravit
1124 2457 1220 2524 Unger
1229 2457 1247 2508 l.
1256 2457 1284 2518 l.,
1297 2455 1339 2505 ro'·

796 2527 839 2571 eto
854 2525 880 2574 id
894 2539 999 2589 quoque
1013 2541 1140 2586 moneas,
1155 2541 1235 2590 quum
1248 2525 1339 2574 incre·

795 2589 879 2639 dibile
892 2594 941 2654 sit,
962 2595 989 2642 in
1002 2593 1158 2643 Thebarum
1176 2593 1243 2642 urbe
1256 2591 1338 2640 exsti·

796 2657 863 2706 tisse
876 2661 1028 2722 oraculum,
1049 2677 1100 2726 quo
1114 2661 1189 2711 cives
1201 2660 1278 2709 adire
1291 2674 1338 2724 pu·

796 2723 871 2772 blica
900 2729 1095 2779 constitutione
1124 2727 1205 2778 vetiti
1235 2731 1336 2777 esseut.

796 2791 894 2854 Itaque
909 2792 962 2841 boe
980 2811 1085 2859 qaoque
1108 2797 1169 2846 loeo
1191 2796 1223 2846 dc
1243 2795 1337 2844 eodem

795 2858 956 2924 Amphiarai
969 2862 1079 2912 oraculo
1090 2864 1266 2928 cogitandum
1277 2861 1337 2920 erit,

797 2926 867 2990 quod
885 2941 967 2992 supra
984 2929 1038 2977 iam
1055 2929 1155 2980 Noster
1177 2945 1337 2982 commemo-

796 2994 868 3042 ravit
879 2995 900 3054 1,
911 2994 944 3042 Ab
955 2995 1013 3056 (ubi
1023 2996 1077 3046 vid.
1088 2997 1168 3060 nott)
1177 3014 1261 3062 prope
1273 2997 1338 3046 Oro-

795 3077 858 3126 pum
881 3063 962 3110 situm
981 3064 1009 3112 in
1026 3063 1156 3127 planitie,
1182 3079 1252 3128 quae
1274 3065 1338 3114 inda

795 3143 869 3178 marc
883 3145 978 3180 versus
991 3131 1159 3188 extenditur,
1178 3131 1250 3180 intra
1262 3132 1339 3181 vicos

794 3196 953 3262 ltlareopulo
972 3203 1000 3247 et
1013 3198 1130 3248 Kalamo
1146 3199 1174 3246 iu
1190 3197 1252 3248 loco
1266 3213 1339 3247 nuno

794 3279 903 3328 prorsus
921 3264 1043 3328 deserto,
1063 3267 1107 3315 eui
1122 3281 1221 3315 nomen
1235 3266 1337 3315 dinero·

794 3325 1342 3398 llldlissi(Museo-Apicum).Tuvirl.ac-

793 3405 889 3448 curate
900 3400 932 3448 ds
944 3400 986 3450 bis
997 3409 1178 3468 exponentem
1188 3401 1337 3450 Lealrium:

794 3468 847 3516 ltie
865 3467 969 3518 llemen
982 3469 1099 3518 Attiea's
1117 3483 1181 3534 pag.
1198 3467 1245 3517 1¹2²
1262 3483 1338 3533 seqq.

795 3551 809 3582 e
832 3551 902 3584 vers.
916 3537 1117 3586 ll'estermaau.
1134 3536 1208 3598 (coll.
1222 3536 1339 3586 Travels

793 3603 823 3650 in
839 3603 974 3653 Nortlrern
987 3605 1092 3654 Graece
1107 3604 1140 3654 ΙΙ.
1154 3621 1218 3670 pag.
1230 3603 1290 3666 440)
1308 3610 1338 3652 ct

794 3669 947 3720 Prcllerum
958 3669 1071 3737 l.'l.pag.
1081 3671 1129 3722 143
1142 3688 1217 3738 seqq.
1242 3671 1337 3736 Neque

795 3737 830 3788 ab
849 3737 892 3788 his
909 3739 967 3788 fere
986 3739 1195 3800 discedentes,
1215 3739 1336 3804 quaeda

793 3805 954 3870 Amphiarai
982 3808 1037 3856 situ
1062 3807 1200 3872 quaesivit
1223 3805 1337 3870 l'inla53

792 3873 846 3922 vid.
861 3873 1021 3924 lloffmanu:
1045 3875 1097 3924 Die
1116 3875 1164 3924 alt.
1180 3874 1336 3940 Geograplr.

793 3941 830 3990 11.
844 3957 907 4006 pag.
921 3941 951 3990 71
966 3959 1040 4008 seqq.
1054 3941 1087 3992 83
1100 3957 1156 4007 seq.
1191 3942 1337 3992 Caeterum

792 4008 826 4058 de
840 4009 898 4074 ipso
908 4009 1068 4076 Amphiarai
1080 4009 1191 4060 oraculo
1202 4009 1281 4076 plura
1292 4010 1337 4074 qui

793 4077 896 4140 cupiat,
912 4077 994 4126 adeat
1004 4077 1034 4128 C.
1042 4079 1086 4127 Fr.
1096 4079 1258 4127 Hermam:
1273 4077 1337 4126 Got-

792 4143 947 4193 teedienstl.
959 4145 1076 4196 Altertlr.
1093 4145 1118 4194 d.
1133 4143 1243 4194 Griooh.
1256 4146 1279 4205 ξ.
1293 4143 1335 4196 41.

792 4209 869 4260 notit
883 4210 924 4262 ed.
934 4227 989 4261 aec.
1004 4219 1031 4262 et
1044 4211 1224 4263 Sehoemsnn.
1238 4212 1255 4262 l.
1271 4212 1288 4261 l.
1299 4211 1335 4263 11.

780 4275 889 4344 ppos.

827 4339 884 4396 ἔστι
903 4337 948 4408 dl,
970 4337 1044 4396 aurai
1062 4362 1116 4412 περ
1134 4338 1166 4398 ἐν
1186 4337 1334 4414 Ὀλυμπίῃ,

792 4405 879 4478 ipsios
890 4403 994 4465 αὐτόθι
1005 4409 1276 4482 χρηστηριάζεσθαι]
1282 4417 1334 4466 Pro
