<?xml version="1.0" encoding="UTF-8"?>
<!DOCTYPE html PUBLIC "-//W3C//DTD XHTML 1.0 Transitional//EN"
    "http://www.w3.org/TR/xhtml1/DTD/xhtml1-transitional.dtd">
<html xmlns="http://www.w3.org/1999/xhtml" xml:lang="en" lang="en">
 <head>
  <title>
</title>
<meta http-equiv="Content-Type" content="text/html;charset=utf-8" />
  <meta name='ocr-system' content='tesseract 3.04.00' />
  <meta name='ocr-capabilities' content='ocr_page ocr_carea ocr_par ocr_line ocrx_word'/>
</head>
<body>
  <div class='ocr_page' id='page_1' title='image "./herodotihalicar02bhgoog/herodotihalicar02bhgoog_0491.png"; bbox 0 0 2980 4978; ppageno 0'>
   <div class='ocr_carea' id='block_1_1' title="bbox 275 429 997 498">
    <p class='ocr_par' dir='ltr' id='par_1_1' title="bbox 275 429 997 498">
     <span class='ocr_line' id='line_1_1' title="bbox 275 429 997 498; baseline -0.007 -1"><span class='ocrx_word' id='word_1_1' title='bbox 275 439 335 498; x_wconf 77' lang='lat'>472</span> <span class='ocrx_word' id='word_1_2' title='bbox 683 429 997 492; x_wconf 80' lang='grc' dir='ltr'><strong>ΟΟΜΜΕΝΤΑΤΙΟ</strong></span> 
     </span>
    </p>
   </div>
   <div class='ocr_carea' id='block_1_2' title="bbox 272 589 1424 3224">
    <p class='ocr_par' dir='ltr' id='par_1_2' title="bbox 272 589 1424 3224">
     <span class='ocr_line' id='line_1_2' title="bbox 274 589 1414 675; baseline 0 -17"><span class='ocrx_word' id='word_1_3' title='bbox 274 605 370 668; x_wconf 82' lang='lat' dir='ltr'>dotes,</span> <span class='ocrx_word' id='word_1_4' title='bbox 389 603 453 670; x_wconf 87' lang='lat' dir='ltr'>sed,</span> <span class='ocrx_word' id='word_1_5' title='bbox 477 613 508 656; x_wconf 93' lang='lat' dir='ltr'>ut</span> <span class='ocrx_word' id='word_1_6' title='bbox 521 603 650 671; x_wconf 86' lang='lat' dir='ltr'>Dionysii</span> <span class='ocrx_word' id='word_1_7' title='bbox 658 601 687 675; x_wconf 82' lang='lat'>*)</span> <span class='ocrx_word' id='word_1_8' title='bbox 703 611 766 657; x_wconf 83' lang='lat' dir='ltr'>utar</span> <span class='ocrx_word' id='word_1_9' title='bbox 780 603 889 672; x_wconf 81' lang='lat' dir='ltr'>verbis,</span> <span class='ocrx_word' id='word_1_10' title='bbox 909 595 985 672; x_wconf 69' lang='lat' dir='ltr'>rimor</span> <span class='ocrx_word' id='word_1_11' title='bbox 1004 599 1035 658; x_wconf 69' lang='lat' dir='ltr'>di</span> <span class='ocrx_word' id='word_1_12' title='bbox 1047 600 1096 658; x_wconf 76' lang='lat' dir='ltr'>sul</span> <span class='ocrx_word' id='word_1_13' title='bbox 1111 589 1211 666; x_wconf 68' lang='lat' dir='ltr'>soiitos</span> <span class='ocrx_word' id='word_1_14' title='bbox 1223 599 1272 657; x_wconf 80' lang='lat' dir='ltr'>sul</span> <span class='ocrx_word' id='word_1_15' title='bbox 1285 597 1321 658; x_wconf 77' lang='lat' dir='ltr'>sd</span> <span class='ocrx_word' id='word_1_16' title='bbox 1334 599 1414 673; x_wconf 72' lang='lat' dir='ltr'>leyd-</span> 
     </span>
     <span class='ocr_line' id='line_1_3' title="bbox 272 682 1414 764; baseline 0.001 -22"><span class='ocrx_word' id='word_1_17' title='bbox 272 707 357 760; x_wconf 80' lang='grc' dir='ltr'>μενον</span> <span class='ocrx_word' id='word_1_18' title='bbox 371 685 449 752; x_wconf 73' lang='grc' dir='ltr'>ἰδίας</span> <span class='ocrx_word' id='word_1_19' title='bbox 464 683 574 764; x_wconf 66' lang='grc' dir='ltr'>πλάσμα</span> <span class='ocrx_word' id='word_1_20' title='bbox 593 683 731 758; x_wconf 72' lang='grc' dir='ltr'>ἱστορικὸν</span> <span class='ocrx_word' id='word_1_21' title='bbox 746 682 896 756; x_wconf 76' lang='grc' dir='ltr'>Ἡρόδοτος</span> <span class='ocrx_word' id='word_1_22' title='bbox 917 687 981 758; x_wconf 71' lang='grc' dir='ltr'>ἔχει.</span> <span class='ocrx_word' id='word_1_23' title='bbox 1019 689 1078 742; x_wconf 91' lang='lat' dir='ltr'>Nec</span> <span class='ocrx_word' id='word_1_24' title='bbox 1092 687 1169 741; x_wconf 89' lang='lat' dir='ltr'>eliter</span> <span class='ocrx_word' id='word_1_25' title='bbox 1185 689 1365 742; x_wconf 88' lang='lat' dir='ltr'>ststoendoro</span> <span class='ocrx_word' id='word_1_26' title='bbox 1381 691 1414 742; x_wconf 85' lang='lat' dir='ltr'>de</span> 
     </span>
     <span class='ocr_line' id='line_1_4' title="bbox 273 772 1415 844; baseline -0.002 -15"><span class='ocrx_word' id='word_1_27' title='bbox 273 777 436 829; x_wconf 79' lang='lat' dir='ltr'>orationibus</span> <span class='ocrx_word' id='word_1_28' title='bbox 452 775 602 828; x_wconf 76' lang='lat' dir='ltr'><strong>narrationi</strong></span> <span class='ocrx_word' id='word_1_29' title='bbox 619 775 690 826; x_wconf 86' lang='lat' dir='ltr'>haud</span> <span class='ocrx_word' id='word_1_30' title='bbox 706 791 769 826; x_wconf 85' lang='lat' dir='ltr'>raro</span> <span class='ocrx_word' id='word_1_31' title='bbox 788 773 917 840; x_wconf 86' lang='lat' dir='ltr'>insertis,</span> <span class='ocrx_word' id='word_1_32' title='bbox 940 791 1010 843; x_wconf 87' lang='lat' dir='ltr'>quee</span> <span class='ocrx_word' id='word_1_33' title='bbox 1032 779 1131 844; x_wconf 86' lang='lat' dir='ltr'>sponte</span> <span class='ocrx_word' id='word_1_34' title='bbox 1150 772 1295 843; x_wconf 84' lang='lat' dir='ltr'>profluunt</span> <span class='ocrx_word' id='word_1_35' title='bbox 1311 791 1346 827; x_wconf 90' lang='lat' dir='ltr'>ex</span> <span class='ocrx_word' id='word_1_36' title='bbox 1368 793 1415 827; x_wconf 90' lang='lat' dir='ltr'>eo-</span> 
     </span>
     <span class='ocr_line' id='line_1_5' title="bbox 274 857 1414 930; baseline -0.002 -16"><span class='ocrx_word' id='word_1_37' title='bbox 274 861 333 914; x_wconf 85' lang='lat' dir='ltr'>dem</span> <span class='ocrx_word' id='word_1_38' title='bbox 346 859 490 929; x_wconf 88' lang='lat' dir='ltr'>scriptoris</span> <span class='ocrx_word' id='word_1_39' title='bbox 505 859 613 924; x_wconf 89' lang='lat' dir='ltr'>studio,</span> <span class='ocrx_word' id='word_1_40' title='bbox 629 876 684 930; x_wconf 93' lang='lat' dir='ltr'>qno</span> <span class='ocrx_word' id='word_1_41' title='bbox 703 859 791 912; x_wconf 86' lang='lat' dir='ltr'>omnie</span> <span class='ocrx_word' id='word_1_42' title='bbox 806 859 844 910; x_wconf 89' lang='lat' dir='ltr'>ite</span> <span class='ocrx_word' id='word_1_43' title='bbox 858 867 983 925; x_wconf 75' lang='lat' dir='ltr'>enarrat,</span> <span class='ocrx_word' id='word_1_44' title='bbox 1001 869 1032 912; x_wconf 92' lang='lat' dir='ltr'>ut</span> <span class='ocrx_word' id='word_1_45' title='bbox 1045 857 1098 928; x_wconf 91' lang='lat' dir='ltr'>ipsi</span> <span class='ocrx_word' id='word_1_46' title='bbox 1113 858 1212 910; x_wconf 87' lang='lat' dir='ltr'>edesse</span> <span class='ocrx_word' id='word_1_47' title='bbox 1226 875 1317 928; x_wconf 85' lang='lat' dir='ltr'>eaque</span> <span class='ocrx_word' id='word_1_48' title='bbox 1332 877 1414 928; x_wconf 82' lang='lat' dir='ltr'>pree·</span> 
     </span>
     <span class='ocr_line' id='line_1_6' title="bbox 273 943 1413 1015; baseline -0.002 -17"><span class='ocrx_word' id='word_1_49' title='bbox 273 953 368 998; x_wconf 68' lang='lat' dir='ltr'>senta</span> <span class='ocrx_word' id='word_1_50' title='bbox 384 944 525 1015; x_wconf 79' lang='lat' dir='ltr'>percipere</span> <span class='ocrx_word' id='word_1_51' title='bbox 540 945 620 998; x_wconf 88' lang='lat' dir='ltr'>nobis</span> <span class='ocrx_word' id='word_1_52' title='bbox 637 945 786 998; x_wconf 76' lang='lat' dir='ltr'>videamur.</span> <span class='ocrx_word' id='word_1_53' title='bbox 819 943 916 1014; x_wconf 86' lang='lat' dir='ltr'>ltsqns</span> <span class='ocrx_word' id='word_1_54' title='bbox 936 962 950 996; x_wconf 89' lang='lat' dir='ltr'>a</span> <span class='ocrx_word' id='word_1_55' title='bbox 966 943 1138 1011; x_wconf 85' lang='lat' dir='ltr'>Thucydidis</span> <span class='ocrx_word' id='word_1_56' title='bbox 1157 943 1331 996; x_wconf 83' lang='lat' dir='ltr'>cretionibus</span> <span class='ocrx_word' id='word_1_57' title='bbox 1346 945 1413 997; x_wconf 87' lang='lat' dir='ltr'>mul-</span> 
     </span>
     <span class='ocr_line' id='line_1_7' title="bbox 273 1023 1414 1100; baseline -0.001 -18"><span class='ocrx_word' id='word_1_58' title='bbox 273 1037 330 1083; x_wconf 86' lang='lat' dir='ltr'>tum</span> <span class='ocrx_word' id='word_1_59' title='bbox 345 1031 448 1082; x_wconf 78' lang='lat' dir='ltr'>obsunt</span> <span class='ocrx_word' id='word_1_60' title='bbox 467 1037 586 1100; x_wconf 76' lang='lat' dir='ltr'>apteque</span> <span class='ocrx_word' id='word_1_61' title='bbox 603 1035 738 1084; x_wconf 80' lang='lat' dir='ltr'>vocantur</span> <span class='ocrx_word' id='word_1_62' title='bbox 748 1047 764 1082; x_wconf 91' lang='grc' dir='ltr'>ιι</span> <span class='ocrx_word' id='word_1_63' title='bbox 776 1023 990 1099; x_wconf 74' lang='grc' dir='ltr'>ΜαιοοΙΙὶιιο**)</span> <span class='ocrx_word' id='word_1_64' title='bbox 1004 1027 1242 1098; x_wconf 76' lang='grc' dir='ltr'>προσωποποιΐαι,</span> <span class='ocrx_word' id='word_1_65' title='bbox 1261 1045 1323 1080; x_wconf 86' lang='lat' dir='ltr'>cnm</span> <span class='ocrx_word' id='word_1_66' title='bbox 1335 1029 1414 1082; x_wconf 89' lang='lat' dir='ltr'>Thu-</span> 
     </span>
     <span class='ocr_line' id='line_1_8' title="bbox 274 1111 1414 1184; baseline -0.001 -16"><span class='ocrx_word' id='word_1_67' title='bbox 274 1115 406 1184; x_wconf 83' lang='lat' dir='ltr'>cydidese</span> <span class='ocrx_word' id='word_1_68' title='bbox 420 1114 556 1182; x_wconf 79' lang='lat' dir='ltr'>Dionysio</span> <span class='ocrx_word' id='word_1_69' title='bbox 577 1114 634 1166; x_wconf 88' lang='lat' dir='ltr'>sint</span> <span class='ocrx_word' id='word_1_70' title='bbox 653 1115 827 1184; x_wconf 77' lang='grc' dir='ltr'>δημηγορίαι.</span> <span class='ocrx_word' id='word_1_71' title='bbox 869 1114 948 1177; x_wconf 80' lang='lat' dir='ltr'>Quae</span> <span class='ocrx_word' id='word_1_72' title='bbox 968 1114 1108 1166; x_wconf 77' lang='lat' dir='ltr'>orationes</span> <span class='ocrx_word' id='word_1_73' title='bbox 1130 1113 1201 1182; x_wconf 82' lang='lat' dir='ltr'>opud</span> <span class='ocrx_word' id='word_1_74' title='bbox 1220 1111 1414 1181; x_wconf 86' lang='lat' dir='ltr'>Thucydidem</span> 
     </span>
     <span class='ocr_line' id='line_1_9' title="bbox 274 1195 1414 1273; baseline -0.002 -21"><span class='ocrx_word' id='word_1_75' title='bbox 274 1217 354 1270; x_wconf 83' lang='lat' dir='ltr'>quem</span> <span class='ocrx_word' id='word_1_76' title='bbox 374 1199 485 1252; x_wconf 70' lang='lat' dir='ltr'>maxime</span> <span class='ocrx_word' id='word_1_77' title='bbox 504 1199 677 1252; x_wconf 73' lang='lat' dir='ltr'>necessariae</span> <span class='ocrx_word' id='word_1_78' title='bbox 693 1217 752 1252; x_wconf 88' lang='lat' dir='ltr'>curn</span> <span class='ocrx_word' id='word_1_79' title='bbox 775 1195 1007 1273; x_wconf 77' lang='lat' dir='ltr'>iudicentur***)</span> <span class='ocrx_word' id='word_1_80' title='bbox 1028 1215 1078 1267; x_wconf 94' lang='lat' dir='ltr'>pro</span> <span class='ocrx_word' id='word_1_81' title='bbox 1099 1197 1160 1268; x_wconf 86' lang='lat' dir='ltr'>ipso</span> <span class='ocrx_word' id='word_1_82' title='bbox 1181 1198 1273 1266; x_wconf 90' lang='lat' dir='ltr'>operis</span> <span class='ocrx_word' id='word_1_83' title='bbox 1294 1199 1414 1252; x_wconf 91' lang='lat' dir='ltr'>consilio</span> 
     </span>
     <span class='ocr_line' id='line_1_10' title="bbox 273 1283 1415 1355; baseline -0.002 -17"><span class='ocrx_word' id='word_1_84' title='bbox 273 1303 306 1338; x_wconf 79' lang='lat' dir='ltr'>uc</span> <span class='ocrx_word' id='word_1_85' title='bbox 320 1284 455 1355; x_wconf 90' lang='lat' dir='ltr'>propositi</span> <span class='ocrx_word' id='word_1_86' title='bbox 471 1285 526 1336; x_wconf 87' lang='lat' dir='ltr'>fine</span> <span class='ocrx_word' id='word_1_87' title='bbox 538 1284 657 1353; x_wconf 84' lang='lat' dir='ltr'>indeque</span> <span class='ocrx_word' id='word_1_88' title='bbox 672 1286 705 1337; x_wconf 84' lang='lat' dir='ltr'>ed</span> <span class='ocrx_word' id='word_1_89' title='bbox 721 1285 862 1338; x_wconf 73' lang='lat' dir='ltr'>veritatem</span> <span class='ocrx_word' id='word_1_90' title='bbox 877 1284 998 1354; x_wconf 78' lang='lat' dir='ltr'>proxime</span> <span class='ocrx_word' id='word_1_91' title='bbox 1009 1283 1153 1348; x_wconf 82' lang='lat' dir='ltr'>secedent,</span> <span class='ocrx_word' id='word_1_92' title='bbox 1169 1299 1262 1334; x_wconf 89' lang='lat' dir='ltr'>eorum</span> <span class='ocrx_word' id='word_1_93' title='bbox 1274 1283 1323 1352; x_wconf 85' lang='lat' dir='ltr'>qui</span> <span class='ocrx_word' id='word_1_94' title='bbox 1335 1284 1415 1336; x_wconf 85' lang='lat' dir='ltr'>dixe-</span> 
     </span>
     <span class='ocr_line' id='line_1_11' title="bbox 274 1368 1416 1439; baseline -0.004 -15"><span class='ocrx_word' id='word_1_95' title='bbox 274 1377 341 1424; x_wconf 91' lang='lat' dir='ltr'>runt</span> <span class='ocrx_word' id='word_1_96' title='bbox 361 1377 390 1422; x_wconf 86' lang='lat' dir='ltr'>et</span> <span class='ocrx_word' id='word_1_97' title='bbox 409 1369 561 1422; x_wconf 82' lang='lat' dir='ltr'>sententias</span> <span class='ocrx_word' id='word_1_98' title='bbox 582 1377 610 1420; x_wconf 87' lang='lat' dir='ltr'>et</span> <span class='ocrx_word' id='word_1_99' title='bbox 627 1369 717 1439; x_wconf 85' lang='lat' dir='ltr'>ipsas,</span> <span class='ocrx_word' id='word_1_100' title='bbox 742 1375 873 1439; x_wconf 78' lang='lat' dir='ltr'>quantum</span> <span class='ocrx_word' id='word_1_101' title='bbox 894 1369 954 1422; x_wconf 90' lang='lat' dir='ltr'>lieri</span> <span class='ocrx_word' id='word_1_102' title='bbox 969 1375 1078 1438; x_wconf 90' lang='lat' dir='ltr'>potest,</span> <span class='ocrx_word' id='word_1_103' title='bbox 1102 1385 1185 1420; x_wconf 81' lang='lat' dir='ltr'>voces</span> <span class='ocrx_word' id='word_1_104' title='bbox 1204 1368 1416 1434; x_wconf 66' lang='lat' dir='ltr'>relerentesfl,</span> 
     </span>
     <span class='ocr_line' id='line_1_12' title="bbox 275 1451 1417 1524; baseline -0.003 -16"><span class='ocrx_word' id='word_1_105' title='bbox 275 1454 355 1508; x_wconf 87' lang='lat' dir='ltr'>sliter</span> <span class='ocrx_word' id='word_1_106' title='bbox 369 1454 443 1524; x_wconf 85' lang='lat' dir='ltr'>spnd</span> <span class='ocrx_word' id='word_1_107' title='bbox 455 1453 624 1506; x_wconf 89' lang='lat' dir='ltr'>Herodotum</span> <span class='ocrx_word' id='word_1_108' title='bbox 636 1473 666 1506; x_wconf 89' lang='lat' dir='ltr'>se</span> <span class='ocrx_word' id='word_1_109' title='bbox 682 1473 727 1508; x_wconf 90' lang='lat' dir='ltr'>res</span> <span class='ocrx_word' id='word_1_110' title='bbox 744 1455 838 1506; x_wconf 71' lang='lat' dir='ltr'>habete</span> <span class='ocrx_word' id='word_1_111' title='bbox 861 1453 963 1524; x_wconf 89' lang='lat' dir='ltr'>quippe</span> <span class='ocrx_word' id='word_1_112' title='bbox 978 1453 1057 1506; x_wconf 90' lang='lat' dir='ltr'>cuius</span> <span class='ocrx_word' id='word_1_113' title='bbox 1069 1451 1209 1506; x_wconf 73' lang='lat' dir='ltr'>orationes</span> <span class='ocrx_word' id='word_1_114' title='bbox 1224 1452 1262 1504; x_wconf 88' lang='lat' dir='ltr'>its</span> <span class='ocrx_word' id='word_1_115' title='bbox 1275 1454 1417 1521; x_wconf 82' lang='lat' dir='ltr'>composi-</span> 
     </span>
     <span class='ocr_line' id='line_1_13' title="bbox 273 1537 1417 1610; baseline -0.002 -18"><span class='ocrx_word' id='word_1_116' title='bbox 273 1547 317 1592; x_wconf 78' lang='lat' dir='ltr'>tae</span> <span class='ocrx_word' id='word_1_117' title='bbox 334 1547 361 1591; x_wconf 92' lang='lat' dir='ltr'>et</span> <span class='ocrx_word' id='word_1_118' title='bbox 376 1537 569 1610; x_wconf 82' lang='lat' dir='ltr'>quodammodo</span> <span class='ocrx_word' id='word_1_119' title='bbox 586 1538 666 1592; x_wconf 76' lang='lat' dir='ltr'>fictae</span> <span class='ocrx_word' id='word_1_120' title='bbox 681 1546 761 1604; x_wconf 88' lang='lat' dir='ltr'>sunt,</span> <span class='ocrx_word' id='word_1_121' title='bbox 784 1547 815 1591; x_wconf 92' lang='lat' dir='ltr'>ut</span> <span class='ocrx_word' id='word_1_122' title='bbox 833 1539 860 1590; x_wconf 91' lang='lat' dir='ltr'>in</span> <span class='ocrx_word' id='word_1_123' title='bbox 877 1538 1024 1606; x_wconf 81' lang='lat' dir='ltr'>legentium</span> <span class='ocrx_word' id='word_1_124' title='bbox 1036 1537 1150 1605; x_wconf 73' lang='lat' dir='ltr'>gratier·</span> <span class='ocrx_word' id='word_1_125' title='bbox 1165 1537 1284 1606; x_wconf 71' lang='lat' dir='ltr'>scriptae</span> <span class='ocrx_word' id='word_1_126' title='bbox 1297 1537 1417 1590; x_wconf 80' lang='lat' dir='ltr'>videsn-</span> 
     </span>
     <span class='ocr_line' id='line_1_14' title="bbox 275 1621 1419 1693; baseline -0.002 -17"><span class='ocrx_word' id='word_1_127' title='bbox 275 1629 321 1676; x_wconf 86' lang='lat' dir='ltr'>tur</span> <span class='ocrx_word' id='word_1_128' title='bbox 342 1623 491 1692; x_wconf 73' lang='lat' dir='ltr'>iisdemque</span> <span class='ocrx_word' id='word_1_129' title='bbox 511 1640 573 1677; x_wconf 84' lang='lat' dir='ltr'>sese</span> <span class='ocrx_word' id='word_1_130' title='bbox 588 1623 787 1676; x_wconf 75' lang='lat' dir='ltr'>accommodare</span> <span class='ocrx_word' id='word_1_131' title='bbox 806 1623 950 1690; x_wconf 73' lang='lat' dir='ltr'>studeant,</span> <span class='ocrx_word' id='word_1_132' title='bbox 973 1623 1007 1676; x_wconf 82' lang='lat' dir='ltr'>nd</span> <span class='ocrx_word' id='word_1_133' title='bbox 1023 1621 1205 1692; x_wconf 70' lang='lat' dir='ltr'>sophistarum</span> <span class='ocrx_word' id='word_1_134' title='bbox 1222 1639 1338 1690; x_wconf 86' lang='lat' dir='ltr'>murem,</span> <span class='ocrx_word' id='word_1_135' title='bbox 1366 1624 1419 1693; x_wconf 93' lang='lat' dir='ltr'>qui</span> 
     </span>
     <span class='ocr_line' id='line_1_15' title="bbox 274 1706 1419 1778; baseline -0.003 -17"><span class='ocrx_word' id='word_1_136' title='bbox 274 1717 377 1761; x_wconf 86' lang='lat' dir='ltr'>mature</span> <span class='ocrx_word' id='word_1_137' title='bbox 398 1707 448 1759; x_wconf 89' lang='lat' dir='ltr'>iem</span> <span class='ocrx_word' id='word_1_138' title='bbox 468 1708 496 1760; x_wconf 94' lang='lat' dir='ltr'>in</span> <span class='ocrx_word' id='word_1_139' title='bbox 512 1707 627 1760; x_wconf 84' lang='lat' dir='ltr'>medinm</span> <span class='ocrx_word' id='word_1_140' title='bbox 642 1708 752 1777; x_wconf 89' lang='lat' dir='ltr'>prodire</span> <span class='ocrx_word' id='word_1_141' title='bbox 768 1715 930 1778; x_wconf 85' lang='lat' dir='ltr'>coeperant,</span> <span class='ocrx_word' id='word_1_142' title='bbox 954 1707 1125 1760; x_wconf 85' lang='lat' dir='ltr'>orationibus</span> <span class='ocrx_word' id='word_1_143' title='bbox 1139 1706 1289 1760; x_wconf 83' lang='lat' dir='ltr'>artificiose</span> <span class='ocrx_word' id='word_1_144' title='bbox 1302 1725 1419 1776; x_wconf 85' lang='lat' dir='ltr'>compo-</span> 
     </span>
     <span class='ocr_line' id='line_1_16' title="bbox 275 1791 1419 1864; baseline 0 -20"><span class='ocrx_word' id='word_1_145' title='bbox 275 1793 338 1844; x_wconf 90' lang='lat' dir='ltr'>sitis</span> <span class='ocrx_word' id='word_1_146' title='bbox 356 1793 510 1845; x_wconf 76' lang='lat' dir='ltr'>auditorum</span> <span class='ocrx_word' id='word_1_147' title='bbox 524 1793 639 1860; x_wconf 83' lang='lat' dir='ltr'>grstiern</span> <span class='ocrx_word' id='word_1_148' title='bbox 655 1793 790 1862; x_wconf 82' lang='lat' dir='ltr'>captaturi</span> <span class='ocrx_word' id='word_1_149' title='bbox 806 1793 988 1864; x_wconf 83' lang='lat' dir='ltr'>populumque</span> <span class='ocrx_word' id='word_1_150' title='bbox 1005 1791 1179 1846; x_wconf 89' lang='lat' dir='ltr'>delecteturi:</span> <span class='ocrx_word' id='word_1_151' title='bbox 1201 1791 1236 1844; x_wconf 88' lang='lat' dir='ltr'>de</span> <span class='ocrx_word' id='word_1_152' title='bbox 1250 1809 1305 1862; x_wconf 89' lang='lat' dir='ltr'>quo</span> <span class='ocrx_word' id='word_1_153' title='bbox 1323 1793 1419 1846; x_wconf 85' lang='lat' dir='ltr'>Hero-</span> 
     </span>
     <span class='ocr_line' id='line_1_17' title="bbox 275 1875 1421 1947; baseline 0.002 -19"><span class='ocrx_word' id='word_1_154' title='bbox 275 1877 332 1928; x_wconf 89' lang='lat' dir='ltr'>doti</span> <span class='ocrx_word' id='word_1_155' title='bbox 354 1877 447 1929; x_wconf 90' lang='lat' dir='ltr'>studio</span> <span class='ocrx_word' id='word_1_156' title='bbox 469 1877 608 1945; x_wconf 82' lang='lat' dir='ltr'>sophistes</span> <span class='ocrx_word' id='word_1_157' title='bbox 629 1877 782 1930; x_wconf 78' lang='lat' dir='ltr'>aemulandi</span> <span class='ocrx_word' id='word_1_158' title='bbox 806 1877 857 1930; x_wconf 84' lang='lat' dir='ltr'>ism</span> <span class='ocrx_word' id='word_1_159' title='bbox 880 1893 965 1947; x_wconf 83' lang='lat' dir='ltr'>supro</span> <span class='ocrx_word' id='word_1_160' title='bbox 985 1881 1045 1942; x_wconf 77' lang='lat'>§.9</span> <span class='ocrx_word' id='word_1_161' title='bbox 1065 1877 1189 1930; x_wconf 84' lang='lat' dir='ltr'>diximus.</span> <span class='ocrx_word' id='word_1_162' title='bbox 1232 1875 1271 1929; x_wconf 82' lang='grc' dir='ltr'>Αο</span> <span class='ocrx_word' id='word_1_163' title='bbox 1292 1877 1421 1947; x_wconf 87' lang='lat' dir='ltr'>denique</span> 
     </span>
     <span class='ocr_line' id='line_1_18' title="bbox 275 1959 1419 2032; baseline 0.003 -20"><span class='ocrx_word' id='word_1_164' title='bbox 275 1962 411 2032; x_wconf 67' lang='lat' dir='ltr'>politicum</span> <span class='ocrx_word' id='word_1_165' title='bbox 430 1963 564 2031; x_wconf 88' lang='lat' dir='ltr'>quendam</span> <span class='ocrx_word' id='word_1_166' title='bbox 581 1962 697 2016; x_wconf 87' lang='lat' dir='ltr'>colorem</span> <span class='ocrx_word' id='word_1_167' title='bbox 711 1963 746 2014; x_wconf 90' lang='lat' dir='ltr'>eb</span> <span class='ocrx_word' id='word_1_168' title='bbox 763 1961 897 2015; x_wconf 82' lang='lat' dir='ltr'>Herodoti</span> <span class='ocrx_word' id='word_1_169' title='bbox 914 1959 1039 2015; x_wconf 87' lang='lat' dir='ltr'>sermone</span> <span class='ocrx_word' id='word_1_170' title='bbox 1053 1961 1158 2014; x_wconf 89' lang='lat' dir='ltr'>minime</span> <span class='ocrx_word' id='word_1_171' title='bbox 1171 1963 1285 2027; x_wconf 83' lang='lat' dir='ltr'>abesse,</span> <span class='ocrx_word' id='word_1_172' title='bbox 1301 1962 1349 2014; x_wconf 83' lang='lat' dir='ltr'>rel</span> <span class='ocrx_word' id='word_1_173' title='bbox 1361 1965 1419 2016; x_wconf 82' lang='lat' dir='ltr'>llo-</span> 
     </span>
     <span class='ocr_line' id='line_1_19' title="bbox 275 2046 1420 2118; baseline 0.002 -20"><span class='ocrx_word' id='word_1_174' title='bbox 275 2048 340 2099; x_wconf 84' lang='lat' dir='ltr'>meri</span> <span class='ocrx_word' id='word_1_175' title='bbox 354 2046 483 2113; x_wconf 87' lang='lat' dir='ltr'>imitatio,</span> <span class='ocrx_word' id='word_1_176' title='bbox 501 2047 534 2099; x_wconf 89' lang='lat' dir='ltr'>de</span> <span class='ocrx_word' id='word_1_177' title='bbox 548 2063 603 2115; x_wconf 84' lang='lat' dir='ltr'>quo</span> <span class='ocrx_word' id='word_1_178' title='bbox 614 2064 700 2116; x_wconf 79' lang='lat' dir='ltr'>supro</span> <span class='ocrx_word' id='word_1_179' title='bbox 714 2047 845 2112; x_wconf 77' lang='lat' dir='ltr'>diximus,</span> <span class='ocrx_word' id='word_1_180' title='bbox 862 2047 1031 2118; x_wconf 75' lang='lat' dir='ltr'>aliorumque</span> <span class='ocrx_word' id='word_1_181' title='bbox 1046 2047 1187 2116; x_wconf 70' lang='lat' dir='ltr'>poetarum</span> <span class='ocrx_word' id='word_1_182' title='bbox 1199 2047 1306 2114; x_wconf 74' lang='lat' dir='ltr'>arguit,</span> <span class='ocrx_word' id='word_1_183' title='bbox 1327 2057 1420 2100; x_wconf 85' lang='lat' dir='ltr'>testa·</span> 
     </span>
     <span class='ocr_line' id='line_1_20' title="bbox 276 2131 1420 2202; baseline 0.003 -20"><span class='ocrx_word' id='word_1_184' title='bbox 276 2139 322 2182; x_wconf 90' lang='lat' dir='ltr'>tur</span> <span class='ocrx_word' id='word_1_185' title='bbox 337 2149 391 2184; x_wconf 90' lang='lat' dir='ltr'>non</span> <span class='ocrx_word' id='word_1_186' title='bbox 407 2131 495 2184; x_wconf 88' lang='lat' dir='ltr'>solum</span> <span class='ocrx_word' id='word_1_187' title='bbox 510 2131 571 2200; x_wconf 87' lang='lat' dir='ltr'>ipse</span> <span class='ocrx_word' id='word_1_188' title='bbox 586 2132 678 2201; x_wconf 90' lang='lat' dir='ltr'>operis</span> <span class='ocrx_word' id='word_1_189' title='bbox 689 2132 840 2185; x_wconf 86' lang='lat' dir='ltr'>Herodotei</span> <span class='ocrx_word' id='word_1_190' title='bbox 856 2132 1016 2201; x_wconf 89' lang='lat' dir='ltr'>compositio</span> <span class='ocrx_word' id='word_1_191' title='bbox 1030 2131 1079 2198; x_wconf 85' lang='lat' dir='ltr'>(ci.</span> <span class='ocrx_word' id='word_1_192' title='bbox 1092 2147 1177 2200; x_wconf 88' lang='lat' dir='ltr'>supre</span> <span class='ocrx_word' id='word_1_193' title='bbox 1188 2133 1213 2194; x_wconf 77' lang='lat' dir='ltr'>s.</span> <span class='ocrx_word' id='word_1_194' title='bbox 1231 2135 1276 2202; x_wconf 77' lang='lat'>12)</span> <span class='ocrx_word' id='word_1_195' title='bbox 1291 2133 1328 2184; x_wconf 89' lang='lat' dir='ltr'>ad</span> <span class='ocrx_word' id='word_1_196' title='bbox 1344 2135 1420 2201; x_wconf 85' lang='lat' dir='ltr'>epici</span> 
     </span>
     <span class='ocr_line' id='line_1_21' title="bbox 274 2215 1420 2283; baseline 0.002 -15"><span class='ocrx_word' id='word_1_197' title='bbox 274 2216 401 2268; x_wconf 83' lang='lat' dir='ltr'>carminis</span> <span class='ocrx_word' id='word_1_198' title='bbox 417 2217 549 2269; x_wconf 73' lang='lat' dir='ltr'>rationem</span> <span class='ocrx_word' id='word_1_199' title='bbox 568 2217 717 2283; x_wconf 79' lang='lat' dir='ltr'>secedens,</span> <span class='ocrx_word' id='word_1_200' title='bbox 734 2233 826 2270; x_wconf 81' lang='lat' dir='ltr'>verum</span> <span class='ocrx_word' id='word_1_201' title='bbox 841 2217 921 2269; x_wconf 85' lang='lat' dir='ltr'>etism</span> <span class='ocrx_word' id='word_1_202' title='bbox 936 2217 1044 2270; x_wconf 92' lang='lat' dir='ltr'>dicendi</span> <span class='ocrx_word' id='word_1_203' title='bbox 1061 2217 1145 2278; x_wconf 87' lang='lat' dir='ltr'>retio,</span> <span class='ocrx_word' id='word_1_204' title='bbox 1162 2223 1204 2268; x_wconf 86' lang='lat' dir='ltr'>tot</span> <span class='ocrx_word' id='word_1_205' title='bbox 1218 2215 1287 2268; x_wconf 87' lang='lat' dir='ltr'>locis</span> <span class='ocrx_word' id='word_1_206' title='bbox 1304 2217 1342 2270; x_wconf 81' lang='lat' dir='ltr'>ed</span> <span class='ocrx_word' id='word_1_207' title='bbox 1359 2219 1420 2270; x_wconf 83' lang='lat' dir='ltr'>Ho-</span> 
     </span>
     <span class='ocr_line' id='line_1_22' title="bbox 274 2300 1421 2371; baseline 0 -17"><span class='ocrx_word' id='word_1_208' title='bbox 274 2319 374 2354; x_wconf 89' lang='lat' dir='ltr'>merum</span> <span class='ocrx_word' id='word_1_209' title='bbox 392 2303 483 2354; x_wconf 86' lang='lat' dir='ltr'>ellicta</span> <span class='ocrx_word' id='word_1_210' title='bbox 498 2311 547 2354; x_wconf 90' lang='lat' dir='ltr'>eut</span> <span class='ocrx_word' id='word_1_211' title='bbox 567 2301 631 2354; x_wconf 91' lang='lat' dir='ltr'>inde</span> <span class='ocrx_word' id='word_1_212' title='bbox 647 2302 777 2371; x_wconf 87' lang='lat' dir='ltr'>repetita,</span> <span class='ocrx_word' id='word_1_213' title='bbox 799 2303 826 2354; x_wconf 94' lang='lat' dir='ltr'>id</span> <span class='ocrx_word' id='word_1_214' title='bbox 842 2302 915 2371; x_wconf 91' lang='lat' dir='ltr'>quod</span> <span class='ocrx_word' id='word_1_215' title='bbox 934 2303 963 2354; x_wconf 94' lang='lat' dir='ltr'>in</span> <span class='ocrx_word' id='word_1_216' title='bbox 980 2302 1054 2354; x_wconf 88' lang='lat' dir='ltr'>notis</span> <span class='ocrx_word' id='word_1_217' title='bbox 1069 2302 1137 2354; x_wconf 89' lang='lat' dir='ltr'>satis</span> <span class='ocrx_word' id='word_1_218' title='bbox 1155 2300 1312 2354; x_wconf 74' lang='lat' dir='ltr'>declarasse</span> <span class='ocrx_word' id='word_1_219' title='bbox 1334 2303 1421 2354; x_wconf 90' lang='lat' dir='ltr'>nobis</span> 
     </span>
     <span class='ocr_line' id='line_1_23' title="bbox 274 2385 1421 2456; baseline 0.002 -18"><span class='ocrx_word' id='word_1_220' title='bbox 274 2385 411 2456; x_wconf 83' lang='lat' dir='ltr'>videmur,</span> <span class='ocrx_word' id='word_1_221' title='bbox 428 2385 562 2440; x_wconf 85' lang='lat' dir='ltr'>Herodoti</span> <span class='ocrx_word' id='word_1_222' title='bbox 574 2386 716 2440; x_wconf 83' lang='lat' dir='ltr'>vocabulis</span> <span class='ocrx_word' id='word_1_223' title='bbox 730 2385 848 2454; x_wconf 86' lang='lat' dir='ltr'>singulis</span> <span class='ocrx_word' id='word_1_224' title='bbox 866 2403 898 2440; x_wconf 87' lang='grc' dir='ltr'>ιιο</span> <span class='ocrx_word' id='word_1_225' title='bbox 912 2386 1097 2440; x_wconf 90' lang='lat' dir='ltr'>locutionibus</span> <span class='ocrx_word' id='word_1_226' title='bbox 1112 2386 1145 2438; x_wconf 83' lang='lat' dir='ltr'>ed</span> <span class='ocrx_word' id='word_1_227' title='bbox 1157 2385 1318 2440; x_wconf 82' lang='lat' dir='ltr'>Homericus</span> <span class='ocrx_word' id='word_1_228' title='bbox 1333 2405 1421 2440; x_wconf 72' lang='lat' dir='ltr'>voces</span> 
     </span>
     <span class='ocr_line' id='line_1_24' title="bbox 273 2471 1422 2542; baseline 0.002 -18"><span class='ocrx_word' id='word_1_229' title='bbox 273 2471 464 2542; x_wconf 86' lang='lat' dir='ltr'>dictionesque</span> <span class='ocrx_word' id='word_1_230' title='bbox 481 2473 627 2524; x_wconf 86' lang='lat' dir='ltr'>revocetis.</span> <span class='ocrx_word' id='word_1_231' title='bbox 660 2472 737 2525; x_wconf 90' lang='lat' dir='ltr'>Inter</span> <span class='ocrx_word' id='word_1_232' title='bbox 757 2471 879 2542; x_wconf 87' lang='lat' dir='ltr'>reliquos</span> <span class='ocrx_word' id='word_1_233' title='bbox 894 2473 991 2542; x_wconf 67' lang='lat' dir='ltr'>poetas</span> <span class='ocrx_word' id='word_1_234' title='bbox 1007 2475 1157 2541; x_wconf 79' lang='lat' dir='ltr'>Aeschylum</span> <span class='ocrx_word' id='word_1_235' title='bbox 1171 2475 1245 2524; x_wconf 85' lang='lat' dir='ltr'>certe</span> <span class='ocrx_word' id='word_1_236' title='bbox 1259 2473 1422 2541; x_wconf 84' lang='lat' dir='ltr'>praeterire</span> 
     </span>
     <span class='ocr_line' id='line_1_25' title="bbox 275 2556 1421 2628; baseline 0.002 -20"><span class='ocrx_word' id='word_1_237' title='bbox 275 2575 328 2608; x_wconf 91' lang='lat' dir='ltr'>non</span> <span class='ocrx_word' id='word_1_238' title='bbox 351 2557 429 2622; x_wconf 84' lang='lat' dir='ltr'>licet,</span> <span class='ocrx_word' id='word_1_239' title='bbox 450 2557 530 2608; x_wconf 86' lang='lat' dir='ltr'>cuiue</span> <span class='ocrx_word' id='word_1_240' title='bbox 550 2563 592 2609; x_wconf 87' lang='lat' dir='ltr'>tot</span> <span class='ocrx_word' id='word_1_241' title='bbox 611 2557 743 2610; x_wconf 78' lang='lat' dir='ltr'>formulae</span> <span class='ocrx_word' id='word_1_242' title='bbox 757 2574 789 2608; x_wconf 86' lang='lat' dir='ltr'>eo</span> <span class='ocrx_word' id='word_1_243' title='bbox 804 2557 958 2609; x_wconf 84' lang='lat' dir='ltr'>locutiones</span> <span class='ocrx_word' id='word_1_244' title='bbox 972 2575 1061 2628; x_wconf 83' lang='lat' dir='ltr'>seque</span> <span class='ocrx_word' id='word_1_245' title='bbox 1077 2556 1255 2625; x_wconf 88' lang='lat' dir='ltr'>reperiuntur</span> <span class='ocrx_word' id='word_1_246' title='bbox 1276 2557 1305 2609; x_wconf 93' lang='lat' dir='ltr'>in</span> <span class='ocrx_word' id='word_1_247' title='bbox 1325 2559 1421 2611; x_wconf 88' lang='lat' dir='ltr'>Hero-</span> 
     </span>
     <span class='ocr_line' id='line_1_26' title="bbox 275 2641 1422 2711; baseline 0.002 -19"><span class='ocrx_word' id='word_1_248' title='bbox 275 2641 332 2692; x_wconf 92' lang='lat' dir='ltr'>doti</span> <span class='ocrx_word' id='word_1_249' title='bbox 349 2641 427 2694; x_wconf 91' lang='lat' dir='ltr'>libris</span> <span class='ocrx_word' id='word_1_250' title='bbox 442 2642 469 2692; x_wconf 91' lang='lat' dir='ltr'>in</span> <span class='ocrx_word' id='word_1_251' title='bbox 483 2641 708 2694; x_wconf 84' lang='lat' dir='ltr'>adnotationibus</span> <span class='ocrx_word' id='word_1_252' title='bbox 718 2659 769 2694; x_wconf 90' lang='lat' dir='ltr'>suo</span> <span class='ocrx_word' id='word_1_253' title='bbox 781 2658 908 2711; x_wconf 74' lang='lat' dir='ltr'>quaeque</span> <span class='ocrx_word' id='word_1_254' title='bbox 921 2641 980 2694; x_wconf 91' lang='lat' dir='ltr'>loco</span> <span class='ocrx_word' id='word_1_255' title='bbox 995 2660 1011 2694; x_wconf 83' lang='lat' dir='ltr'>e</span> <span class='ocrx_word' id='word_1_256' title='bbox 1025 2642 1105 2694; x_wconf 91' lang='lat' dir='ltr'>nobis</span> <span class='ocrx_word' id='word_1_257' title='bbox 1121 2641 1272 2708; x_wconf 82' lang='lat' dir='ltr'>indicetne,</span> <span class='ocrx_word' id='word_1_258' title='bbox 1288 2649 1323 2695; x_wconf 87' lang='lat' dir='ltr'>ut</span> <span class='ocrx_word' id='word_1_259' title='bbox 1334 2645 1422 2696; x_wconf 79' lang='lat' dir='ltr'>animi</span> 
     </span>
     <span class='ocr_line' id='line_1_27' title="bbox 274 2725 1422 2799; baseline 0.004 -23"><span class='ocrx_word' id='word_1_260' title='bbox 274 2725 408 2794; x_wconf 86' lang='lat' dir='ltr'>quandem</span> <span class='ocrx_word' id='word_1_261' title='bbox 425 2725 656 2779; x_wconf 87' lang='lat' dir='ltr'>necessitudinem</span> <span class='ocrx_word' id='word_1_262' title='bbox 670 2728 743 2780; x_wconf 91' lang='lat' dir='ltr'>inter</span> <span class='ocrx_word' id='word_1_263' title='bbox 758 2733 903 2796; x_wconf 86' lang='lat' dir='ltr'>utrumque</span> <span class='ocrx_word' id='word_1_264' title='bbox 918 2727 1111 2782; x_wconf 88' lang='lat' dir='ltr'>intercessisse</span> <span class='ocrx_word' id='word_1_265' title='bbox 1125 2726 1236 2794; x_wconf 86' lang='lat' dir='ltr'>oredus,</span> <span class='ocrx_word' id='word_1_266' title='bbox 1259 2726 1293 2779; x_wconf 87' lang='lat' dir='ltr'>de</span> <span class='ocrx_word' id='word_1_267' title='bbox 1310 2745 1372 2799; x_wconf 81' lang='lat' dir='ltr'>qus</span> <span class='ocrx_word' id='word_1_268' title='bbox 1392 2749 1422 2782; x_wconf 85' lang='lat' dir='ltr'>re</span> 
     </span>
     <span class='ocr_line' id='line_1_28' title="bbox 275 2810 1422 2883; baseline 0.005 -23"><span class='ocrx_word' id='word_1_269' title='bbox 275 2811 326 2861; x_wconf 83' lang='lat' dir='ltr'>iarn</span> <span class='ocrx_word' id='word_1_270' title='bbox 349 2827 434 2878; x_wconf 83' lang='lat' dir='ltr'>supro</span> <span class='ocrx_word' id='word_1_271' title='bbox 450 2813 477 2873; x_wconf 79' lang='lat' dir='ltr'>s.</span> <span class='ocrx_word' id='word_1_272' title='bbox 495 2813 526 2862; x_wconf 83' lang='lat'>12</span> <span class='ocrx_word' id='word_1_273' title='bbox 541 2810 667 2879; x_wconf 88' lang='lat' dir='ltr'>pluribus</span> <span class='ocrx_word' id='word_1_274' title='bbox 683 2812 849 2864; x_wconf 83' lang='lat' dir='ltr'>monuimus:</span> <span class='ocrx_word' id='word_1_275' title='bbox 875 2829 1035 2883; x_wconf 88' lang='lat' dir='ltr'>quamquem</span> <span class='ocrx_word' id='word_1_276' title='bbox 1055 2813 1168 2881; x_wconf 71' lang='lat' dir='ltr'>silerum</span> <span class='ocrx_word' id='word_1_277' title='bbox 1188 2829 1221 2864; x_wconf 86' lang='lat' dir='ltr'>ex</span> <span class='ocrx_word' id='word_1_278' title='bbox 1237 2810 1327 2864; x_wconf 86' lang='lat' dir='ltr'>eltero</span> <span class='ocrx_word' id='word_1_279' title='bbox 1350 2814 1422 2866; x_wconf 74' lang='lat' dir='ltr'>hao-</span> 
     </span>
     <span class='ocr_line' id='line_1_29' title="bbox 276 2893 1422 2966; baseline 0.003 -20"><span class='ocrx_word' id='word_1_280' title='bbox 276 2894 348 2946; x_wconf 88' lang='lat' dir='ltr'>sisse</span> <span class='ocrx_word' id='word_1_281' title='bbox 364 2893 434 2945; x_wconf 83' lang='lat' dir='ltr'>houd</span> <span class='ocrx_word' id='word_1_282' title='bbox 450 2911 517 2946; x_wconf 83' lang='lat' dir='ltr'>sane</span> <span class='ocrx_word' id='word_1_283' title='bbox 533 2895 662 2948; x_wconf 88' lang='lat' dir='ltr'>credibile</span> <span class='ocrx_word' id='word_1_284' title='bbox 679 2903 731 2948; x_wconf 88' lang='lat' dir='ltr'>est.</span> <span class='ocrx_word' id='word_1_285' title='bbox 765 2896 876 2949; x_wconf 89' lang='lat' dir='ltr'>Certum</span> <span class='ocrx_word' id='word_1_286' title='bbox 890 2903 948 2963; x_wconf 91' lang='lat' dir='ltr'>est,</span> <span class='ocrx_word' id='word_1_287' title='bbox 963 2897 1104 2950; x_wconf 82' lang='lat' dir='ltr'>Herodoto</span> <span class='ocrx_word' id='word_1_288' title='bbox 1119 2895 1276 2949; x_wconf 87' lang='lat' dir='ltr'>innotuisse</span> <span class='ocrx_word' id='word_1_289' title='bbox 1289 2897 1422 2966; x_wconf 81' lang='lat' dir='ltr'>Aeschy-</span> 
     </span>
     <span class='ocr_line' id='line_1_30' title="bbox 275 2977 1422 3050; baseline 0.005 -22"><span class='ocrx_word' id='word_1_290' title='bbox 275 2977 329 3030; x_wconf 90' lang='lat' dir='ltr'>lum</span> <span class='ocrx_word' id='word_1_291' title='bbox 347 2979 463 3046; x_wconf 88' lang='lat' dir='ltr'>einsque</span> <span class='ocrx_word' id='word_1_292' title='bbox 477 2978 599 3046; x_wconf 79' lang='lat' dir='ltr'>subulas,</span> <span class='ocrx_word' id='word_1_293' title='bbox 618 2987 649 3032; x_wconf 91' lang='lat' dir='ltr'>ut</span> <span class='ocrx_word' id='word_1_294' title='bbox 662 2980 765 3032; x_wconf 88' lang='lat' dir='ltr'>diserte</span> <span class='ocrx_word' id='word_1_295' title='bbox 779 2981 946 3034; x_wconf 87' lang='lat' dir='ltr'>demonstret</span> <span class='ocrx_word' id='word_1_296' title='bbox 960 2981 1037 3036; x_wconf 88' lang='lat' dir='ltr'>locus</span> <span class='ocrx_word' id='word_1_297' title='bbox 1052 2983 1088 3050; x_wconf 92' lang='lat' dir='ltr'>ll,</span> <span class='ocrx_word' id='word_1_298' title='bbox 1104 2985 1166 3048; x_wconf 81' lang='grc'><strong>156,</strong></span> <span class='ocrx_word' id='word_1_299' title='bbox 1183 2981 1230 3034; x_wconf 90' lang='lat' dir='ltr'>nbi</span> <span class='ocrx_word' id='word_1_300' title='bbox 1244 2983 1281 3034; x_wconf 84' lang='lat' dir='ltr'>cl.</span> <span class='ocrx_word' id='word_1_301' title='bbox 1298 2989 1376 3036; x_wconf 63' lang='lat' dir='ltr'>nott</span> <span class='ocrx_word' id='word_1_302' title='bbox 1396 2993 1422 3036; x_wconf 83' lang='lat' dir='ltr'>et</span> 
     </span>
     <span class='ocr_line' id='line_1_31' title="bbox 276 3063 1422 3137; baseline 0.006 -24"><span class='ocrx_word' id='word_1_303' title='bbox 276 3063 338 3114; x_wconf 84' lang='lat' dir='ltr'>ndd.</span> <span class='ocrx_word' id='word_1_304' title='bbox 354 3063 500 3114; x_wconf 78' lang='lat' dir='ltr'>Hoffmann</span> <span class='ocrx_word' id='word_1_305' title='bbox 523 3063 548 3114; x_wconf 90' lang='lat' dir='ltr'>in</span> <span class='ocrx_word' id='word_1_306' title='bbox 567 3064 701 3132; x_wconf 83' lang='lat' dir='ltr'>Philolog.</span> <span class='ocrx_word' id='word_1_307' title='bbox 720 3065 777 3116; x_wconf 86' lang='lat' dir='ltr'>xv.</span> <span class='ocrx_word' id='word_1_308' title='bbox 798 3085 824 3134; x_wconf 90' lang='lat' dir='ltr'>p.</span> <span class='ocrx_word' id='word_1_309' title='bbox 841 3071 908 3132; x_wconf 70' lang='lat'>‘2253</span> <span class='ocrx_word' id='word_1_310' title='bbox 931 3066 985 3118; x_wconf 84' lang='lat' dir='ltr'>elio</span> <span class='ocrx_word' id='word_1_311' title='bbox 1007 3085 1093 3137; x_wconf 81' lang='lat' dir='ltr'>supro</span> <span class='ocrx_word' id='word_1_312' title='bbox 1110 3066 1128 3120; x_wconf 96' lang='lat' dir='ltr'>l.</span> <span class='ocrx_word' id='word_1_313' title='bbox 1151 3067 1169 3118; x_wconf 90' lang='lat' dir='ltr'>l.</span> <span class='ocrx_word' id='word_1_314' title='bbox 1186 3067 1238 3119; x_wconf 83' lang='lat' dir='ltr'>iem</span> <span class='ocrx_word' id='word_1_315' title='bbox 1258 3067 1422 3122; x_wconf 75' lang='lat' dir='ltr'>attulimus.</span> 
     </span>
     <span class='ocr_line' id='line_1_32' title="bbox 277 3145 1424 3224; baseline 0.009 -26"><span class='ocrx_word' id='word_1_316' title='bbox 277 3145 411 3214; x_wconf 77' lang='lat' dir='ltr'>Aeschylo</span> <span class='ocrx_word' id='word_1_317' title='bbox 432 3147 582 3224; x_wconf 79' lang='lat' dir='ltr'>adiungere</span> <span class='ocrx_word' id='word_1_318' title='bbox 605 3149 669 3202; x_wconf 91' lang='lat' dir='ltr'>licet</span> <span class='ocrx_word' id='word_1_319' title='bbox 684 3153 837 3219; x_wconf 77' lang='lat' dir='ltr'>Sophoclem</span> <span class='ocrx_word' id='word_1_320' title='bbox 860 3159 888 3203; x_wconf 88' lang='lat' dir='ltr'>et</span> <span class='ocrx_word' id='word_1_321' title='bbox 907 3151 994 3221; x_wconf 90' lang='lat' dir='ltr'>ipsum</span> <span class='ocrx_word' id='word_1_322' title='bbox 1017 3151 1199 3206; x_wconf 77' lang='lat' dir='ltr'>sonillieritate</span> <span class='ocrx_word' id='word_1_323' title='bbox 1221 3153 1341 3222; x_wconf 84' lang='lat' dir='ltr'>quadam</span> <span class='ocrx_word' id='word_1_324' title='bbox 1357 3173 1424 3208; x_wconf 86' lang='grc' dir='ltr'>οιιιιι</span> 
     </span>
    </p>
   </div>
   <div class='ocr_carea' id='block_1_3' title="bbox 275 3343 1425 4368">
    <p class='ocr_par' dir='ltr' id='par_1_3' title="bbox 343 3343 1098 3414">
     <span class='ocr_line' id='line_1_33' title="bbox 343 3343 1098 3414; baseline 0.007 -18"><span class='ocrx_word' id='word_1_325' title='bbox 343 3343 370 3403; x_wconf 77' lang='lat' dir='ltr'>*l</span> <span class='ocrx_word' id='word_1_326' title='bbox 389 3345 479 3412; x_wconf 86' lang='lat' dir='ltr'>Epist.</span> <span class='ocrx_word' id='word_1_327' title='bbox 493 3347 527 3396; x_wconf 87' lang='lat' dir='ltr'>ad</span> <span class='ocrx_word' id='word_1_328' title='bbox 541 3347 590 3398; x_wconf 86' lang='lat' dir='ltr'>Cn.</span> <span class='ocrx_word' id='word_1_329' title='bbox 605 3349 727 3414; x_wconf 90' lang='lat' dir='ltr'>Pompei.</span> <span class='ocrx_word' id='word_1_330' title='bbox 740 3349 772 3398; x_wconf 87' lang='grc' dir='ltr'>Τ.</span> <span class='ocrx_word' id='word_1_331' title='bbox 786 3349 832 3399; x_wconf 90' lang='lat' dir='ltr'>Vl.</span> <span class='ocrx_word' id='word_1_332' title='bbox 846 3367 871 3414; x_wconf 92' lang='lat' dir='ltr'>p.</span> <span class='ocrx_word' id='word_1_333' title='bbox 885 3349 935 3398; x_wconf 80' lang='grc'>776</span> <span class='ocrx_word' id='word_1_334' title='bbox 948 3349 990 3400; x_wconf 90' lang='lat' dir='ltr'>ed.</span> <span class='ocrx_word' id='word_1_335' title='bbox 1003 3351 1098 3402; x_wconf 80' lang='lat' dir='ltr'>Reislr.</span> 
     </span>
    </p>

    <p class='ocr_par' dir='ltr' id='par_1_4' title="bbox 275 3407 1423 3686">
     <span class='ocr_line' id='line_1_34' title="bbox 343 3407 1423 3485; baseline 0.009 -22"><span class='ocrx_word' id='word_1_336' title='bbox 343 3411 386 3476; x_wconf 46' lang='grc' dir='ltr'>ἥ)</span> <span class='ocrx_word' id='word_1_337' title='bbox 405 3415 460 3467; x_wconf 91' lang='lat' dir='ltr'>Vit.</span> <span class='ocrx_word' id='word_1_338' title='bbox 473 3416 625 3480; x_wconf 83' lang='lat' dir='ltr'>Thucydid.</span> <span class='ocrx_word' id='word_1_339' title='bbox 638 3419 661 3478; x_wconf 67' lang='lat'>§-</span> <span class='ocrx_word' id='word_1_340' title='bbox 674 3417 719 3466; x_wconf 79' lang='lat'>38:</span> <span class='ocrx_word' id='word_1_341' title='bbox 740 3407 779 3466; x_wconf 78' lang='grc' dir='ltr'>δι’</span> <span class='ocrx_word' id='word_1_342' title='bbox 793 3407 896 3482; x_wconf 76' lang='grc' dir='ltr'>ὀλίγων</span> <span class='ocrx_word' id='word_1_343' title='bbox 913 3411 967 3482; x_wconf 83' lang='lat' dir='ltr'>yoip</span> <span class='ocrx_word' id='word_1_344' title='bbox 985 3409 1100 3484; x_wconf 65' lang='grc' dir='ltr'>ἐποίησε</span> <span class='ocrx_word' id='word_1_345' title='bbox 1113 3418 1165 3480; x_wconf 85' lang='lat' dir='ltr'>(sc.</span> <span class='ocrx_word' id='word_1_346' title='bbox 1179 3419 1354 3485; x_wconf 81' lang='lat' dir='ltr'>Herodotus)</span> <span class='ocrx_word' id='word_1_347' title='bbox 1378 3415 1423 3473; x_wconf 77' lang='lat'>2⁰·-</span> 
     </span>
     <span class='ocr_line' id='line_1_35' title="bbox 275 3473 1423 3552; baseline 0.005 -18"><span class='ocrx_word' id='word_1_348' title='bbox 275 3499 333 3547; x_wconf 78' lang='grc' dir='ltr'>γων</span> <span class='ocrx_word' id='word_1_349' title='bbox 349 3473 388 3540; x_wconf 75' lang='grc' dir='ltr'>ὦς</span> <span class='ocrx_word' id='word_1_350' title='bbox 406 3481 639 3546; x_wconf 72' lang='grc' dir='ltr'>προσωποποιΐας</span> <span class='ocrx_word' id='word_1_351' title='bbox 655 3483 764 3548; x_wconf 74' lang='grc' dir='ltr'>μᾶλλον</span> <span class='ocrx_word' id='word_1_352' title='bbox 780 3475 854 3552; x_wconf 78' lang='grc' dir='ltr'>ἥπερ</span> <span class='ocrx_word' id='word_1_353' title='bbox 872 3483 1057 3552; x_wconf 72' lang='grc' dir='ltr'><strong><em>δημηγορίας.</em></strong></span> <span class='ocrx_word' id='word_1_354' title='bbox 1093 3488 1221 3551; x_wconf 87' lang='lat' dir='ltr'>Dionysii</span> <span class='ocrx_word' id='word_1_355' title='bbox 1241 3488 1336 3538; x_wconf 87' lang='lat' dir='ltr'>locum</span> <span class='ocrx_word' id='word_1_356' title='bbox 1358 3492 1423 3551; x_wconf 72' lang='lat' dir='ltr'>(vl.</span> 
     </span>
     <span class='ocr_line' id='line_1_36' title="bbox 276 3549 1423 3619; baseline 0.006 -19"><span class='ocrx_word' id='word_1_357' title='bbox 276 3567 301 3616; x_wconf 90' lang='lat' dir='ltr'>p.</span> <span class='ocrx_word' id='word_1_358' title='bbox 316 3549 489 3614; x_wconf 79' lang='lat' dir='ltr'>&#39;176Reisk.)</span> <span class='ocrx_word' id='word_1_359' title='bbox 507 3569 589 3618; x_wconf 85' lang='lat' dir='ltr'>supre</span> <span class='ocrx_word' id='word_1_360' title='bbox 604 3554 658 3602; x_wconf 83' lang='lat' dir='ltr'>inm</span> <span class='ocrx_word' id='word_1_361' title='bbox 672 3553 762 3603; x_wconf 81' lang='lat' dir='ltr'>attuli.</span> <span class='ocrx_word' id='word_1_362' title='bbox 793 3555 835 3606; x_wconf 91' lang='lat' dir='ltr'>De</span> <span class='ocrx_word' id='word_1_363' title='bbox 848 3559 963 3619; x_wconf 83' lang='lat' dir='ltr'>utroque</span> <span class='ocrx_word' id='word_1_364' title='bbox 976 3555 1030 3606; x_wconf 84' lang='lat' dir='ltr'>vid.</span> <span class='ocrx_word' id='word_1_365' title='bbox 1044 3555 1175 3605; x_wconf 81' lang='lat' dir='ltr'>Creueer:</span> <span class='ocrx_word' id='word_1_366' title='bbox 1194 3556 1300 3606; x_wconf 86' lang='lat' dir='ltr'>Histor.</span> <span class='ocrx_word' id='word_1_367' title='bbox 1316 3558 1423 3609; x_wconf 83' lang='lat' dir='ltr'>Kunet.</span> 
     </span>
     <span class='ocr_line' id='line_1_37' title="bbox 278 3617 770 3686; baseline 0.004 -18"><span class='ocrx_word' id='word_1_368' title='bbox 278 3636 303 3684; x_wconf 89' lang='lat' dir='ltr'>p.</span> <span class='ocrx_word' id='word_1_369' title='bbox 320 3617 367 3669; x_wconf 87' lang='grc'>166</span> <span class='ocrx_word' id='word_1_370' title='bbox 380 3635 438 3684; x_wconf 81' lang='lat' dir='ltr'>seq.</span> <span class='ocrx_word' id='word_1_371' title='bbox 453 3636 473 3670; x_wconf 91' lang='lat' dir='ltr'>s.</span> <span class='ocrx_word' id='word_1_372' title='bbox 488 3636 512 3684; x_wconf 92' lang='lat' dir='ltr'>p.</span> <span class='ocrx_word' id='word_1_373' title='bbox 528 3619 575 3670; x_wconf 84' lang='lat'>130</span> <span class='ocrx_word' id='word_1_374' title='bbox 587 3636 645 3686; x_wconf 80' lang='lat' dir='ltr'>seq.</span> <span class='ocrx_word' id='word_1_375' title='bbox 660 3621 701 3671; x_wconf 86' lang='lat' dir='ltr'>ed.</span> <span class='ocrx_word' id='word_1_376' title='bbox 716 3637 770 3670; x_wconf 88' lang='lat' dir='ltr'>seo.</span> 
     </span>
    </p>

    <p class='ocr_par' dir='ltr' id='par_1_5' title="bbox 343 3685 1231 3756">
     <span class='ocr_line' id='line_1_38' title="bbox 343 3685 1231 3756; baseline 0.003 -19"><span class='ocrx_word' id='word_1_377' title='bbox 343 3685 399 3753; x_wconf 63' lang='lat' dir='ltr'>reu)</span> <span class='ocrx_word' id='word_1_378' title='bbox 420 3687 462 3737; x_wconf 82' lang='lat' dir='ltr'>Ol.</span> <span class='ocrx_word' id='word_1_379' title='bbox 477 3687 607 3738; x_wconf 85' lang='lat' dir='ltr'>Greuzer:</span> <span class='ocrx_word' id='word_1_380' title='bbox 628 3689 699 3738; x_wconf 88' lang='lat' dir='ltr'>Hist.</span> <span class='ocrx_word' id='word_1_381' title='bbox 713 3691 803 3739; x_wconf 88' lang='lat' dir='ltr'>Kunst</span> <span class='ocrx_word' id='word_1_382' title='bbox 815 3689 840 3739; x_wconf 90' lang='lat' dir='ltr'>d.</span> <span class='ocrx_word' id='word_1_383' title='bbox 856 3689 965 3740; x_wconf 88' lang='lat' dir='ltr'>Gricch.</span> <span class='ocrx_word' id='word_1_384' title='bbox 979 3707 1042 3756; x_wconf 78' lang='lat' dir='ltr'>pag.</span> <span class='ocrx_word' id='word_1_385' title='bbox 1056 3689 1106 3740; x_wconf 80' lang='grc'>216</span> <span class='ocrx_word' id='word_1_386' title='bbox 1119 3691 1161 3740; x_wconf 86' lang='lat' dir='ltr'>ed.</span> <span class='ocrx_word' id='word_1_387' title='bbox 1175 3707 1231 3741; x_wconf 86' lang='lat' dir='ltr'>see.</span> 
     </span>
    </p>

    <p class='ocr_par' dir='ltr' id='par_1_6' title="bbox 276 3747 1425 4368">
     <span class='ocr_line' id='line_1_39' title="bbox 343 3747 1423 3836; baseline 0.009 -33"><span class='ocrx_word' id='word_1_388' title='bbox 343 3753 376 3816; x_wconf 85' lang='lat'>†)</span> <span class='ocrx_word' id='word_1_389' title='bbox 395 3756 457 3836; x_wconf 88' lang='lat' dir='ltr'>Ipse</span> <span class='ocrx_word' id='word_1_390' title='bbox 470 3755 644 3819; x_wconf 86' lang='lat' dir='ltr'>Thucydides</span> <span class='ocrx_word' id='word_1_391' title='bbox 657 3758 683 3816; x_wconf 95' lang='lat' dir='ltr'>I,</span> <span class='ocrx_word' id='word_1_392' title='bbox 696 3757 729 3806; x_wconf 75' lang='lat'>22</span> <span class='ocrx_word' id='word_1_393' title='bbox 742 3759 783 3807; x_wconf 89' lang='lat' dir='ltr'>sic</span> <span class='ocrx_word' id='word_1_394' title='bbox 795 3757 950 3823; x_wconf 86' lang='lat' dir='ltr'>profitetur:</span> <span class='ocrx_word' id='word_1_395' title='bbox 974 3756 1022 3809; x_wconf 80' lang='lat' dir='ltr'>sul</span> <span class='ocrx_word' id='word_1_396' title='bbox 1035 3747 1087 3810; x_wconf 80' lang='grc' dir='ltr'>ὅσα</span> <span class='ocrx_word' id='word_1_397' title='bbox 1099 3753 1152 3823; x_wconf 60' lang='grc' dir='ltr'>μὲν</span> <span class='ocrx_word' id='word_1_398' title='bbox 1164 3753 1237 3824; x_wconf 81' lang='lat' dir='ltr'>lo&#39;yot</span> <span class='ocrx_word' id='word_1_399' title='bbox 1249 3751 1338 3811; x_wconf 71' lang='lat' dir='ltr'>eluso</span> <span class='ocrx_word' id='word_1_400' title='bbox 1354 3757 1423 3813; x_wconf 74' lang='grc' dir='ltr'>ἕια-</span> 
     </span>
     <span class='ocr_line' id='line_1_40' title="bbox 276 3812 1424 3894; baseline 0.007 -22"><span class='ocrx_word' id='word_1_401' title='bbox 276 3835 335 3872; x_wconf 85' lang='grc' dir='ltr'>στοι</span> <span class='ocrx_word' id='word_1_402' title='bbox 349 3815 366 3886; x_wconf 81' lang='grc' dir='ltr'><strong><em>ἢ</em></strong></span> <span class='ocrx_word' id='word_1_403' title='bbox 379 3823 528 3888; x_wconf 68' lang='lat' dir='ltr'>pelleretur</span> <span class='ocrx_word' id='word_1_404' title='bbox 540 3817 711 3890; x_wconf 79' lang='grc' dir='ltr'>πολεμήσειν</span> <span class='ocrx_word' id='word_1_405' title='bbox 723 3817 742 3891; x_wconf 80' lang='grc' dir='ltr'><em>ἢ</em></span> <span class='ocrx_word' id='word_1_406' title='bbox 755 3817 786 3874; x_wconf 79' lang='grc' dir='ltr'>ἐν</span> <span class='ocrx_word' id='word_1_407' title='bbox 798 3815 875 3892; x_wconf 74' lang='grc' dir='ltr'>αὐτῷ</span> <span class='ocrx_word' id='word_1_408' title='bbox 887 3819 944 3892; x_wconf 76' lang='grc' dir='ltr'>ἤδη</span> <span class='ocrx_word' id='word_1_409' title='bbox 956 3816 1049 3888; x_wconf 79' lang='grc' dir='ltr'>ὄντες,</span> <span class='ocrx_word' id='word_1_410' title='bbox 1064 3820 1187 3892; x_wconf 72' lang='grc' dir='ltr'>χαλεπὸν</span> <span class='ocrx_word' id='word_1_411' title='bbox 1198 3812 1251 3892; x_wconf 79' lang='grc' dir='ltr'>τὴν</span> <span class='ocrx_word' id='word_1_412' title='bbox 1260 3819 1424 3894; x_wconf 73' lang='grc' dir='ltr'>αἰιρίβειαι</span> 
     </span>
     <span class='ocr_line' id='line_1_41' title="bbox 276 3881 1423 3962; baseline 0.009 -24"><span class='ocrx_word' id='word_1_413' title='bbox 276 3881 368 3955; x_wconf 73' lang='grc' dir='ltr'>αὐτὴν</span> <span class='ocrx_word' id='word_1_414' title='bbox 386 3889 441 3939; x_wconf 77' lang='grc' dir='ltr'>τῶν</span> <span class='ocrx_word' id='word_1_415' title='bbox 459 3885 619 3956; x_wconf 72' lang='grc' dir='ltr'><strong><em>λεχθέντων</em></strong></span> <span class='ocrx_word' id='word_1_416' title='bbox 637 3891 883 3957; x_wconf 77' lang='grc' dir='ltr'>διαμνημονεῦσαι</span> <span class='ocrx_word' id='word_1_417' title='bbox 902 3883 938 3960; x_wconf 84' lang='grc' dir='ltr'>ἦν</span> <span class='ocrx_word' id='word_1_418' title='bbox 957 3887 1023 3960; x_wconf 70' lang='grc' dir='ltr'>ἐμοί</span> <span class='ocrx_word' id='word_1_419' title='bbox 1039 3909 1067 3945; x_wconf 79' lang='grc' dir='ltr'>τε</span> <span class='ocrx_word' id='word_1_420' title='bbox 1085 3881 1124 3944; x_wconf 81' lang='lat' dir='ltr'>oiv</span> <span class='ocrx_word' id='word_1_421' title='bbox 1142 3887 1227 3954; x_wconf 73' lang='grc' dir='ltr'>αὐτὸς</span> <span class='ocrx_word' id='word_1_422' title='bbox 1240 3887 1358 3962; x_wconf 79' lang='grc' dir='ltr'>ἥκουσα</span> <span class='ocrx_word' id='word_1_423' title='bbox 1373 3897 1423 3950; x_wconf 75' lang='lat' dir='ltr'>sci</span> 
     </span>
     <span class='ocr_line' id='line_1_42' title="bbox 276 3949 1423 4034; baseline 0.01 -29"><span class='ocrx_word' id='word_1_424' title='bbox 276 3960 336 4014; x_wconf 81' lang='grc' dir='ltr'>τοῖς</span> <span class='ocrx_word' id='word_1_425' title='bbox 349 3949 475 4034; x_wconf 61' lang='grc' dir='ltr'>ἄλλοθέν</span> <span class='ocrx_word' id='word_1_426' title='bbox 492 3959 587 4009; x_wconf 79' lang='grc' dir='ltr'>ποθεν</span> <span class='ocrx_word' id='word_1_427' title='bbox 602 3951 664 4022; x_wconf 71' lang='grc' dir='ltr'>ἐμοὶ</span> <span class='ocrx_word' id='word_1_428' title='bbox 681 3951 921 4025; x_wconf 72' lang='grc' dir='ltr'>α’παγγέλλουσιν·</span> <span class='ocrx_word' id='word_1_429' title='bbox 944 3953 982 4020; x_wconf 77' lang='grc' dir='ltr'>ὡς</span> <span class='ocrx_word' id='word_1_430' title='bbox 996 3953 1024 4013; x_wconf 76' lang='grc' dir='ltr'>δ’</span> <span class='ocrx_word' id='word_1_431' title='bbox 1038 3951 1076 4013; x_wconf 71' lang='grc' dir='ltr'>οἷν</span> <span class='ocrx_word' id='word_1_432' title='bbox 1089 3955 1210 4013; x_wconf 77' lang='grc' dir='ltr'>ἐδόκουν</span> <span class='ocrx_word' id='word_1_433' title='bbox 1223 3954 1286 4028; x_wconf 66' lang='grc' dir='ltr'>ἐμοὶ</span> <span class='ocrx_word' id='word_1_434' title='bbox 1300 3959 1423 4018; x_wconf 71' lang='grc' dir='ltr'>ἕκαστοι</span> 
     </span>
     <span class='ocr_line' id='line_1_43' title="bbox 276 4019 1424 4107; baseline 0.009 -33"><span class='ocrx_word' id='word_1_435' title='bbox 276 4020 343 4086; x_wconf 73' lang='grc' dir='ltr'>περὶ</span> <span class='ocrx_word' id='word_1_436' title='bbox 361 4023 416 4073; x_wconf 75' lang='grc' dir='ltr'>ταῖν</span> <span class='ocrx_word' id='word_1_437' title='bbox 434 4019 481 4100; x_wconf 74' lang='lat' dir='ltr'>psi</span> <span class='ocrx_word' id='word_1_438' title='bbox 498 4022 646 4104; x_wconf 69' lang='lat' dir='ltr'>uupquurv</span> <span class='ocrx_word' id='word_1_439' title='bbox 664 4021 697 4077; x_wconf 85' lang='lat' dir='ltr'>roi</span> <span class='ocrx_word' id='word_1_440' title='bbox 712 4023 815 4078; x_wconf 73' lang='grc' dir='ltr'>δέοντα</span> <span class='ocrx_word' id='word_1_441' title='bbox 827 4020 940 4093; x_wconf 76' lang='grc' dir='ltr'>μάλιστ’</span> <span class='ocrx_word' id='word_1_442' title='bbox 953 4025 1058 4093; x_wconf 75' lang='grc' dir='ltr'>εἰπεῖν,</span> <span class='ocrx_word' id='word_1_443' title='bbox 1079 4022 1202 4107; x_wconf 60' lang='grc' dir='ltr'>ἐχομένῳ</span> <span class='ocrx_word' id='word_1_444' title='bbox 1215 4019 1256 4081; x_wconf 80' lang='grc' dir='ltr'>ὅτι</span> <span class='ocrx_word' id='word_1_445' title='bbox 1272 4021 1424 4098; x_wconf 70' lang='grc' dir='ltr'>ἐγγύτατα</span> 
     </span>
     <span class='ocr_line' id='line_1_44' title="bbox 276 4088 1423 4164; baseline 0.01 -25"><span class='ocrx_word' id='word_1_446' title='bbox 276 4091 326 4156; x_wconf 77' lang='grc' dir='ltr'>τῆς</span> <span class='ocrx_word' id='word_1_447' title='bbox 345 4089 493 4156; x_wconf 64' lang='lat' dir='ltr'>§sunnone</span> <span class='ocrx_word' id='word_1_448' title='bbox 514 4109 626 4159; x_wconf 78' lang='grc' dir='ltr'>γνωμης</span> <span class='ocrx_word' id='word_1_449' title='bbox 647 4093 702 4144; x_wconf 73' lang='grc' dir='ltr'>τῶν</span> <span class='ocrx_word' id='word_1_450' title='bbox 722 4088 840 4161; x_wconf 74' lang='grc' dir='ltr'><strong><em>ἀληθῶς</em></strong></span> <span class='ocrx_word' id='word_1_451' title='bbox 861 4091 1035 4163; x_wconf 74' lang='grc' dir='ltr'>λεχθέντων,</span> <span class='ocrx_word' id='word_1_452' title='bbox 1058 4113 1146 4156; x_wconf 76' lang='lat' dir='ltr'>ouroc</span> <span class='ocrx_word' id='word_1_453' title='bbox 1170 4096 1291 4163; x_wconf 72' lang='lat' dir='ltr'>eloquor.</span> <span class='ocrx_word' id='word_1_454' title='bbox 1336 4103 1423 4164; x_wconf 72' lang='lat' dir='ltr'>Quae</span> 
     </span>
     <span class='ocr_line' id='line_1_45' title="bbox 276 4159 1423 4232; baseline 0.01 -25"><span class='ocrx_word' id='word_1_455' title='bbox 276 4175 357 4222; x_wconf 81' lang='lat' dir='ltr'>quam</span> <span class='ocrx_word' id='word_1_456' title='bbox 377 4159 680 4227; x_wconf 84' lang='lat' dir='ltr'>silenosintedeoque</span> <span class='ocrx_word' id='word_1_457' title='bbox 699 4165 905 4226; x_wconf 64' lang='lat' dir='ltr'>contrahatis,</span> <span class='ocrx_word' id='word_1_458' title='bbox 929 4181 999 4230; x_wconf 84' lang='lat' dir='ltr'>quoe</span> <span class='ocrx_word' id='word_1_459' title='bbox 1017 4167 1089 4232; x_wconf 84' lang='lat' dir='ltr'>epnd</span> <span class='ocrx_word' id='word_1_460' title='bbox 1101 4167 1268 4217; x_wconf 85' lang='lat' dir='ltr'>Herodotum</span> <span class='ocrx_word' id='word_1_461' title='bbox 1287 4169 1423 4221; x_wconf 83' lang='lat' dir='ltr'>obtinere</span> 
     </span>
     <span class='ocr_line' id='line_1_46' title="bbox 276 4227 1424 4300; baseline 0.01 -24"><span class='ocrx_word' id='word_1_462' title='bbox 276 4227 411 4284; x_wconf 87' lang='lat' dir='ltr'>videmus,</span> <span class='ocrx_word' id='word_1_463' title='bbox 430 4229 490 4291; x_wconf 93' lang='lat' dir='ltr'>qui,</span> <span class='ocrx_word' id='word_1_464' title='bbox 503 4230 542 4278; x_wconf 91' lang='lat' dir='ltr'>uti</span> <span class='ocrx_word' id='word_1_465' title='bbox 555 4229 606 4280; x_wconf 90' lang='lat' dir='ltr'>hoo</span> <span class='ocrx_word' id='word_1_466' title='bbox 620 4237 694 4292; x_wconf 80' lang='lat' dir='ltr'>trtsr,</span> <span class='ocrx_word' id='word_1_467' title='bbox 709 4233 808 4282; x_wconf 84' lang='lat' dir='ltr'>Persas</span> <span class='ocrx_word' id='word_1_468' title='bbox 822 4233 989 4284; x_wconf 83' lang='lat' dir='ltr'>Graecorum</span> <span class='ocrx_word' id='word_1_469' title='bbox 1002 4235 1037 4284; x_wconf 83' lang='lat' dir='ltr'>etl</span> <span class='ocrx_word' id='word_1_470' title='bbox 1050 4251 1150 4286; x_wconf 88' lang='lat' dir='ltr'>morem</span> <span class='ocrx_word' id='word_1_471' title='bbox 1163 4250 1316 4300; x_wconf 84' lang='lat' dir='ltr'>sensusque</span> <span class='ocrx_word' id='word_1_472' title='bbox 1329 4241 1424 4288; x_wconf 81' lang='lat' dir='ltr'>verbe</span> 
     </span>
     <span class='ocr_line' id='line_1_47' title="bbox 277 4294 1425 4368; baseline 0.01 -25"><span class='ocrx_word' id='word_1_473' title='bbox 277 4294 414 4344; x_wconf 84' lang='lat' dir='ltr'>iacientes</span> <span class='ocrx_word' id='word_1_474' title='bbox 437 4295 556 4356; x_wconf 81' lang='lat' dir='ltr'>induxit,</span> <span class='ocrx_word' id='word_1_475' title='bbox 582 4313 633 4362; x_wconf 91' lang='lat' dir='ltr'>qno</span> <span class='ocrx_word' id='word_1_476' title='bbox 656 4299 725 4350; x_wconf 83' lang='lat' dir='ltr'>irene</span> <span class='ocrx_word' id='word_1_477' title='bbox 747 4301 838 4350; x_wconf 87' lang='lat' dir='ltr'>omnin</span> <span class='ocrx_word' id='word_1_478' title='bbox 856 4301 970 4350; x_wconf 79' lang='lat' dir='ltr'>Graecis</span> <span class='ocrx_word' id='word_1_479' title='bbox 987 4303 1142 4368; x_wconf 81' lang='lat' dir='ltr'>legentibus</span> <span class='ocrx_word' id='word_1_480' title='bbox 1160 4305 1425 4357; x_wconf 77' lang='lat' dir='ltr'>eccornnrodetiors</span> 
     </span>
    </p>
   </div>
   <div class='ocr_carea' id='block_1_4' title="bbox 276 4363 1423 4492">
    <p class='ocr_par' dir='ltr' id='par_1_7' title="bbox 276 4363 1423 4492">
     <span class='ocr_line' id='line_1_48' title="bbox 277 4363 1423 4478; baseline 0.013 -68"><span class='ocrx_word' id='word_1_481' title='bbox 277 4366 370 4478; x_wconf 63' lang='lat' dir='ltr'>oseqnt</span> <span class='ocrx_word' id='word_1_482' title='bbox 381 4363 521 4444; x_wconf 73' lang='lat' dir='ltr'>magisque</span> <span class='ocrx_word' id='word_1_483' title='bbox 534 4365 685 4430; x_wconf 78' lang='lat' dir='ltr'>placituro,</span> <span class='ocrx_word' id='word_1_484' title='bbox 700 4383 778 4422; x_wconf 84' lang='lat' dir='ltr'>nemo</span> <span class='ocrx_word' id='word_1_485' title='bbox 790 4383 843 4420; x_wconf 90' lang='lat' dir='ltr'>non</span> <span class='ocrx_word' id='word_1_486' title='bbox 854 4368 985 4433; x_wconf 76' lang='lat' dir='ltr'>intelligit</span> <span class='ocrx_word' id='word_1_487' title='bbox 997 4387 1049 4422; x_wconf 88' lang='lat' dir='ltr'>neo</span> <span class='ocrx_word' id='word_1_488' title='bbox 1062 4387 1129 4437; x_wconf 89' lang='lat' dir='ltr'>opus</span> <span class='ocrx_word' id='word_1_489' title='bbox 1142 4372 1195 4422; x_wconf 86' lang='lat' dir='ltr'>orit</span> <span class='ocrx_word' id='word_1_490' title='bbox 1207 4371 1333 4437; x_wconf 89' lang='lat' dir='ltr'>pluribus</span> <span class='ocrx_word' id='word_1_491' title='bbox 1348 4375 1423 4424; x_wconf 82' lang='lat' dir='ltr'>hsec</span> 
     </span>
     <span class='ocr_line' id='line_1_49' title="bbox 276 4444 411 4492; baseline 0.007 -14"><span class='ocrx_word' id='word_1_492' title='bbox 276 4444 324 4490; x_wconf 82' lang='lat' dir='ltr'>per</span> <span class='ocrx_word' id='word_1_493' title='bbox 340 4445 411 4492; x_wconf 80' lang='lat' dir='ltr'>equi.</span> 
     </span>
    </p>
   </div>
   <div class='ocr_carea' id='block_1_5' title="bbox 0 0 1497 4978">
    <p class='ocr_par' dir='ltr' id='par_1_8' title="bbox 0 0 1497 4978">
     <span class='ocr_line' id='line_1_50' title="bbox 0 0 1497 4978; baseline 0 0"><span class='ocrx_word' id='word_1_494' title='bbox 0 0 1497 4978; x_wconf 95' lang='lat' dir='ltr'> </span> 
     </span>
    </p>
   </div>
  </div>
 </body>
</html>
