3066 4964
219 407 281 468 344
655 400 919 462 HERODOTI

217 569 330 654 ἁλέας·
355 575 410 642 καὶ
426 569 598 659 Ἀθηναῖοι
616 569 693 652 τούς
712 574 848 642 ἑωυτῶν
864 566 964 662 ὁμοῦ,
984 574 1039 642 καὶ
1056 575 1230 662 Μεγαρέες
1246 601 1282 643 τε
1300 577 1356 644 καὶ

220 672 371 746 Φλιάσιοι
388 671 465 754 τούς
482 668 548 742 ὑπὸ
572 677 629 761 τῆς
651 678 756 742 ἰ’ππον
781 676 1042 762 διαφθαρέντας·
1078 671 1207 744 τούτων
1228 675 1290 764 μέν
1314 673 1356 763 δὴ

218 773 354 845 πάντων
372 771 512 863 πλήρεες
533 776 684 862 ἐγένοντο
705 777 740 842 oi
760 771 868 862 τάφοι.
911 777 984 844 Teio
1010 775 1046 846 δὲ
1070 771 1181 846 ἄλλων
1203 772 1276 846 ὅσοι
1300 779 1355 846 καὶ

218 863 395 964 (μαίνονται
421 877 456 944 έν
480 878 667 964 Πλαταιῇσι
696 871 804 954 έόντες
831 873 946 964 τάφοι,
975 872 1112 956 τούτους
1138 877 1190 966 di,
1219 872 1263 958 ὥς
1293 874 1355 965 ἐγώ

218 964 444 1065 πυνθάνομαι,
464 977 764 1064 ἐπαισχυνομένους
781 982 821 1067 τῇ
833 972 972 1046 ἀπεστοῖ
986 980 1043 1065 τῆς
1057 975 1172 1066 μάχης,
1193 976 1350 1058 ἑκάστους
1358 998 1411 1050 731

218 1077 350 1168 χώματα
376 1079 479 1166 χρῖσαι
507 1073 617 1164 κεινὰ,
645 1079 713 1146 τοῖν
736 1075 975 1166 ’ἐπιγινομένων
1005 1083 1132 1148 εἵνεκεν
1154 1075 1355 1169 ἀνθρώπων.

219 1247 262 1292 est
283 1241 373 1302 fecto3
397 1241 430 1290 dc
452 1241 586 1292 Callicrate
606 1241 660 1292 vid.
678 1255 762 1306 supra
813 1243 959 1306 cetpsreti
971 1242 999 1290 in
1013 1242 1074 1292 scie
1085 1243 1266 1304 constiterint,
1281 1247 1357 1294 certe

217 1311 265 1372 IX,
279 1309 321 1358 tt.
340 1335 372 1343 -
394 1309 426 1357 ln
443 1324 518 1373 seqq.
538 1309 571 1359 de
591 1324 658 1358 voce
676 1301 761 1366 ἁλέας
813 1316 919 1374 portem
937 1309 1074 1374 quendem
1096 1310 1202 1376 gloriae
1221 1311 1275 1360 sibi
1294 1327 1357 1376 qno-

219 1377 256 1426 ci.
269 1383 339 1426 nott.
354 1377 388 1426 nd
402 1377 423 1437 1,
441 1375 496 1426 133.
814 1393 865 1441 que
878 1377 1021 1427 vindicare
1033 1377 1162 1438 voluisse,
1179 1378 1297 1442 indeque
1311 1393 1357 1428 eo-

252 1440 301 1493 ναὶ
312 1433 457 1507 Ἀθηναῖοι
471 1436 536 1500 τούς
550 1433 662 1493 ἑωυτῶν
675 1433 760 1509 ὁμοῦ]
813 1459 884 1504 rum,
903 1445 989 1508 quiin
1008 1445 1069 1510 ipse
1086 1461 1178 1512 pugne
1195 1446 1357 1504 ceciderint,

218 1513 279 1561 Hoc
303 1511 389 1574 igitur
411 1511 484 1570 ioco,
510 1515 539 1560 nt
563 1511 646 1576 poulo
670 1519 761 1568 antes,
814 1513 1082 1562 monumentsssui
1092 1513 1253 1562 civitatibus
1263 1519 1358 1563 erecte

219 1579 400 1628 Athenienses
422 1580 563 1643 inpugna
585 1593 683 1628 caesos
700 1593 763 1628 suos
815 1594 875 1628 curn
897 1579 1035 1642 viderent,
1061 1580 1165 1630 similis
1181 1585 1358 1632 monuments

219 1659 303 1710 prope
321 1644 452 1694 l‘intnees
476 1660 582 1710 quoqne
600 1645 762 1710 sepelivisse
815 1661 837 1694 s.
856 1646 1021 1710 cenotaphia
1044 1649 1179 1708 erexisse,
1206 1664 1240 1697 ne
1259 1648 1356 1712 pertis,

219 1713 322 1761 diserte
332 1711 466 1770 dicuntur,
479 1712 605 1776 idemque
616 1713 699 1762 etiam
709 1717 763 1761 tra·
815 1728 895 1778 quum
914 1714 943 1762 in
957 1713 1078 1763 Graecis
1089 1714 1235 1765 liberando
1246 1715 1357 1764 habuis·

220 1778 261 1827 dit
277 1779 431 1828 Pausanias
450 1779 499 1828 1.1.
530 1780 717 1842 Thucydidem
738 1781 762 1828 si
814 1786 884 1840 sent,
898 1779 1036 1846 etglorise
1049 1782 1112 1832 inde
1127 1783 1162 1832 nb
1172 1784 1247 1846 ipsos
1259 1782 1357 1832 redun-

220 1845 362 1895 audiemus
376 1846 410 1906 11,
418 1843 461 1908 34,
474 1846 657 1904 Athenienses
670 1847 697 1895 in
711 1845 761 1896 Ge·
814 1847 905 1897 dentis
918 1863 1027 1912 prorsus
1040 1854 1167 1914 expertes
1179 1849 1356 1900 haberentur.

219 1913 323 1962 rnmico
337 1927 398 1972 eos,
418 1915 463 1977 qui
477 1914 543 1963 ioris
557 1915 585 1962 in
599 1913 671 1962 bello
689 1915 761 1962 ceci·
813 1915 887 1964 —In
904 1915 994 1965 verbis
1010 1915 1145 1966 Herodoti
1161 1931 1220 1965 mox
1234 1932 1282 1981 pro
1295 1911 1359 1966 sori·

220 1979 329 2040 derant,
356 1979 549 2042 condiderunt,
574 1981 607 2030 iis
629 1979 695 2032 solis
717 1996 762 2030 ex·
813 1995 878 2038 τους
897 1974 933 2046 δὴ
949 1997 1010 2030 cum
1029 1989 1146 2032 recentt.
1168 1983 1228 2032 edd.
1247 1985 1359 2047 reposui

220 2047 321 2112 ceptis,
345 2047 391 2111 qui
413 2047 447 2095 ad
468 2047 659 2097 Marathonem
681 2062 761 2098 occu·
815 2042 932 2105 τούτους
944 2041 984 2109 tt,
997 2049 1045 2099 ubi
1056 2051 1167 2114 ponitur
1176 2050 1315 2115 partionis
1324 2043 1358 2100 di

219 2115 345 2164 buerant.
376 2113 455 2175 Quod
473 2114 560 2163 minus
579 2119 709 2164 accurate
722 2115 762 2164 di·
815 2116 859 2166 vel
871 2117 961 2182 potius
974 2117 1109 2181 repetitur
1121 2132 1181 2166 eum
1196 2119 1224 2166 in
1238 2118 1356 2178 modum,

220 2187 292 2231 ctum
306 2195 366 2230 esse
377 2186 450 2246 puto,
466 2195 525 2230 cum
536 2181 613 2230 nulls
622 2183 659 2230 sit
670 2197 763 2244 censs,
815 2199 867 2247 quo
885 2199 968 2248 supra
980 2184 1027 2246 IX,
1040 2183 1082 2245 63,
1101 2184 1148 2232 nbi
1160 2185 1216 2234 sid.
1230 2189 1312 2240 nott:
1330 2191 1359 2234 et

220 2263 268 2299 cnr
291 2248 433 2298 Herodoto
457 2249 587 2298 minorem
612 2249 763 2298 bnhenmus
815 2251 888 2303 coni.
902 2249 1082 2311 etinml,143.
1096 2249 1171 2310 1126
1183 2251 1276 2315 ibique
1288 2257 1357 2302 nott

218 2315 309 2376 fidem,
323 2317 369 2380 qui
382 2316 520 2380 regionem
528 2315 722 2366 Plataeensem
736 2313 764 2365 e't
815 2317 893 2393 Quae
910 2323 1073 2382 sequuntur,
1098 2309 1359 2383 ἐπαισχυνομένους

218 2385 279 2450 ipse
292 2383 474 2448 perlustrasse
492 2383 645 2434 censendus
662 2389 704 2433 est
716 2399 762 2433 en·
814 2383 848 2448 τῇ
869 2387 990 2434 απεστοι·
1009 2385 1043 2448 (i.
1064 2401 1087 2435 e.
1110 2401 1163 2435 curn
1178 2387 1287 2450 puderet
1303 2401 1356 2448 eos,

219 2467 271 2517 qne
294 2451 377 2500 etiem
400 2457 524 2510 enarrat,
555 2466 625 2516 quse
647 2455 762 2500 netnrne
814 2453 883 2518 qnod
910 2468 926 2499 α
952 2469 1038 2515 pnpna
1064 2451 1237 2517 abfuissent),
1268 2454 1359 2518 tangit

218 2520 336 2568 maxime
350 2523 539 2568 consentanee
552 2535 586 2568 so
598 2517 763 2568 verisimilis
813 2517 965 2568 Blomficld.
984 2519 1104 2570 Glosssr.
1130 2521 1165 2570 sd
1182 2519 1312 2584 Aeschyli
1329 2521 1357 2571 S.

218 2587 353 2637 videntur.
374 2585 614 2652 QuereKruegero
628 2585 761 2636 secedere
815 2602 838 2635 c.
852 2585 903 2634 Th.
920 2585 964 2634 171
984 2587 1017 2635 ob
1035 2603 1129 2637 vocem
1143 2577 1268 2644 ἀπεστὼ,
1287 2603 1357 2654 quse

219 2653 303 2702 nolim
323 2651 471 2717 (Philolog.
483 2654 546 2702 hist.
561 2653 637 2704 Stud.
651 2653 671 2700 1.
690 2669 716 2718 p.
730 2651 763 2700 to
815 2652 915 2702 Suidee
932 2653 953 2702 I.
972 2670 998 2720 p.
1017 2653 1066 2702 257
1086 2656 1230 2720 exponitur
1246 2649 1357 2720 ἀποδρ-

219 2721 394 2835 illslnlii
410 2720 493 2835 titt
513 2719 763 2836 ttttttltt
813 2717 1357 2840 tttn⁶1³⁶tthll⁰titztttitt·

218 2852 279 2902 tolli
296 2867 377 2916 posse
395 2801 545 2914 extitimnt,
568 2803 763 2902 utyhthenien·
815 2826 942 2930 quonism
967 2804 1182 2932 npudgHbsych.
1207 2858 1227 2906 1.
1258 2875 1282 2923 p.
1307 2827 1358 2906 441

221 2920 293 2968 sium
306 2917 507 2982 cenotaphium,
523 2921 594 2984 qnod
607 2921 762 2972 Herodotus
814 2917 951 2980 απεστύς·
975 2917 1164 2988 αποχιόρησις.
1196 2925 1239 2974 De
1262 2925 1356 2975 huius·

220 2986 291 3035 forte
305 2986 333 3034 in
342 2985 458 3049 planitie
472 2986 580 3048 viderit,
594 3003 623 3036 re
636 3003 703 3038 vern
717 3005 762 3038 ex·
815 2989 885 3039 modi
898 2990 1051 3041 nominibus
1063 2991 1119 3040 vid.
1129 2996 1198 3041 nott.
1211 2991 1246 3040 sd
1258 2991 1357 3053 itinn.

219 3053 335 3110 stiterit,
356 3067 444 3116 neque
463 3069 527 3103 vero
544 3055 607 3118 ipss
625 3055 762 3106 cadavere
848 3049 963 3121 χώματα
982 3057 1069 3122 χρῖσαι
1085 3051 1179 3122 κεινὰ]
1199 3058 1278 3108 Coni.
1296 3059 1357 3108 Sui-

220 3120 396 3170 continnerit.
815 3125 865 3173 dns
888 3125 919 3172 Τ.
946 3125 996 3174 111.
1022 3141 1085 3201 pag.
1103 3123 1162 3174 681.
1198 3127 1251 3176 Pro
1274 3119 1356 3177 κεινὰ

252 3185 309 3236 τῶν
333 3179 365 3236 δὲ
388 3176 481 3236 ἄλλων
510 3203 535 3238 ιι.
559 3204 582 3238 τ.
608 3187 647 3254 t]
677 3191 764 3240 Adert
814 3191 885 3241 mole
904 3191 1074 3242 ο11ιυιιοινα.
1104 3193 1173 3242 Sunt
1191 3195 1262 3242 enim
1277 3209 1358 3244 ceno·

218 3253 489 3305 Pseudo-Plutarch.
512 3256 548 3304 11.
572 3273 636 3322 pag.
657 3255 707 3306 872
729 3257 759 3306 F.
813 3258 910 3322 tophis
922 3275 1012 3318 υαοιια,
1026 3262 1119 3320 inania,
1134 3261 1163 3310 iu
1174 3261 1358 3325 quihusnnlls

220 3322 297 3384 Quae
322 3323 394 3372 enim
415 3322 441 3373 h.
460 3323 478 3372 l.
503 3323 601 3373 Noster
625 3326 759 3385 enuntiet,
813 3327 906 3374 insunt
922 3341 994 3376 ossa.
1024 3327 1085 3376 Vid.
1098 3327 1262 3392 wesseling.
1280 3330 1355 3379 Dies.

219 3389 368 3440 cobserent
382 3405 441 3440 oum
456 3406 490 3440 os
502 3393 651 3450 sententis,
666 3408 698 3441 ex
708 3407 761 3457 qun
812 3393 915 3442 Herod.
929 3393 979 3444 VII
992 3395 1052 3444 init.
1067 3412 1092 3460 p.
1102 3393 1144 3445 63.
1168 3395 1210 3444 Tu
1223 3395 1276 3444 vid.
1292 3396 1357 3446 ure-

219 3459 336 3522 quinqne
349 3463 454 3508 tentum
473 3463 570 3523 gentes
583 3459 760 3520 Graecorum,
812 3461 872 3510 dov.
890 3476 955 3526 pag.
977 3461 1025 3510 150
1041 3463 1074 3512 de
1092 3463 1181 3512 forms
1197 3462 1359 3513 Herodotes

219 3539 289 3589 qnae
302 3525 327 3574 h.
342 3525 359 3573 l.
379 3525 482 3575 diserte
496 3526 683 3591 appellantur,
706 3527 760 3592 ipsi
812 3521 907 3585 κεινὸς
930 3544 979 3594 pro
1002 3521 1091 3585 κενός.
1128 3529 1246 3578 Verbum
1268 3527 1358 3594 χῶσαι

218 3607 326 3657 pugnes
341 3593 498 3642 interfuisse
510 3594 712 3643 existimantur:
727 3595 760 3644 de
813 3596 905 3644 tritum
930 3595 958 3644 in
982 3595 1095 3644 tumulis
1119 3599 1193 3645 terrlt
1218 3599 1358 3660 congestis

219 3673 273 3722 qun
287 3659 341 3708 vid.
355 3665 423 3709 nott.
438 3661 472 3709 ad
486 3660 582 3720 1x‚71.
601 3663 701 3711 Errore
715 3662 760 3710 de·
813 3661 1358 3730 notatWesseling.citansEurip.1phig.

219 3730 326 3788 ceptum
345 3741 405 3776 esse
420 3728 586 3777 Herodotum
598 3729 763 3778 Muenscher
813 3729 896 3778 Teur.
915 3728 1139 3780 tetenstete.
1167 3731 1207 3779 'ru
1226 3731 1280 3781 vid.
1299 3731 1357 3782 He·

219 3791 271 3850 (De
285 3792 359 3840 rebh.
374 3793 546 3844 Pletneenss.
560 3811 586 3859 p.
600 3793 643 3855 61)
657 3797 762 3846 indicat
812 3795 898 3846 rodet.
912 3797 934 3858 1,
950 3795 1005 3845 tot.
1019 3797 1055 3856 11,
1070 3796 1127 3847 137.
1142 3797 1187 3858 IV,
1199 3798 1229 3848 71
1244 3803 1272 3848 et
1285 3813 1357 3863 quse

219 3855 336 3920 indeque
360 3859 393 3907 de
418 3864 458 3908 tot
481 3862 654 3927 cenotaphiis
684 3864 760 3912 illurn
813 3863 847 3912 cd
866 3863 914 3913 hos
932 3863 1007 3912 locos
1026 3863 1113 3914 eliste
1130 3869 1203 3914 sunt.
1228 3891 1260 3900 —
1284 3867 1357 3917 Ante

219 3923 759 3991 somniassevnltquemqnnm,eithlnen·
812 3929 930 3980 sitorum
957 3923 1132 3995 Αἰγινητέων
1159 3932 1261 3982 inserui
1290 3931 1357 3996 τῶν,

219 3988 313 4049 schor,
338 3991 504 4056 cenotaphia
523 4011 627 4059 quoqne
646 3996 759 4046 chls·
812 3997 884 4062 qnod
915 4012 1002 4062 seque
1032 3997 1111 4048 deest
1140 3999 1169 4047 in
1199 4000 1356 4062 Schssieri,

220 4059 300 4103 tsess
314 4057 453 4107 exstitisse
467 4059 539 4109 hend
557 4064 615 4111 veri
629 4063 761 4113 dissimile
813 4065 924 4126 Mntth.‚
948 4063 1070 4114 Behkeri
1095 4071 1123 4114 et
1145 4066 1277 4116 Dindordi
1299 4069 1357 4117 edi-

221 4125 270 4170 est.
295 4122 383 4182 Quem
401 4125 429 4173 in
446 4141 501 4174 rem
516 4133 591 4178 recte
610 4130 689 4179 nobis
706 4147 762 4180 mo·
813 4133 947 4194 tionibus,
975 4132 1023 4182 sed
1042 4137 1118 4182 recte
1137 4131 1258 4182 additum
1277 4139 1321 4184 est
1340 4151 1358 4186 s

219 4189 761 4257 nerevideturGrotefflistoryoitireece
813 4199 968 4249 Dietschio.
991 4199 1068 4260 Quae
1082 4205 1238 4264 sequuntur,
1252 4205 1358 4254 tractet

220 4253 253 4303 V.
267 4271 293 4319 p.
306 4253 380 4318 249),
395 4257 513 4324 reliquos
528 4261 661 4324 Graecos,
677 4265 763 4328 quiin
812 4265 1073 4316 Pseudo-Plutarch.
1092 4267 1129 4316 Il.
1149 4283 1176 4332 p.
1189 4265 1238 4318 873
1250 4267 1282 4318 A.
1312 4270 1358 4320 De

220 4323 309 4388 ipssm
322 4337 441 4388 pugnem
454 4325 571 4391 ingressi
583 4343 637 4378 non
650 4331 716 4392 siut,
731 4331 762 4380 li·
813 4347 881 4382 voce
894 4325 1047 4396 πρόξεινον
1065 4334 1138 4384 οου1.
1151 4339 1218 4386 nott.
1233 4335 1268 4386 sd
1282 4336 1358 4399 vni,
