3026 4970
263 445 326 505 254

696 435 966 498 HERODOTI

262 609 345 680 dita
363 611 418 680 καὶ
437 605 660 700 εάῦδρότερος.
698 612 730 689 ἐς
756 612 874 679 τοῦτον
902 606 943 696 δή
969 605 1027 678 τὸν
1052 611 1160 697 χοῖρον
1187 611 1241 678 καὶ
1270 611 1322 678 ἐπὶ
1340 606 1402 696 τήν

262 711 390 802 κρήνην
407 708 468 800 τήν
486 718 701 800 Γαργαφίην,
719 707 782 797 τήν
800 714 832 790 ἐς
850 712 897 801 τῷ
913 707 1009 802 χοίρῳ
1027 707 1133 801 τούτῳ
1153 711 1291 798 ἐοῦσαν,
1311 715 1405 793 ἔδοξέ

262 835 323 902 σφι
341 810 448 904 χρεάν
472 810 558 882 εἶναι
580 807 776 898 ἀπικέσθαι,
804 813 859 880 καὶ
884 813 1121 899 διαταχθέντας
1144 810 1401 899 στρατοπεδεύε-

261 927 352 986 σθαι.
387 910 623 1001 Ἀναίαβόντες
651 913 688 982 δὲ
713 909 753 982 τά
778 908 863 982 ὅπλα
890 908 988 1000 ἤϊσαν
1015 909 1070 982 διά
1093 915 1150 1000 τῆς
1174 907 1318 1001 διτορίης
1342 917 1403 982 τοι]

261 1019 474 1105 Κιθαιρῶνος
492 1011 581 1104 τταρά
594 1009 706 1094 Ὑσιάς
726 1017 757 1095 ἐς
776 1010 837 1101 τήν
855 1019 1043 1082 Πλαταιΐδα
1060 1016 1132 1101 γῆν·
1150 1009 1345 1104 ἀπικόμενοι
1365 1015 1402 1083 δὲ

263 1115 437 1188 ἐτάσσοντο
464 1113 547 1186 κατά
574 1121 676 1186 ἔθνεα
703 1123 844 1202 πλησίον
861 1117 920 1202 τῆς
938 1142 973 1184 τε
991 1112 1114 1204 κρήνης
1131 1118 1189 1203 τῆς
1207 1123 1402 1205 Γαργαφίης

261 1221 316 1289 καὶ
334 1221 395 1290 τοῦ
412 1221 563 1308 τεμένεος
580 1221 641 1288 τοῦ
654 1213 909 1306 Ἀνδροκράτεος
927 1219 987 1285 τού
1004 1211 1128 1306 ἥρωος,
1156 1214 1212 1286 διά
1234 1214 1349 1306 ὄχθων
1366 1245 1401 1286 τε

266 1457 271 1466 .
296 1408 342 1466 lut
359 1409 412 1482 τήν
430 1407 540 1482 κρήνην
551 1405 604 1481 τήν
618 1410 802 1478 Γαργαφίην]

260 1485 333 1533 Fons
347 1484 411 1544 iste,
431 1486 508 1534 euius
521 1485 623 1533 mentio
636 1497 742 1547 quoque
756 1481 802 1542 ῙΧ,

260 1550 302 1600 43.
316 1551 358 1600 53.
375 1553 408 1600 52
426 1565 553 1601 occasum
570 1566 665 1600 versus
683 1552 717 1599 ab
736 1550 804 1611 Ery-

261 1618 328 1668 thris
353 1619 527 1684 prosiliebat;
551 1619 622 1668 unde
648 1633 720 1682 aqua
740 1617 803 1666 Pla-

261 1691 341 1736 taeas
375 1701 470 1736 versus
499 1687 552 1735 luit
583 1686 701 1734 deducta
732 1688 803 1734 teste

260 1754 380 1803 Pansan.
395 1755 447 1814 lx,
461 1755 486 1806 4.
499 1755 522 1814 ἕ.
536 1753 566 1814 3,
579 1750 626 1801 ubi
639 1752 693 1802 vid.
707 1751 803 1800 Siebe·

260 1821 304 1871 lis.
324 1821 392 1870 aad.
407 1821 436 1870 Ο.
450 1820 484 1870 0.
497 1820 625 1870 Mueller:
640 1819 803 1868 Orchomen.

261 1906 287 1954 p.
300 1887 350 1938 483
360 1887 424 1938 οοΙΙ.
434 1888 508 1940 Gaii.
518 1889 557 1937 Le
570 1886 664 1952 philol.
674 1886 705 1935 V.
717 1903 742 1952 p.
753 1884 804 1936 339

260 1971 333 2020 seq,
346 1957 454 2020 Unger:
472 1955 606 2006 Paradox.
621 1953 725 2003 Thebb.
738 1969 804 2018 pag.

260 2023 324 2084 373,
341 2023 518 2073 Muenscher:
543 2023 585 2071 De
601 2021 677 2071 rebla
691 2020 803 2071 Platae·

261 2107 333 2141 ensa.
347 2107 411 2156 pag.
424 2091 449 2140 7.
485 2091 573 2140 Hicce
592 2090 668 2151 lons,
688 2091 734 2152 qni
748 2089 803 2136 He-

260 2159 355 2209 rodoto
371 2163 443 2208 teste
457 2158 519 2218 (IX.
533 2157 576 2220 51)
594 2157 689 2206 decem
706 2155 804 2205 stadiis

261 2227 359 2276 aberat
376 2226 409 2275 ab
430 2225 518 2276 oeroe
537 2241 569 2274 ac
587 2225 687 2304 viginti
706 2223 804 2273 stadiis

260 2294 323 2357 (IX,
337 2293 381 2358 52)
400 2293 434 2342 ab
448 2293 557 2342 Heraea
569 2293 643 2342 urbis
655 2291 803 2341 Plataeen-

259 2363 312 2424 sia‚
336 2362 384 2411 ubi
409 2362 478 2411 situs
503 2361 599 2424 luerit,
626 2360 649 2410 si
673 2373 802 2424 quaeras,

258 2445 344 2495 prope
355 2429 534 2480 Androcratis
548 2429 640 2478 lanum
653 2427 728 2478 ilium
742 2441 803 2492 pre-

259 2498 382 2559 siluisse,
398 2497 495 2547 eadem
507 2497 600 2546 Nostri
612 2495 698 2546 verba
710 2493 803 2543 decla-

259 2581 320 2614 rare
344 2565 484 2616 videntur:
508 2563 686 2613 Androaratis
712 2567 802 2610 autern

260 2635 353 2683 faniam
377 2637 448 2682 teste
466 2631 625 2694 Thucydide
643 2631 699 2690 111,
718 2629 751 2677 ’24
769 2628 803 2677 sd

259 2701 382 2750 dextram
408 2700 470 2749 viae
495 2699 530 2748 ab
554 2698 621 2746 urbe
642 2696 803 2746 Plataeensi

259 2767 370 2818 Thebas
380 2767 504 2815 ducentis
514 2765 708 2829 quaerendum,
720 2778 803 2812 unum

260 2835 318 2883 iere
341 2833 500 2882 milliarium
525 2831 559 2882 ab
577 2832 644 2881 urba
662 2837 802 2880 remotum.

259 2901 321 2950 Huc
355 2907 446 2950 autem
479 2905 664 2964 pervenerunt
692 2899 801 2960 Graeci,

259 2975 401 3034 postquam
424 2983 473 3032 per
491 2967 673 3030 Cythaeronis
690 2965 803 3015 declivi-

259 3041 333 3085 tates
345 3037 373 3096 (i.
389 3053 412 3085 ο.
426 3037 563 3100 pervices
576 3033 696 3084 Katzula
709 3039 737 3082 et
749 3035 802 3082 Bu·

260 3103 353 3165 balsa),
367 3103 470 3167 Hysias
483 3102 581 3152 deinde
594 3105 803 3167 praetereuntes

258 3172 287 3220 in
300 3186 395 3236 agriam
408 3171 601 3221 Plataeensem
615 3170 802 3220 intraverant:

259 3240 353 3303 itaque
378 3240 405 3288 in
429 3239 546 3304 planitie
564 3239 683 3303 Asopum
707 3251 802 3287 versus

259 3313 374 3357 extensa
387 3307 491 3357 lentem
503 3306 610 3356 huncce
626 3320 742 3370 quaeras
754 3319 801 3352 ne·

259 3391 337 3426 cessa
351 3379 406 3436 est,
420 3389 508 3439 neque
520 3373 568 3422 ille
582 3373 657 3432 lons,
672 3374 717 3422 eui
730 3387 801 3420 nune

257 3459 356 3494 nomen
371 3443 523 3507 Verputt'uai
532 3456 554 3494 s.
568 3441 740 3505 Verpentr'ura',
753 3455 801 3503 pro

258 3511 419 3578 Gargaphia
443 3515 537 3561 vetere
568 3508 666 3558 haberi
692 3508 800 3574 poterit,

256 3587 287 3629 ut
304 3579 369 3629 oiim
387 3581 587 3645 preposuerunt
603 3575 700 3642 Squire
718 3573 802 3640 (apud

257 3647 397 3712 Walpeie:
411 3647 540 3697 Memoirs
552 3661 615 3711 pag.
627 3642 678 3695 338
689 3644 759 3707 seq.)
773 3647 801 3691 et

258 3713 359 3764 clarae
377 3713 503 3776 (Travels
519 3714 559 3774 11,
572 3713 596 3764 3.
613 3728 639 3777 p.
658 3709 715 3774 83),
737 3725 801 3774 quc-

257 3781 332 3830 niam
349 3782 491 3831 meridiem
508 3795 604 3830 versus
622 3781 657 3830 ab
674 3779 741 3828 urbe
755 3794 799 3828 ex·

258 3849 344 3896 oritur
368 3849 403 3897 ad
425 3850 500 3898 viam
523 3849 646 3914 Megaris
668 3847 800 3896 Plataeas

257 3915 412 3964 diruentem.
440 3916 528 3980 Prope
542 3917 635 3964 lanum
648 3915 800 3963 Androara·

257 3984 293 4032 tis
303 3981 463 4047 Gargaphia
476 3982 633 4048 quaerenda
646 3983 707 4044 erit,
721 3996 800 4045 quam

258 4050 376 4099 mediam
397 4051 469 4101 inter
486 4052 564 4101 vicos
580 4049 700 4099 Platane
718 4054 800 4112 atque

257 4117 395 4167 Kriaknki
411 4119 494 4168 sitam
512 4119 598 4168 luisse
616 4133 648 4167 ee
665 4116 727 4166 leco
744 4121 800 4165 sta·

257 4184 800 4248 tuitLeske('1'ravelsinhorth.Greeae

257 4254 294 4303 11.
312 4270 338 4318 p.
350 4253 408 4304 332.
422 4253 497 4318 343),
516 4269 568 4318 quo
587 4251 675 4302 adhuc
693 4251 800 4316 lapides

257 4323 358 4372 vetusti
376 4323 467 4388 operis
485 4321 588 4371 iontem
607 4320 741 4384 quendam
757 4319 800 4367 in·

258 4389 383 4442 eludunt:
407 4391 533 4454 idemque
555 4391 655 4439 asserit
670 4387 799 4438 Vischer:

856 1414 1057 1480 Erinnerungg.
1072 1429 1122 1464 aus
1133 1413 1291 1464 Grieehenl.
1305 1430 1332 1479 p.
1342 1412 1402 1463 543.

856 1481 944 1530 illium
964 1481 1080 1542 iontem,
1100 1482 1146 1546 qui
1165 1483 1304 1547 copiosam
1324 1482 1402 1530 amit·

856 1555 898 1598 tat
915 1564 1027 1613 aquam,
1052 1550 1141 1614 magis
1160 1565 1288 1600 oceasum
1304 1563 1402 1598 versus

857 1623 885 1664 et
897 1616 990 1665 urbem
1007 1617 1118 1682 propius
1135 1617 1217 1666 situm
1235 1633 1283 1682 pre
1297 1617 1404 1681 Garga·

855 1683 921 1748 phia
933 1683 1031 1733 haberi
1044 1684 1102 1733 vult
1114 1683 1270 1750 Goettiing:
1284 1684 1400 1734 (lesam—

855 1751 931 1801 mslt.
944 1751 1090 1802 Abhandll.
1104 1767 1167 1816 pag.
1183 1751 1239 1802 133.
1269 1751 1310 1800 Ac
1323 1752 1402 1802 deni-

856 1833 906 1883 que
925 1817 1023 1868 Grote:
1044 1819 1156 1883 iiistory
1173 1820 1204 1868 ol
1220 1819 1326 1868 Graece
1340 1819 1402 1869 Vol.

856 1887 886 1935 V.
898 1903 923 1951 p.
933 1887 982 1935 2⁴22
995 1902 1027 1936 eo
1038 1886 1162 1948 inclinat,
1177 1891 1206 1936 ut
1219 1887 1322 1937 iontem
1336 1887 1402 1936 olim

855 1953 983 2004 fluentem
993 1969 1063 2003 nune
1073 1953 1209 2004 deiecisse
1219 1969 1271 2004 nea
1281 1954 1403 2020 amplius

855 2020 936 2070 hodie
949 2021 1066 2072 inveniri
1080 2037 1159 2086 posse
1173 2022 1337 2076 arbitretur:
1357 2023 1403 2071 eui

856 2089 917 2137 add.
930 2089 1073 2138 Wheeler:
1093 2089 1258 2154 Gcography
1271 2089 1302 2139 ol
1313 2090 1403 2138 Hero-

855 2155 909 2206 det.
926 2155 1045 2221 pugni.

889 2219 967 2286 παρά
981 2215 1082 2288 Ὑσιάς]
1102 2225 1121 2273 i.
1135 2240 1159 2274 e.
1170 2231 1279 2288 praeter
1293 2225 1400 2287 Hyries,

855 2295 886 2342 ut
899 2293 929 2350 V,
943 2292 984 2341 74.
998 2292 1045 2354 Vl,
1060 2291 1113 2342 138.
1133 2293 1173 2340 lie
1188 2293 1249 2357 ipsa
1262 2292 1328 2340 urbe
1342 2293 1402 2342 dixi

856 2359 891 2408 ad
904 2361 949 2420 lx,
968 2359 1005 2410 15.
1042 2359 1119 2420 Quare
1135 2361 1266 2409 continue
1279 2375 1400 2424 sequun-

855 2433 899 2476 tur
916 2419 944 2484 ἐς
961 2419 1013 2492 τήν
1027 2422 1193 2477 Πλαταιίδα
1212 2425 1267 2491 γῆν
1284 2426 1314 2491 (ἰ.
1333 2443 1357 2476 e.
1376 2430 1402 2476 in

855 2511 941 2558 aprum
953 2495 1153 2556 ΡΙαίαεοιιεονι),
1173 2494 1236 2544 Gaii
1252 2496 1290 2544 Le
1304 2495 1403 2574 philol.

854 2563 901 2611 lv.
920 2579 947 2626 p.
965 2561 1014 2610 ‘284
1037 2562 1205 2627 obsequens
1228 2555 1403 2627 άπικομενοι

855 2629 975 2694 intelligi
994 2629 1064 2680 vult:
1084 2631 1213 2680 nrrmehrml
1231 2646 1290 2680 nera
1305 2635 1328 2680 le
1346 2637 1402 2680 ter·

854 2699 945 2746 riloire
974 2699 1006 2747 de
1034 2699 1139 2756 Plute'e,
1174 2698 1404 2761 quemadmodum

854 2764 937 2830 paulo
959 2769 1024 2814 ante
1045 2757 1254 2830 ἐπικαταβῆναι
1275 2757 1304 2823 ἐς
1322 2765 1404 2816 Πλα-

854 2828 937 2890 ταιάς
954 2835 1095 2883 δεισαηδνε
1111 2849 1169 2882 vers
1185 2833 1284 2882 Praise.
1314 2835 1404 2898 Equi-

854 2900 914 2950 dem
933 2917 980 2950 cur
1003 2901 1150 2967 avulgata
1168 2901 1403 2965 interpretatione

854 2967 995 3029 recedam,
1010 2968 1082 3018 haud
1094 2967 1229 3030 intelligo.

887 3033 939 3085 τοῦ
961 3033 1092 3100 τεμένεος
1112 3034 1163 3086 τοῦ
1186 3027 1405 3099 Ἀνδροκράτεος

854 3101 905 3152 τοῦ
921 3095 1021 3168 ἥρωος)
1042 3105 1214 3154 Androerutis
1230 3104 1325 3152 fanum
1338 3121 1403 3169 pro-

854 3171 916 3235 pius
940 3171 1020 3220 abest
1046 3171 1080 3220 ab
1105 3173 1166 3235 ipsa
1189 3171 1404 3222 Plataeensium

853 3238 934 3300 urbe,
953 3237 1026 3288 haud
1044 3237 1155 3288 multum
1174 3237 1313 3288 acereris
1331 3243 1404 3290 tem—

853 3305 898 3370 plo
911 3307 991 3355 situm
1001 3321 1084 3371 prope
1096 3307 1167 3356 viem
1178 3305 1289 3355 Thebas
1299 3306 1404 3357 ducen-

854 3373 1403 3440 tam(thngerParadoa'Phebbpeg.

852 3440 922 3504 275),
937 3441 997 3492 loco
1010 3442 1099 3491 minus
1112 3447 1176 3508 apto
1190 3445 1246 3491 tam
1258 3441 1403 3506 peditibus

853 3524 933 3573 quam
952 3509 1096 3574 equitibus.
1127 3509 1189 3558 Vid.
1207 3507 1279 3558 Gaii.
1298 3507 1317 3558 l.
1334 3509 1353 3558 l.
1368 3511 1401 3561 V.

851 3592 878 3642 p.
891 3575 1038 3638 333-336,
1058 3577 1158 3626 Κτιιεοι
1177 3575 1251 3626 Heli.
1265 3577 1307 3637 11,
1330 3577 1351 3626 1.
1373 3593 1402 3642 p.

852 3643 909 3706 533,
924 3645 1020 3694 Leuke
1031 3643 1049 3694 l.
1061 3643 1088 3706 1.,
1103 3644 1172 3694 alios
1186 3643 1270 3704 (conf.
1281 3649 1353 3694 nott.
1366 3645 1403 3694 ad

850 3712 901 3773 lx,
920 3712 962 3774 51)
988 3719 1016 3762 et
1034 3711 1142 3762 tabulas
1160 3711 1300 3772 adiectas,
1327 3727 1401 3777 qnae

851 3781 933 3830 totius
947 3781 1067 3845 regionis
1079 3779 1221 3830 continent
1232 3779 1404 3829 delineatio·

852 3863 922 3897 nem.
951 3849 993 3897 De
1012 3848 1070 3912 ipso
1088 3847 1170 3897 heroe
1190 3847 1303 3911 antiquo
1323 3849 1403 3897 aeni.

852 3915 950 3964 Wasse
969 3915 1004 3964 sd
1016 3914 1169 3978 Thucydid.
1183 3915 1237 3975 111,
1255 3915 1288 3962 24
1307 3921 1336 3964 et
1353 3932 1405 3980 pe-

850 3983 985 4032 tiasimum
1002 3981 1142 4034 Plutarch.
1159 3983 1214 4032 Vit.
1228 3982 1341 4031 Aristid.
1360 3983 1405 4032 il.

851 4065 916 4116 pag.
934 4049 992 4102 325.
1010 4075 1042 4085 -
1066 4049 1108 4100 Ad
1125 4065 1208 4100 voees
1227 4041 1277 4098 διά
1298 4037 1406 4114 ὄχθων

851 4119 911 4182 (per
922 4116 1009 4181 eolles)
1022 4119 1095 4169 conl.
1106 4118 1153 4178 111,
1164 4116 1206 4166 56.
1220 4115 1253 4166 53
1267 4123 1295 4166 et
1309 4117 1406 4168 allata

853 4185 890 4262 ad
900 4185 950 4246 1v‚
964 4183 1022 4235 201.
1058 4185 1111 4236 Pro
1128 4182 1234 4250 χωρίον
1246 4189 1304 4234 tres
1317 4185 1404 4270 codd.

851 4251 1406 4385 1333,33533333345

851 4387 981 4438 observat
993 4387 1281 4452 Schweighaeuserus.
1311 4387 1405 4440 Intel-
