3068 4964
492 472 697 533 URANIA.
720 473 810 533 VIII.
834 481 892 535 111.
916 485 975 536 115.

1246 478 1305 540 173

166 645 270 712 ταῦτα
289 639 319 712 δ’
338 646 473 712 ἐποίευν
489 637 555 712 ὑπὸ
573 646 679 731 λιμοῦ.
710 641 877 731 ἐπιλαβών
895 645 933 714 δὲ
951 641 1063 733 λοιμός
1079 671 1116 714 τε
1132 641 1191 714 τὸν
1208 665 1304 734 στρα-

166 741 224 814 τόν
242 747 297 814 καὶ
317 749 512 835 δυσεντερίη
530 740 599 814 κατ’
616 738 697 814 ὁδὸν
716 742 897 834 διέφθειρε.
933 742 1011 826 τούς
1036 745 1074 814 δὲ
1098 747 1153 814 καλ
1170 744 1303 816 verice

166 873 223 925 τας
241 841 354 916 αὐτῶν
372 848 541 932 κατέλιπε,
562 842 747 915 ἐπιτάσσων
764 849 840 935 τῇσι
857 844 984 935 πόλισι,
1007 851 1064 916 ἵνα
1083 843 1236 916 ἑκάστοτε
1254 855 1304 935 γί-

165 975 256 1016 νοιτο
283 944 452 1034 ἐλαύνων,
479 951 689 1036 μελεδαίνειν
704 949 814 1016 τεκαὶ
838 945 989 1036 τρέφειν,
1018 950 1054 1018 ἐν
1081 955 1247 1038 Θεσσαλίῃ
1269 952 1307 1020 τέ

165 1043 258 1129 τινας
284 1051 340 1118 καὶ
360 1051 395 1118 ἐν
412 1055 492 1138 Σίρι
509 1051 567 1135 τῆς
585 1057 748 1136 Παιονίης
765 1051 821 1118 καὶ
847 1051 884 1118 ἐν
901 1053 1108 1138 Μακεδονίῃ.
1145 1055 1230 1120 ἔνθα
1249 1052 1303 1120 καλ

165 1146 201 1218 τὸ
221 1146 294 1238 ίρὸν
310 1145 399 1240 ἅρμα
417 1145 606 1220 καταλιπολν
623 1155 683 1218 τοῦ
700 1147 799 1238 Διὸς,
822 1147 877 1219 ὅτε
901 1152 954 1220 ἐπὶ
971 1147 1033 1238 τὴν
1046 1144 1186 1220 Ἑλλάδα
1203 1147 1302 1238 ἤλαυ-

165 1277 220 1338 νε,
239 1247 348 1320 ἄπιτδν
365 1246 427 1320 οὐκ
444 1247 608 1338 ἀπέλαβε,
627 1246 710 1320 ἀλλὰ
728 1248 843 1332 δόντες
860 1256 895 1321 ol
910 1258 1054 1332 Παίονες
1071 1267 1155 1321 τοῖσι
1175 1250 1302 1340 Θρήιξι,

165 1347 377 1433 ἀπαιτέοντος
398 1355 543 1442 Ξέρξεω,
569 1358 699 1440 ἔφασαν
715 1354 898 1442 νεμομένας
920 1347 1135 1444 ἁρπασθῆναι
1153 1347 1218 1422 ὑπὸ
1235 1357 1304 1424 τοῖν

166 1515 230 1577 luit,
248 1523 278 1566 ut
290 1517 353 1566 viae
367 1515 550 1566 cadaveribus
558 1515 708 1582 ‚impleren-

165 1589 221 1644 tur,
241 1583 376 1648 alitesque
391 1591 418 1632 et
431 1584 537 1633 bestiae
553 1599 633 1634 escae
647 1583 707 1634 ille·

165 1651 256 1700 cebris
269 1650 437 1702 sollicitatae
449 1653 598 1702 exercitum
611 1667 707 1716 seque-

165 1719 287 1768 rentur.“
316 1719 347 1768 In
361 1717 472 1768 Ctesiae
485 1720 630 1784 Excerptia
643 1720 707 1769 Per-

165 1787 231 1835 sicis
243 1785 312 1835 nibil
324 1785 357 1836 de
370 1785 413 1836 bis
426 1787 506 1848 tradi,
520 1788 576 1836 iam
588 1787 622 1836 ad
632 1787 707 1850 VIII,

167 1851 214 1902 110
227 1853 439 1903 observavimus.

199 1911 341 1984 ἐπιλαβών
355 1914 396 1998 δὲ]
410 1920 470 1970 Vid.
481 1925 550 1971 nott.
564 1921 598 1970 οδ
608 1921 654 1979 VI,
664 1922 706 1970 27.

164 1987 217 2037 Pro
238 2003 294 2052 seq.
311 1988 408 2052 λοιμος
424 1989 483 2037 'Ion
506 2025 511 2037 .
530 1989 661 2038 Emendd.
679 1991 707 2038 in

164 2054 239 2104 Suid.
258 2057 288 2104 P.
305 2055 355 2105 111.
373 2071 436 2122 pag.
521 2071 542 2106 ε.
560 2057 595 2106 Il.
613 2073 640 2121 p.
658 2055 709 2106 399

165 2123 281 2172 rescribi
298 2123 356 2172 vult
373 2119 453 2188 λιμὸς
464 2123 545 2187 idque
558 2123 591 2172 de
605 2124 707 2186 morbo,

164 2205 243 2254 quem
256 2189 338 2255 vulgo
349 2190 446 2240 dicant
457 2195 480 2240 le
491 2190 607 2252 seorim,
627 2191 708 2240 intel·

164 2256 213 2320 ligi
226 2257 300 2321 vult,
313 2271 476 2323 comparans
488 2257 582 2321 Polyb.
597 2259 651 2317 111,
663 2259 705 2308 87.

163 2324 298 2390 'lorrpium
310 2339 390 2375 nemo
408 2325 541 2375 editorum
554 2327 652 2376 merito
664 2341 707 2376 se·

164 2397 243 2441 cutus
261 2397 315 2456 est,
341 2407 401 2442 cum
419 2393 470 2443 hoc
489 2392 549 2446 loco
566 2393 600 2442 de
619 2398 704 2458 peste,

164 2474 198 2509 ex
212 2460 296 2518 lame.
316 2475 370 2526 qua
382 2461 589 2526 premebantur,
609 2475 706 2525 prava·

164 2542 215 2592 quc
239 2543 273 2578 ex
294 2527 455 2589 nutritione,
481 2543 535 2593 qua
552 2527 706 2586 alebantur,

164 2599 260 2645 exorta
288 2595 405 2659 indeque
434 2595 576 2661 plerosque
611 2609 706 2646 consu-

163 2668 255 2712 mente
267 2679 356 2713 sermo
368 2664 413 2713 sit.
437 2661 617 2728 δυσεντερίη,
636 2679 706 2728 (μιοο

164 2729 286 2792 additur,
305 2731 497 2782 intestinorum
514 2730 707 2782 difficultatem

163 2811 224 2847 cum
247 2798 451 2848 exulceratione
476 2799 650 2849 coniunctam
669 2801 704 2848 si·

163 2865 291 2929 gnificat,
306 2881 393 2931 eaque
407 2868 504 2918 crebro
517 2867 589 2932 apud
602 2867 706 2932 Hippo·

164 2937 267 2982 cratem
282 2933 455 2984 etllalenum
471 2940 704 2994 commemoratur,

164 3001 310 3064 quiveris
332 3001 391 3050 eius
413 3017 517 3066 genera
535 3001 706 3050 indicarunt:

163 3071 192 3116 tn
206 3068 260 3118 vid.
274 3069 368 3118 I'oeeii
381 3069 529 3119 Oeconom.
543 3069 706 3134 Hippocrat.

162 3151 226 3200 pag.
242 3135 287 3185 171
301 3151 367 3200 s.v.,
381 3137 426 3185 ubi
437 3137 578 3201 utriusque
591 3137 706 3202 scripto·

162 3203 200 3253 ris
223 3203 277 3254 loci
299 3203 451 3253 afferuntur
468 3203 570 3268 aliique
590 3203 706 3254 aliorum

162 3270 340 3320 adiiciuntur.
364 3272 386 3320 E
400 3271 499 3336 quibus
512 3287 592 3322 unum
604 3271 650 3322 bic
663 3273 706 3320 al-

161 3338 235 3388 serre
248 3338 334 3388 liceat
343 3337 452 3388 Celsum
465 3341 506 3388 De
520 3339 705 3400 me‹licin.1V,

161 3405 323 3468 221151ο1τ
343 3407 525 3456 scribentem:
553 3408 706 3467 „Proxima

161 3471 204 3522 liis
228 3473 301 3524 inter
329 3475 521 3524 interlicerum
550 3473 625 3524 mala
652 3480 705 3522 lor-

160 3543 227 3590 miuo
249 3557 310 3591 esse
333 3545 547 3592 consueverunt:
576 3539 704 3592 δυσεντε-

161 3606 210 3671 ρία
234 3609 342 3659 Graece
366 3613 489 3660 vocatur.
536 3609 613 3658 Intus
637 3609 705 3658 inte-

161 3677 235 3726 stina
245 3676 451 3727 exulcerantur:
465 3693 499 3727 ex
508 3676 551 3726 his
562 3691 641 3726 cruor
650 3691 705 3725 ma·

161 3749 223 3804 nat:
247 3744 336 3808 iisque
350 3745 428 3795 modo
441 3759 502 3794 oum
519 3749 640 3794 stercore
654 3743 704 3793 oli-

161 3825 213 3875 quo
229 3825 339 3876 semper
351 3811 466 3877 liquido,
480 3813 559 3862 modo
572 3826 631 3862 eum
645 3812 703 3876 qui·

161 3877 275 3928 busdam
299 3880 377 3944 quasi
397 3881 516 3930 mucosis
534 3880 702 3930 excernitur:

162 3946 296 3996 interdum
324 3947 401 3997 simul
430 3947 565 4012 quaedam
587 3963 703 3998 carnoso

160 4013 332 4064 descendunt
351 4011 399 4080 [ol.
419 4016 502 4080 Hipp.
521 4014 701 4080 Aphorismm.

160 4079 205 4142 IV,
219 4078 279 4198 md:
294 4082 422 4146 frequens
436 4082 585 4132 deiiciendi
598 4083 702 4148 cupidi-

160 4153 203 4198 tas
215 4149 250 4198 ‹lo
262 4163 346 4214 orquc
359 4151 388 4198 in
401 4165 454 4200 ano
467 4155 522 4200 ost:
536 4165 597 4200 oum
610 4150 706 4200 eodem

159 4215 252 4267 doloro
263 4217 387 4282 exiguum
402 4216 506 4282 aliquid
519 4219 653 4267 emittitur
665 4223 707 4268 at·

160 4297 211 4346 que
231 4299 263 4334 eo
284 4299 390 4348 quoque
408 4289 569 4336 tormentum
587 4286 706 4336 intendi-

159 4355 216 4400 tur:
241 4351 323 4418 idquo
340 4357 402 4417 post
419 4357 526 4418 tempus
542 4352 654 4418 aliquod
667 4353 705 4404 le-

159 4425 242 4470 vatur
259 4419 413 4485 exiguaque
432 4421 539 4484 requies
557 4425 611 4470 est:
636 4436 704 4471 som·

760 1533 810 1567 nire
832 1517 1037 1584 interpellatur:
1062 1515 1198 1566 febricula
1218 1519 1304 1567 oritur

759 1585 895 1651 longoque
912 1593 1034 1651 tempore
1058 1585 1085 1634 id
1104 1584 1217 1647 rualum,
1243 1601 1303 1635 cum

759 1653 972 1714 inveteraverit,
1000 1657 1048 1702 aut
1071 1652 1143 1702 toltit
1166 1652 1302 1703 bominem

761 1725 822 1782 aut,
837 1721 947 1770 etiamsi
961 1721 1065 1782 finitur,
1082 1719 1252 1770 excruciat.“

809 1786 992 1852 μελεδαίνειν
1025 1801 1055 1838 τε
1089 1783 1139 1838 καλ
1167 1780 1301 1853 τρέφειν]

760 1855 821 1904 εο11.
835 1846 940 1914 αὐτοὺς
952 1855 1152 1922 (aegrotantes),
1174 1861 1302 1906 monente

759 1922 882 1972 Boeckh.
900 1923 928 1972 iu
946 1922 1027 1989 Corp.
1046 1923 1185 1988 Inscripti.
1200 1924 1220 1972 Ι.
1239 1939 1302 1988 pag.

759 1989 801 2038 20.
813 1990 854 2040 21.
868 1990 927 2040 875.
957 1993 999 2041 De
1013 1991 1097 2041 verbo
1109 1988 1301 2056 μελεδαίνειν,

760 2058 929 2122 quodetiam
947 2059 1027 2108 affert
1039 2058 1138 2108 Suidas
1151 2073 1172 2107 s.
1187 2073 1212 2108 v.
1226 2059 1262 2108 11.
1276 2074 1302 2124 p.

759 2124 819 2188 523,
826 2126 881 2176 vid.
889 2125 976 2176 allata
988 2126 1087 2188 adVII,
1098 2123 1144 2175 31:
1158 2131 1201 2176 ost
1211 2131 1302 2176 autem

759 2193 871 2242 verbum
888 2194 1011 2244 Ionicum
1029 2199 1111 2258 atque
1129 2193 1302 2258 Hippocrati,

760 2259 823 2310 aliie
840 2261 984 2320 usitatum,
1002 2261 1049 2310 ubi
1067 2261 1100 2310 de
1118 2262 1239 2314 eurardi:
1257 2276 1302 2308 se·

759 2331 845 2391 grotie
858 2329 1016 2378 adhibetur:
1040 2327 1102 2378 vide
1119 2327 1212 2392 plura,
1231 2343 1301 2391 quae

759 2396 787 2443 in
805 2396 898 2445 I'oesii
912 2395 1014 2444 Oecon.
1028 2395 1159 2458 Hippocr.
1175 2410 1239 2459 pag.
1252 2393 1302 2444 404

759 2477 779 2510 e.
793 2479 818 2511 v.
833 2467 861 2510 et
873 2463 901 2511 in
913 2463 1054 2512 'l'hesauro
1067 2462 1148 2526 [ring.
1160 2461 1259 2512 Graec.
1269 2462 1300 2512 V.

758 2545 791 2594 p..
803 2528 853 2578 126
875 2529 917 2578 ed.
935 2529 1063 2578 Diodori.
1086 2529 1248 2589 afferuntur,
1274 2533 1303 2578 et

759 2597 832 2646 coni.
855 2597 938 2646 etiam
955 2597 1058 2646 Frena:
1082 2595 1218 2648 Element.
1237 2597 1302 2662 Epi-

758 2661 1302 2794 illl},liiidie-lilii?liiii}

757 2799 814 2862 52),
829 2799 969 2864 Theognis
982 2797 1051 2861 (185.
1065 2797 1154 2862 1129),
1169 2799 1218 2848 alii
1231 2799 1302 2848 idem

759 2867 943 2917 adhibuerunt
958 2867 1080 2916 verbum.
1116 2866 1195 2928 Quod
1211 2868 1302 2932 sequi-

757 2939 802 2984 tur
813 2928 941 2998 τρέφειν,
956 2933 1033 2984 valet
1044 2937 1122 2996 alere,
1137 2935 1155 2983 1.
1169 2949 1192 2984 ο.
1207 2933 1302 2984 melio·

758 3017 814 3051 rem
833 3003 923 3052 cibum
946 3001 1105 3068 praebendo
1123 3000 1237 3053 reficere
1255 3019 1301 3052 ae-

758 3075 909 3134 grotantes.
950 3071 993 3120 De
1010 3068 1066 3119 Sin·
1085 3070 1152 3120 urbe
1175 3069 1204 3120 ln
1225 3085 1301 3136 seqq.

757 3137 814 3187 dixi
828 3138 862 3188 ad
874 3138 906 3200 V,
923 3137 961 3188 15.
996 3137 1128 3188 Romanis
1140 3137 1304 3188 dicebantur

757 3205 867 3266 Smne,
885 3220 958 3255 nunc
975 3209 1077 3254 vocent
1094 3203 1203 3262 Scires:
1221 3220 1302 3270 quam

757 3273 851 3322 urbem
870 3273 959 3322 adhuc
977 3273 1139 3322 commercIo
1160 3273 1302 3324 florentem

757 3340 829 3389 inter
861 3341 982 3405 potiores
1010 3340 1190 3390 Macedoniae
1219 3339 1302 3390 nrbes

758 3409 880 3466 censeri,
898 3409 979 3458 sitam
993 3407 1028 3456 ad
1040 3407 1143 3457 laetam
1156 3407 1231 3457 illam
1244 3407 1302 3472 pla·

757 3476 853 3524 nitiom
863 3475 1007 3538 Strymone
1017 3474 1169 3538 irrigatam,
1184 3474 1219 3525 ad
1229 3491 1302 3526 mon·

756 3543 792 3592 tis
805 3543 993 3604 decIIvitates,
1013 3541 1089 3592 brevi
1106 3542 1197 3606 spatio
1215 3558 1302 3592 remo·
1380 3557 1381 3560 ’

757 3617 813 3660 tam
830 3627 848 3660 a
860 3609 992 3660 Cercines
1008 3609 1086 3670 lacu,
1105 3610 1149 3659 cui
1166 3624 1239 3659 nunc
1253 3625 1301 3660 uo·

756 3693 818 3727 men
847 3677 984 3739 Ἠλείους,
1018 3676 1111 3726 docuit
1135 3675 1315 3742 uouemery:

757 3745 868 3811 voyage
892 3761 927 3796 en
943 3745 1107 3796 Macedoine
1128 3746 1149 3795 Ι.
1169 3761 1233 3810 pag.
1254 3745 1301 3796 lbi

755 3813 1188 3932 {stulttiaaliialii*
1203 3829 1301 3930 iii⁸⁰'

758 3947 830 3998 1262.
846 3975 876 3984 -
895 3897 939 3998 Dd
955 3964 1035 3999 sacro
1052 3917 1128 3998 Iovia
1146 3920 1226 3999 curru
1244 3899 1300 3999 vid.

754 4021 822 4064 nott.
837 4015 872 4065 ad
886 4016 950 4076 VII,
964 4015 1011 4078 40,
1030 4016 1064 4067 de
1078 4017 1220 4068 Paeonibus
1232 4017 1300 4068 diri·

754 4097 813 4132 mus
826 4082 861 4131 ed
874 4083 906 4144 V,
923 4081 962 4132 12.

792 4143 961 4216 νεμομένας]
983 4151 1000 4200 1.
1014 4166 1038 4204 e.
1051 4152 1107 4201 diua
1122 4159 1300 4214 poscerentur,

757 4225 847 4282 raptos
864 4232 920 4268 erse
941 4234 1028 4284 equas.
1061 4219 1103 4268 Au
1120 4212 1198 4283 ι’ίρμα
1215 4221 1301 4269 refer·

757 4291 814 4346 tur,
833 4301 884 4350 quo
901 4285 1010 4336 nomine
1028 4286 1107 4336 simul
1126 4287 1240 4336 alterum
1255 4284 1300 4336 ἐπ-

756 4368 828 4410 πους
845 4353 1037 4418 comprehendi
1059 4359 1146 4418 patet.
1186 4355 1247 4404 Vid.
1268 4356 1300 4404 u.

756 4419 1300 4486 Hermanncdvigerp.tlterriseter.
