3040 4962
246 469 285 529 62
682 460 947 522 IIERODOTI

247 631 381 723 ἑκατὸν,
406 635 537 724 μοῦνοι·
570 636 607 703 ἐν
630 641 797 723 Σαλαμῖνι
821 631 884 723 γάρ
907 629 948 703 οὐ
971 631 1269 723 συνεναυμάχησαν
1292 643 1389 704 Πλα-

244 739 350 817 ταιέες
376 733 583 825 Ἀθηναίοισι
607 731 663 804 διά
692 732 823 805 τοιόνδε
851 763 882 804 τι
905 737 1053 825 πρῆγμα·
1081 731 1390 824 ἀπαλλασσομένων

244 843 312 909 των
326 833 494 926 Ἑλλήνων
512 832 576 906 άπό
588 841 649 906 τοῦ
663 831 879 926 Ἀρτεμισίου,
898 831 942 917 ως
961 841 1108 924 ἐγίνοντο
1127 833 1207 907 κατά
1220 843 1388 924 Χαλκίδα,

244 945 279 1010 ολ
293 942 476 1021 Πλαταιέες
499 935 683 1027 ἀποβάντες
710 941 742 1018 ἐς
760 935 822 1026 τὴν
846 945 988 1030 περαίην
1010 941 1067 1026 τῆς
1086 945 1245 1028 Βοιωτίης
1261 937 1388 1029 χώρης,

244 1039 326 1133 πρὸς
346 1038 523 1132 ἐκκομιδὴν
543 1038 721 1130 ἐτράποντο
746 1043 815 1110 τοῖν
831 1041 995 1110 οἰκετέων.
1038 1029 1130 1110 οὗτοι
1147 1043 1209 1130 μέν
1225 1069 1291 1110 νυν
1306 1039 1387 1110 τού-

243 1173 322 1226 τους
340 1143 498 1228 σοι’ζοντες
518 1146 732 1232 ἐλείφθησαν.
768 1137 939 1230 Ἀθηναῖοι
964 1142 1017 1230 δὲ,
1043 1144 1095 1212 ἐπὶ
1113 1142 1174 1231 μὲν
1197 1145 1388 1230 Πελασγων

245 1243 468 1337 ἐχόντωντὴν
492 1248 558 1316 νῦν
572 1239 711 1314 Ἐλλάδα
729 1245 949 1333 καλεομένην,
974 1233 1059 1332 ἦσαν
1076 1245 1260 1332 Πελασγοὶ,
1285 1239 1387 1314 οὐνο-

216 1453 220 1462 “
244 1448 312 1506 rint,
343 1445 561 1511 quandoquidem
585 1445 729 1509 inpugna
752 1442 787 1492 ad
839 1442 911 1492 minc
935 1443 1044 1507 proprio
1068 1443 1165 1492 Noster
1187 1442 1317 1492 habuisse
1341 1443 1386 1492 vi-

242 1515 420 1563 Artoruisium
433 1515 560 1562 dtoeidiom
575 1520 676 1576 portem
689 1515 787 1561 Attico·
839 1510 919 1558 detur
933 1509 1064 1575 περαίην.
1096 1511 1191 1574 ltaque
1210 1509 1301 1558 malim
1320 1511 1384 1558 red-

242 1598 297 1630 νιινι
315 1585 411 1629 navitam
427 1585 582 1630 orrlnerrdmo
595 1595 655 1629 esse
670 1579 786 1628 aitscri-
839 1577 917 1625 dere:
943 1581 968 1626 ia
991 1594 1061 1626 oram
1080 1578 1204 1626 Boeotiae
1228 1581 1384 1642 oppositam.

243 1653 305 1712 ptor
323 1663 384 1712 cap.
407 1646 437 1695 18
460 1663 547 1712 nequo
572 1648 613 1698 cis
630 1646 787 1696 reficiendis
840 1671 871 1680 -·
889 1645 922 1694 In
934 1659 1008 1710 seqq.
1023 1645 1057 1694 ad
1075 1660 1170 1694 vocem
1182 1638 1295 1702 οἰκέτας
1307 1647 1383 1695 conl.

243 1715 410 1779 suppetiisse
430 1715 555 1764 videatur
573 1713 711 1779 tempus.“
745 1714 787 1762 'In
838 1717 906 1762 nott.
927 1713 961 1761 ad
982 1713 1059 1774 VIII,
1082 1713 1111 1773 4,
1140 1717 1168 1762 et
1203 1713 1256 1762 uod
1280 1714 1385 1762 attinet

242 1781 297 1831 vid.
312 1797 381 1845 quae
399 1782 721 1832 dcnavinmhtticarum
738 1796 787 1829 nu·
840 1781 875 1829 ad
893 1781 1072 1830 locutionem:
1097 1771 1169 1844 πρὸς
1185 1729 1385 1844 έκκομιδήν

243 1863 318 1898 τουτο
347 1849 381 1898 ad
405 1849 483 1910 VIII,
511 1849 521 1897 l
550 1849 714 1898 notavimus.
754 1849 787 1898 ln
839 1840 995 1912 ἐτράποντο
1017 1847 1073 1896 τοῖιν
1095 1841 1227 1898 οἰκετέων
1250 1849 1278 1910 (i.
1298 1863 1322 1898 e.
1347 1849 1386 1896 od

242 1931 318 1980 seqq.
331 1931 425 1966 vocem
438 1914 540 1981 μοῦνοι
554 1931 613 1966 enm
627 1917 654 1966 vi
670 1916 786 1980 quadam
836 1931 925 1966 aeroas
941 1931 1000 1965 roos
1017 1917 1195 1978 exportandos
1211 1917 1237 1964 ia
1253 1919 1328 1966 alteros
1346 1919 1383 1964 lo-

243 1983 307 2032 addi
326 1983 353 2032 in
376 1985 531 2034 sentcntiae
557 1983 681 2033 clausula
708 1999 787 2032 nemo
837 2000 891 2033 cora
914 1991 939 2033 et
963 1989 987 2032 la
1010 1989 1062 2033 toto
1086 1985 1246 2033 collocandos
1270 1999 1298 2032 ae
1319 1999 1382 2032 eou-

242 2067 296 2100 non
315 2051 400 2102 videt.
441 2053 519 2100 Nunc
544 2051 616 2100 enim
637 2055 687 2101 ooli
703 2051 786 2099 Athe·

243 2119 366 2182 nienses,
386 2119 469 2169 nullis
483 2119 629 2185 assumptis
642 2119 787 2168 Plataeen-

242 2187 329 2248 sibns,
350 2189 396 2252 qni
415 2193 497 2236 antea
512 2187 580 2252 ipsis
593 2187 693 2242 milites
706 2203 787 2252 prae·

242 2255 360 2304 buerant
373 2255 421 2317 (ci.
434 2255 509 2318 VlII,
525 2255 557 2318 l),
577 2260 617 2306 tot
635 2269 721 2306 naves
740 2270 785 2303 ox-

241 2323 348 2372 hibont.
368 2323 503 2374 Dissentit
517 2323 551 2373 ab
561 2324 710 2384 Herodoto,
724 2322 786 2371 Pla·

241 2397 371 2442 taecnses
390 2393 528 2458 inpugna
547 2391 700 2442 Salaminia
718 2405 785 2455 pug-

241 2474 323 2509 nasse
347 2468 481 2526 negante,
510 2461 711 2510 Demosthenes
739 2459 785 2522 qni

240 2527 323 2589 vttlgo
342 2527 501 2591 perhibetur
523 2528 629 2577 advers.
648 2529 785 2577 Neaeram

240 2595 263 2651 §.
283 2595 324 2640 aa.
343 2609 408 2657 pag.
431 2595 492 2642 1377
511 2593 620 2654 Roisk,
644 2596 690 2658 qni
712 2594 784 2642 illem

241 2659 422 2709 l’latacenses
441 2661 476 2708 ad
488 2661 687 2725 Thermopylas
705 2661 783 2709 dimi-

241 2739 320 2774 easse
340 2727 438 2788 tradit,
458 2727 526 2776 licet
541 2728 695 2776 Herodotus
714 2728 782 2788 (Vll,

239 2790 301 2854 202)
324 2792 427 2841 nullum
446 2808 538 2842 eorum
561 2794 726 2844 mentionem
744 2794 784 2842 Ie-

241 2859 319 2907 cerit.
356 2859 410 2907 Sed
432 2861 519 2908 maior
536 2861 566 2910 in
583 2861 627 2910 his
645 2860 783 2912 Herodoto

240 2924 308 2974 fides
326 2940 406 2988 quam
419 2926 583 2990 Apollodoro
601 2929 660 2978 sive
676 2929 783 2978 incerta

238 2993 380 3056 scriptori,
401 2994 447 3057 qui
465 2995 657 3045 Demosthenis
674 2996 783 3046 nomine

240 3059 342 3109 abusus
375 3060 448 3110 hanc
478 3063 629 3112 orationem
664 3065 784 3113 conseri·

238 3127 327 3190 psisse
350 3133 475 3192 putatur:
501 3144 554 3194 qna
572 3131 605 3180 de
628 3147 657 3181 re
676 3132 731 3182 vid.
750 3133 781 3181 A.

239 3193 385 3245 b'ehaelor:
409 3197 609 3247 Demosthenes
630 3199 683 3249 und
706 3199 782 3250 seiae

238 3261 309 3313 Zeit.
332 3264 387 3327 III,
412 3265 438 3314 2.
462 3280 524 3330 pag.
552 3265 598 3315 179
620 3282 695 3332 seqq.
739 3269 782 3318 Dc

238 3329 452 3382 Plataeensibus
465 3333 520 3384 vid.
535 3333 567 3382 (i.
579 3333 611 3383 O.
621 3334 781 3384 Friedrich:

237 3399 314 3448 Rerr.
338 3399 475 3450 Plataico.
501 3401 620 3468 Specim.
648 3402 780 3467 (Borolin.

239 3465 317 3532 1811)
335 3479 399 3534 pag.
421 3467 459 3519 10.

271 3529 321 3585 διά
339 3532 453 3588 τοιόνδε
475 3553 502 3587 τι
520 3534 650 3616 πρῆγμα]
676 3539 698 3587 Il
716 3538 782 3588 Flo-

237 3608 316 3663 rent,
335 3605 418 3667 Mod,
439 3605 503 3656 aliis
522 3599 571 3656 διὰ
584 3603 781 3672 τοιονδεπρῆ·

236 3670 783 3805 tatllthz‘.Sssldltlttt⁰t¹223²

320 3773 326 3784 .
684 3759 694 3790 l
736 3771 737 3774 ¹
771 3771 781 3779 ·

235 3807 280 3849 tur
298 3817 340 3865 τι,
359 3804 428 3867 quod
447 3809 573 3871 equidem
592 3825 652 3858 cnm
670 3809 778 3872 Matth,

236 3867 365 3918 Bekkero
384 3875 412 3919 et
429 3885 484 3922 rec.
503 3876 564 3924 edd.
583 3877 694 3925 retinui.

271 3927 299 3992 ές
325 3932 378 3986 τ“ν
403 3939 528 4005 περαίην
555 3941 605 4007 της
630 3941 777 4009 Βοιωτίης]

237 3953 370 4068 „1129an
388 4003 439 4069 τῆς
456 4006 605 4074 Βοιωτίης,
627 4027 697 4075 quac
717 4027 779 4060 con·

236 4075 279 4117 tra
293 4070 454 4121 Chalcidem
472 4074 500 4122 in
515 4076 650 4136 Boeotiae
667 4077 780 4140 finibus,

211 4152 218 4164 ·
237 4137 387 4188 cuiusmodi
410 4143 518 4204 περαία
535 4140 586 4206 τῆς
608 4135 696 4203 Ἀσίας
713 4146 779 4194 Dio·

236 4203 302 4253 doro
320 4207 380 4268 XX,
400 4206 434 4256 97
451 4207 535 4258 Asiae
553 4212 719 4261 continentis
738 4229 780 4262 re·

236 4273 296 4338 gio,
318 4274 495 4324 exadversum
515 4276 632 4326 insulam
646 4279 778 4340 Rhodum,

236 4343 339 4390 Peraea
361 4343 434 4407 apud
455 4344 562 4392 Livium
581 4345 696 4407 XXXII,
718 4347 778 4396 13.“

242 4410 374 4460 H'eesel.
403 4409 471 4460 Mihi
489 4417 582 4462 tamen
600 4413 645 4463 via
665 4429 714 4479 pro
731 4430 777 4464 no·

837 2053 977 2112 verterant)
1001 2051 1074 2100 cont.
1099 2051 1178 2112 vul,
1203 2050 1244 2099 20.
1263 2050 1308 2111 32,
1333 2051 1382 2098 nbi

838 2120 922 2168 verbo
945 2110 1146 2184 ἐκκομίζεσθαι
1170 2119 1267 2168 Noster
1293 2119 1321 2166 in
1345 2119 1382 2168 si-

839 2185 896 2234 mili
915 2202 943 2234 re
955 2187 1159 2250 significatione
1178 2187 1271 2236 eadem
1284 2187 1380 2236 utitur.

872 2245 918 2303 έπλ
935 2247 990 2314 μὲν
1008 2253 1162 2318 Πελασγῶν
1185 2246 1306 2319 ἐχόντων
1326 2247 1382 2319 τὴν

837 2320 891 2372 νῦν
905 2313 1029 2372 Ἑλλάδα
1046 2316 1235 2388 καλεομένην]
1257 2324 1273 2370 i.
1287 2338 1311 2371 e.
1330 2339 1381 2387 pao

836 2397 948 2454 tempore
962 2391 1065 2454 Peloopi
1078 2392 1221 2448 Graeciam,
1239 2406 1303 2455 quae
1315 2406 1381 2439 armo

837 2461 943 2520 dieitur,
962 2459 1095 2514 tenebant·
1113 2459 1242 2523 temporis
1258 2459 1328 2506 enim
1343 2459 1379 2507 si-

837 2525 1040 2590 gnificationem
1058 2525 1084 2576 h.
1103 2526 1121 2574 l.
1140 2535 1171 2574 nt
1188 2528 1217 2574 ln
1239 2527 1379 2588 sequenti·

838 2595 887 2642 bns
905 2593 998 2643 verbis
1021 2585 1068 2642 tut
1086 2586 1118 2642 dl
1136 2589 1281 2656 Κέκροπος
1300 2590 1379 2656 βασι-

837 2656 899 2718 λέος
918 2661 946 2724 (i.
961 2676 985 2709 e.
998 2668 1122 2724 reptante
1141 2665 1265 2725 Cecrope,
1285 2675 1307 2710 s.
1326 2676 1379 2725 quo

835 2734 957 2793 tempore
971 2727 1091 2792 Cecrops
1104 2729 1249 2793 regnabat)
1262 2743 1378 2792 praepo-

836 2797 899 2846 sitio
918 2788 965 2846 aa
983 2795 1080 2858 habet,
1106 2797 1175 2861 qnod
1198 2796 1241 2846 vel
1260 2796 1379 2860 genitivi

836 2863 957 2913 absoluti
975 2865 1020 2928 qui
1039 2880 1100 2912 mox
1117 2868 1265 2929 sequuntur
1287 2854 1378 2925 (ἔκδε-

835 2925 960 2997 ξαμένον
977 2959 1008 2966 -
1024 2921 1175 2997 Ἐρεχθέος
1193 2937 1221 2981 et
1232 2921 1326 2988 Ἴωνος
1344 2957 1378 2966 -

835 2993 1001 3064 γενομένου)
1014 3000 1151 3061 indicant3
1171 2999 1225 3049 vid.
1239 2999 1340 3048 Herod.
1354 3000 1376 3060 Ι,

834 3067 955 3131 tibique
968 3071 1035 3116 nott.
1054 3069 1075 3128 Ι,
1092 3067 1130 3117 15.
1149 3065 1248 3116 51165.
1267 3065 1308 3116 94.
1328 3067 1375 3128 IV,

833 3133 857 3183 5.
885 3134 923 3184 lt.
946 3133 971 3183 8.
1017 3135 1094 3184 Infra
1120 3135 1198 3198 VIII,
1222 3133 1256 3183 50
1278 3135 1378 3184 Noster

834 3203 1377 3333 {atttzlttltll'tltthtt..lh

832 3337 1036 3401 significatione
1049 3337 1260 3402 praeposItionis
1272 3328 1319 3387 lut
1332 3353 1376 3386 co·

833 3405 938 3468 gitare,
957 3419 1011 3470 qna
1022 3407 1172 3470 appellandi
1187 3405 1279 3455 verbis
1298 3403 1376 3454 addi-

833 3479 889 3535 tur,
917 3472 950 3521 de
974 3487 1029 3537 qna
1050 3473 1105 3523 vid.
1128 3477 1198 3522 nott.
1223 3473 1258 3522 ad
1280 3474 1308 3533 I,
1335 3472 1374 3522 ll.

832 3540 883 3602 Ν,
908 3541 949 3588 45.
993 3542 1056 3590 Mox
1083 3541 1182 3606 scripsi
1209 3529 1376 3606 Ἐρεχθέος

832 3623 879 3672 pro
898 3608 971 3672 vulg.
990 3598 1168 3673 Ἐρεχθῆος,
1197 3609 1230 3658 ‹le
1249 3623 1301 3673 qao
1319 3609 1374 3658 vid.

832 3681 899 3725 nott.
925 3676 960 3724 ad
983 3677 1046 3736 VII,
1070 3675 1131 3739 189,
1155 3677 1276 3740 itemque
1300 3677 1374 3726 edidi

831 3735 1123 3808 μετουνομάσθησαν
1141 3761 1189 3810 pro
1201 3737 1374 3809 μετωνομά-

831 3811 955 3876 σθησαν,
973 3816 1005 3860 ut
1022 3813 1068 3872 IV,
1090 3810 1145 3874 189,
1165 3812 1212 3861 ubi
1231 3812 1287 3862 vid.
1306 3817 1374 3862 nott.

829 3879 893 3927 alio
915 3893 985 3942 quae
1009 3880 1037 3928 in
1055 3879 1117 3929 loeo
1134 3879 1292 3930 Herodoteo
1310 3879 1374 3930 olim

831 3951 988 3996 tentaverat
1006 3947 1141 4010 Koenius,
1164 3947 1244 3997 libris
1262 3948 1373 4011 scriptis

829 4013 937 4074 invilla,
962 4015 1086 4064 omIItcre
1104 4019 1238 4079 praestat.
1274 4014 1374 4080 tetigit

831 4081 990 4130 Herodotca
1013 4083 1177 4132 Eustathius
1200 4083 1234 4132 ad
1258 4083 1371 4146 Dionys.

831 4148 969 4212 Perioget.
1000 4147 1050 4199 423
1085 4151 1206 4214 itemque
1241 4151 1372 4213 Soymnns

831 4215 928 4276 Chius,
959 4218 1004 4279 qui
1026 4219 1121 4268 varias
1142 4219 1254 4268 Atticae
1281 4222 1371 4268 terrae

831 4289 912 4346 atque
927 4283 1076 4334 incolarum
1089 4287 1148 4336 eius
1161 4285 1370 4350 appellationes,

831 4365 898 4412 quas
921 4351 1075 4402 Herodotus
1097 4353 1148 4402 hoo
1173 4353 1235 4402 loco
1258 4352 1369 4418 profert,

831 4431 863 4466 ex
875 4417 927 4467 hoc
941 4419 1001 4484 ipso
1014 4421 1148 4486 scriptore
1163 4420 1258 4470 retulit
1269 4435 1309 4471 vs.
1321 4417 1371 4470 560
