2980 4978
317 471 375 530 ΒΕ
398 471 498 531 VITA
522 471 579 529 ΕΤ
601 469 793 530 SCRIPTIS
814 469 1049 530 HERODO'FI.
1190 475 1250 536 485

117 643 284 696 editionibus
299 643 349 696 iam
365 643 482 695 inveniri
498 641 619 696 additum
634 640 803 712 supradixi,
820 641 847 693 in
863 641 996 694 Herodoti
1013 643 1179 696 editionibus
1193 645 1250 714 pri-

116 746 185 781 mum
202 730 294 783 551155
309 735 461 798 comparet,
477 745 492 780 e
505 729 612 780 Graeco
628 727 655 778 15
671 726 798 778 Latinum
815 743 966 779 conversus
981 727 1136 780 aConrado
1148 729 1250 782 Heres-

116 813 226 879 hechio,
252 813 279 865 15
299 813 397 865 Latina
411 812 555 866 Laurentii
569 811 663 864 Veliae
683 810 911 880 interpretatione
925 811 1073 880 Herodoti,
1096 831 1166 883 quae
1188 833 1250 883 pro-

116 899 167 951 diit
187 897 318 950 Coloniae
342 900 416 951 loeo.
442 897 489 950 lol.
516 895 648 966 typisque
675 896 786 966 saepias
814 896 932 966 repetita
958 897 1053 964 esst),
1084 915 1115 949 ac
1138 899 1250 968 potissi-

115 1001 186 1036 mum
200 983 228 1035 in
243 999 276 1035 aa
292 983 426 1050 editione,
445 999 524 1050 quam
539 981 691 1034 excedebat
701 981 839 1033 Hanricus
853 981 1009 1050 Stephanus
1026 999 1097 1034 anno
1113 986 1180 1037 1566
1191 983 1250 1051 fol,

116 1067 164 1139 qui
184 1067 378 1137 1655551555
399 1066 471 1118 inter
487 1065 621 1118 Herodoti
643 1067 763 1118 editores
781 1068 883 1120 Graece
904 1067 972 1118 hanc
993 1067 1195 1134 „narrationem
1217 1068 1251 1120 de

115 1153 172 1204 vita
186 1152 316 1206 Homeri“
333 1151 409 1203 dedit
422 1150 450 1201 in
467 1149 553 1203 altera
566 1150 699 1204 Herodoti
715 1149 849 1218 editione,
875 1167 945 1221 quae
961 1151 1062 1220 prodiit
1082 1169 1154 1203 anno
1174 1156 1249 1220 1592,

117 1235 189 1290 unde
207 1236 236 1289 in
259 1235 380 1306 reliquas
395 1235 528 1287 Herodoti
552 1235 705 1302 editiones,
728 1236 801 1287 15155
817 1238 842 1298 S.
860 1239 891 1288 19
911 1236 1067 1288 accuratius
1090 1237 1250 1289 indicandas

116 1320 241 1373 transiit:
267 1321 295 1373 in
311 1319 455 1373 editionem
470 1319 634 1372 Gothoiredi
649 1320 845 1388 langermanni
864 1321 1056 1391 (Francoiurt.
1070 1323 1136 1374 1608
1154 1327 1182 1374 51
1193 1322 1249 1374 Ge·

117 1423 180 1458 ner.
194 1405 290 1474 1618),
313 1405 433 1457 Thomae
448 1403 527 1456 Galei
543 1404 645 1476 (Lond.
662 1405 758 1480 1679),
774 1406 830 1460 lac.
844 1405 979 1458 Gronovii
994 1406 1138 1475 (laugdnn.
1151 1407 1248 1459 Batar.

117 1489 213 1558 1715),
234 1489 310 1543 Petri
324 1489 501 1558 Wesselingii
524 1489 794 1563 (155151561763),
816 1489 863 1560 qui
884 1489 1061 1543 55511151οοί5
1084 1491 1250 1544 emendatam

116 1575 239 1627 exhibuit
251 1575 321 1628 hanc
335 1575 440 1639 Vitam,
457 1574 603 1643 separatim
618 1589 728 1644 quoque
744 1591 799 1627 une
813 1591 870 1626 cum
886 1575 984 1627 Latina
1000 1575 1127 1628 versione
1142 1576 1250 1628 Etonae

117 1663 194 1713 1752.
215 1664 231 1712 4
247 1660 343 1712 editam
359 1659 424 1711 5551
441 1659 553 1712 Ioannis
565 1658 718 1724 lieinoldii,
737 1659 849 1712 loannis
861 1659 1115 1728 Schweighaeuseri
1129 1659 1248 1730 (Argen-

115 1745 197 1796 torati
218 1751 246 1797 51
265 1743 382 1797 Ρ5515115
402 1745 479 1796 1816.
500 1743 577 1796 Tom.
596 1743 643 1797 lV.
662 1743 693 1796 P.
712 1743 733 1796 l.
750 1761 812 1814 pag.
828 1747 879 1798 299
895 1745 1003 1814 seqq.);
1028 1745 1091 1796 inde
1112 1745 1250 1814 descripte

115 1845 225 1900 quoque
241 1830 325 1882 estin
341 1829 474 1882 Herodoti
491 1827 611 1881 editione
627 1833 787 1898 stereotype
800 1828 1033 1896 Tauchnitaiana,
1050 1847 1128 1899 qnam
1143 1830 1250 1882 curarit

115 1915 163 1967 Fr.
178 1913 268 1982 Palm,
290 1913 367 1983 Lips.
386 1915 453 1968 1839
474 1915 593 1966 511855.
631 1913 727 1981 Longe
744 1913 953 1967 emendatiorem
973 1915 1097 1966 exhibuit
1117 1915 1187 1967 hanc
1201 1914 1248 1967 Vi-

113 2003 167 2050 tam
183 1997 283 2054 65155.
297 1999 488 2050 Westermann
505 1998 533 2050 in
548 1997 617 2050 Vitt.
630 1997 743 2067 Scriptt.
760 2000 876 2051 Graeca.
893 1999 976 2051 minn.
993 1999 1157 2070 (Brunsvig.
1172 2002 1248 2053 1815.

114 2083 156 2151 8.)
170 2099 233 2152 pag.
252 2087 262 2136 1
281 2101 360 2153 seqq.
377 2081 436 2135 coll.
453 2099 516 2152 pag.
533 2082 556 2131 V
572 2099 648 2152 seq,
672 2083 718 2134 ubi
735 2083 854 2152 scriptos
870 2083 955 2136 libros
971 2084 1126 2154 recensuit,
1148 2085 1249 2154 quibus

114 2167 142 2220 15
158 2167 316 2220 adornanda
328 2167 378 2220 hac
390 2167 509 2220 editione
525 2183 593 2219 usus
609 2173 661 2220 551.

639 2355 664 2414 S.
684 2353 726 2404 18.
776 2435 778 2442 Ι

198 2503 276 2556 inter
290 2501 398 2555 codices
409 2501 544 2554 Herodoti
560 2502 648 2555 adhuc
662 2503 786 2571 cognitos
800 2503 913 2572 primum
927 2501 1014 2556 locum
1026 2509 1121 2556 tenere
1136 2511 1250 2572 putatur

118 2589 248 2644 Medicaos
263 2587 339 2658 (Μ),
353 2588 583 2654 555555555555,
599 2587 647 2641 iol.
661 2588 724 2640 min.
740 2587 848 2640 saeculo
864 2587 966 2640 decimo
983 2595 1120 2654 exaratus,
1137 2595 1249 2641 5551555

115 2673 233 2726 Bandini
247 2673 276 2724 in
296 2671 420 2740 catalog.
437 2671 525 2724 Codd.
542 2674 655 2725 Graece.
675 2672 741 2725 5151.
754 2673 885 2726 1555551.
903 2673 938 2724 ll.
956 2672 1007 2726 551.
1022 2675 1072 2727 657
1089 2691 1158 2744 aeq,
1174 2691 1190 2725 a
1205 2674 1248 2725 la-

115 2760 181 2812 5555
198 2757 341 2810 Groncrio
356 2757 471 2824 iurene,
488 2756 645 2810 Florentiae
661 2757 723 2810 dum
737 2758 917 2828 versabatur,
939 2764 1065 2810 accurate
1087 2757 1201 2810 collatos
1221 2763 1249 2812 et

114 2841 308 2915 superstitiosa
324 2859 411 2912 paene
424 2842 602 2896 veneratione
614 2843 720 2910 cultas,
737 2843 774 2894 ita
790 2850 821 2894 51
835 2843 878 2894 vel
894 2843 1128 2896 manifestissimos
1144 2842 1248 2896 librarii

114 2945 223 2982 errores
238 2934 266 2980 51
280 2927 506 2980 hallucinationes
522 2945 571 2997 pro
589 2927 709 2996 genuina
725 2927 858 2980 Herodoti
878 2927 1030 2998 scriptura,
1052 2945 1131 2997 qoam
1149 2929 1183 2979 ab
1202 2927 1248 2981 illo

114 3013 207 3066 556155
221 3029 276 3064 555
292 3012 383 3065 ubivis
399 3013 602 3080 repraesentari
619 3013 672 3064 5151
684 3019 876 3082 persuaserat,
892 3013 1004 3068 haberet
1018 3013 1136 3084 indeque
1151 3012 1249 3065 librum

114 3099 245 3168 scriptum
259 3097 313 3148 fide
327 3096 498 3149 exactissima
513 3097 541 3149 in
555 3103 632 3150 textu
649 3097 726 3150 reddi
738 3097 829 3150 vellet.
863 3098 926 3160 Qno
940 3099 1001 3168 1555
1016 3098 1160 3150 55115555
1176 3098 1248 3150 siro-

114 3199 172 3235 rum
187 3183 328 3234 doctorum
346 3180 375 3232 in
390 3181 628 3250 reprehensionem
643 3181 715 3234 haud
730 3181 861 3234 immerito
876 3183 1002 3236 incurrit.
1036 3182 1146 3236 Sulhcit
1160 3183 1203 3234 hic
1217 3200 1249 3235 ea

114 3283 267 3337 apponere,
288 3283 359 3335 quae
379 3265 566 3317 1515511155
582 3266 680 3318 statuit
696 3267 899 3334 Wesselingius
915 3267 1182 3320 1115555151Η5556.
1200 3267 1246 3318 lX.

114 3369 141 3420 5.
156 3355 207 3405 915
236 3349 480 3416 „celebratissima
497 3349 556 3402 MS.
573 3350 726 3402 Florentini
742 3352 883 3403 samosata
907 3353 1019 3418 551555,
1043 3352 1158 3404 omnium
1179 3351 1247 3420 opti-

113 3451 187 3504 mus,
206 3433 430 3506 antiquissimus,
450 3434 494 3486 cui
510 3433 575 3485 51511
589 3452 639 3503 555
653 3441 701 3486 551
715 3435 879 3502 55555655,
894 3444 923 3488 51
938 3455 970 3488 ex
987 3452 1041 3504 quo
1053 3435 1111 3487 solo
1124 3435 1247 3487 Herodo-

114 3527 158 3574 tea
174 3519 298 3573 suavitas
314 3526 342 3572 et
358 3517 495 3587 elegantia
510 3518 537 3570 in
554 3518 689 3586 integrum
705 3520 813 3571 restitui
829 3520 933 3588 possit,
950 3520 1059 3572 habitus
1073 3520 1098 3571 is
1112 3519 1181 3571 liber
1195 3525 1247 3571 est.

114 3606 169 3658 lac.
186 3604 362 3671 Gronovius,
383 3603 426 3656 vir
442 3603 648 3670 celeberrimus,
670 3620 748 3672 quem
763 3603 873 3656 iuvenis
888 3605 1027 3658 docentem
1043 3603 1135 3656 audiri
1156 3621 1187 3656 ac
1201 3603 1248 3656 ad·

114 3691 228 3744 miratus
244 3705 317 3757 sum,
341 3705 401 3742 eum
415 3687 623 3756 diligentissime
642 3688 764 3740 versavit
779 3693 807 3740 et
821 3689 957 3756 complura
973 3689 1037 3742 inde
1053 3689 1134 3740 bonis
1150 3689 1247 3742 aribus

114 3775 233 3847 pristina
244 3773 358 3826 donavit
373 3774 506 3826 sanitate:
533 3773 572 3824 ita
586 3781 674 3825 tamen
692 3772 752 3825 eius
768 3773 927 3826 excellentld
946 3776 1091 3844 abreptus,
1107 3783 1151 3839 51,
1173 3774 1246 3844 quod

114 3863 175 3932 ipse
189 3859 268 3926 alibi,
292 3859 350 3912 lere
367 3859 448 3910 nimio
470 3859 556 3912 studio
572 3859 599 3911 in
615 3858 748 3912 Mediccera
770 3861 935 3912 membranas
955 3861 1081 3912 55655155
1095 3859 1146 3912 diei
1161 3869 1247 3927 queat.

114 3947 178 3999 Non
195 3944 258 3997 mihi
274 3941 416 3996 consilium
432 3949 488 4011 est,
505 3942 537 3994 de
553 3942 721 4012 praestantia
735 3942 796 3994 5155
814 3943 915 3995 5561515
931 3943 1078 4014 quidquem
1089 3941 1247 3996 detrahere:

115 4029 206 4083 multis
223 4028 360 4098 egregiam
376 4045 483 4098 operam
497 4028 649 4097 praestitit,
665 4027 749 4079 lucem
765 4027 826 4080 aliis
842 4029 993 4097 adspersit,
1010 4027 1141 4081 nonnulla
1155 4029 1182 4080 in
1201 4029 1247 4081 de-

117 4114 236 4184 speratis
256 4114 362 4182 habita,
385 4113 474 4166 salute
494 4111 615 4178 reddita,
641 4112 795 4166 felicissime
815 4112 930 4165 adiurit.
964 4113 1065 4166 Omnes
1085 4120 1173 4166 tamen
1199 4113 1246 4166 551

116 4203 297 4269 postponere,
324 4205 355 4251 51
371 4205 500 4270 tanquam
522 4197 631 4250 umbrae
651 4197 767 4249 volitent
785 4197 906 4267 nullique
922 4198 961 4250 rei
979 4199 1048 4264 sint,
1073 4198 1165 4251 nescio
1181 4197 1247 4268 quid

116 4283 212 4336 dicam.
252 4282 332 4335 Immo
353 4301 419 4336 vero
441 4283 538 4353 opinor
554 4282 599 4335 vix
616 4281 697 4335 ullum
712 4281 819 4352 priscae
839 4283 986 4336 vetustatis
1001 4283 1161 4354 scriptorem
1178 4283 1246 4350 dari,

184 4460 212 4528 l³)
230 4463 291 4514 Vid.
304 4463 428 4516 Fabricii
440 4464 511 4515 Bihl.
526 4463 624 4515 Graec.
638 4463 697 4514 Vol.
711 4463 747 4514 11.
760 4479 786 4531 5.
800 4463 849 4516 888
864 4465 906 4515 ad.
920 4465 1029 4515 Harles.
