3040 4962
227 431 266 493 10
661 425 925 488 lllllll'lllO'l'I

225 596 306 690 πρὸς
336 596 378 686 δὴ
406 601 527 668 τοῦτον
558 596 629 667 εἶπε
657 593 675 668 ὁ
700 600 939 687 Θεμιστοκλέης
968 595 1144 687 ἐπομόσας·
1185 593 1236 668 od
1260 595 1303 666 σό
1327 625 1365 684 γε

224 697 326 790 ἡμέας
343 697 551 786 ἀπολείψεις,
576 702 651 768 ἐπεί
665 727 714 769 τοι
734 696 797 788 ἐγοδ
815 702 898 788 μέζω
918 702 1010 787 δωρα
1029 697 1145 786 διόσω,
1168 693 1189 788 ἢ
1207 696 1366 787 βασιλεδς

225 799 268 872 άν
290 830 340 872 τοι
363 797 381 871 ὁ
401 799 533 889 Μήδων
551 803 689 888 πέμψειε
713 796 910 870 ἀπολιπόντι
933 797 1010 880 τούς
1028 799 1230 889 συμμάχους.
1262 799 1366 870 ταῦτά

225 930 260 972 τε
283 900 350 992 άμα
374 899 513 992 ἠγόρευε
537 904 592 970 καὶ
617 905 735 990 πέμπει
760 904 812 970 ἐπὶ
836 898 897 989 τὴν
915 903 975 971 νεά
992 898 1054 990 τὴν
1075 896 1289 990 Ἀδειμάντου
1310 900 1364 971 τά·

224 1013 327 1074 λαντα
349 1001 513 1094 ἀργυρίου
536 1011 620 1092 τρία.
668 993 773 1072 Οὗτοί
793 1030 828 1072 τε
856 999 898 1090 δὴ
921 1005 1100 1092 πληγέντες
1126 1001 1262 1092 δάροισι
1286 999 1364 1073 άνα-

224 1108 436 1194 πεπεισμένοι
455 1095 557 1192 ἦσαν,
578 1106 632 1173 καὶ
650 1120 734 1173 τοῖσι
754 1100 922 1191 Εὐβοεῦσι
941 1102 1146 1194 ἐκεχάριστο,
1171 1100 1270 1184 αὐτός
1288 1131 1323 1173 τε
1340 1098 1419 1174 6622

227 1209 465 1296 Θεμιστοκλέης
485 1208 659 1295 ἐκέρδηνε,
680 1203 844 1275 ἐλάνθανε
864 1203 952 1274 δέτά
966 1203 1063 1274 λοιπά
1077 1212 1175 1294 ἔχων·
1202 1201 1276 1274 ἄλλ’
1292 1201 1366 1292 ἠπι-

227 1311 341 1378 στέατο
365 1313 400 1377 οί
421 1306 664 1397 μεταλαβόντες
687 1304 816 1377 τούτων
837 1310 905 1376 τοῖν
928 1304 1104 1396 χρημάτων
1128 1309 1164 1375 ἐκ
1181 1309 1248 1376 τοῖν
1270 1303 1365 1394 Ἀθη-

223 1417 330 1480 ναίων
349 1413 463 1480 ἐλθεῖν
483 1412 536 1478 ἐπὶ
554 1412 601 1500 τῷ
619 1407 705 1501 λόγῳ
724 1405 831 1502 τούτῳ
849 1405 888 1477 τά
905 1407 1062 1497 χρήματα.

198 1515 217 1576 6
302 1507 400 1580 Οὕτω
425 1507 466 1598 δὴ
490 1508 686 1599 κατέμεινάν
710 1537 746 1579 τε
772 1513 808 1579 ἐν
831 1513 872 1600 τῇ
890 1505 1019 1599 Εὐβοίῃ
1043 1511 1098 1579 καὶ
1123 1507 1363 1598 ἐναυμάχησαν.

226 1615 355 1699 ἐγένετο
369 1611 406 1681 δὲ
419 1601 500 1680 άδε·
530 1615 605 1681 ἐπεί
618 1639 654 1681 τε
673 1608 714 1699 δὴ
730 1614 762 1692 ἐς
780 1609 836 1693 τὰς
852 1607 989 1700 Ἀςοέτας
1007 1613 1083 1700 περὶ
1103 1617 1218 1698 δείλην
1236 1617 1367 1700 πρωίην

225 1715 405 1803 γινομένην
423 1708 563 1782 α’·πίκατο
581 1708 599 1782 ὁ
620 1709 801 1803 βάρβαροι,
826 1711 1008 1802 πυθόμενοι
1028 1713 1091 1802 μὲν
1110 1719 1156 1781 ἐτι
1175 1713 1230 1780 καὶ
1249 1709 1365 1802 πρότε-

224 1869 405 1946 ἠναντιοῦτο.
435 1878 466 1927 lu
483 1893 558 1942 seqq.
572 1893 620 1942 pro
638 1867 769 1927 α’ποπλοὶ-
801 1927 805 1935 ,
821 1869 988 1940 ἐπιστέατο),
1003 1876 1123 1942 reliquos
1135 1877 1227 1926 Nostri
1237 1875 1312 1926 locos
1326 1877 1366 1926 ui·

224 1944 329 1997 σεσδαι
359 1945 534 1995 Florentiuus
565 1945 668 2010 aliique
697 1936 767 1995 α’πο-
821 1946 876 1995 lert
894 1945 1009 1995 Bredev.
1032 1961 1067 2010 pu
1090 1943 1173 1994 .301.
1191 1942 1242 1994 336
1259 1959 1315 2008 seq.
1334 1971 1366 1979 -

223 2009 409 2078 πλεύσεσθαι,
423 2013 456 2063 de
470 2029 522 2078 que
532 2013 585 2064 vid.
597 2014 644 2076 lv,
658 2012 703 2062 147
718 2013 768 2062 ibi·
821 2013 899 2074 Quee
912 1961 1121 2078 sequunturlnl
1131 2010 1170 2074 τῷ
1183 2003 1255 2077 λόγῳ
1267 2006 1364 2069 redere,

225 2097 276 2147 que
293 2085 363 2130 nott.
821 2079 928 2130 velent:
946 2080 991 2130 sub
1003 2081 1051 2130 dae
1062 2081 1215 2130 conditione.
1247 2078 1365 2140 Ct‘.Vll,

257 2142 348 2198 ταῦτα’
363 2163 393 2198 τε
410 2135 472 2213 ἅμα
485 2137 604 2214 η’γάρευε
623 2146 682 2198 καί
700 2142 768 2213 πέμ·
824 2147 878 2198 158.
889 2149 936 2210 IX,
947 2147 981 2197 26
994 2147 1052 2208 (ubi
1062 2145 1211 2210 vid.uett.).
1223 2145 1256 2196 33
1267 2146 1328 2196 cell.
1342 2147 1365 2210 1,

223 2213 283 2282 πει]
304 2218 346 2266 De
359 2231 409 2266 usu
422 2217 619 2282 particularum
632 2231 662 2266 τε
678 2244 707 2250 -
720 2211 769 2266 καὶ
820 2215 862 2265 66.
882 2217 945 2266 Mox
959 2231 1007 2280 pre
1019 2207 1050 2266 ἐκ
1060 2213 1115 2264 τοῖν
1126 2205 1285 2294 Ἀθηναίων
1294 2213 1366 2263 Bek-

223 2285 279 2334 disi
293 2285 327 2333 ud
341 2285 397 2346 111,
414 2283 471 2336 135.
821 2283 880 2332 ker.
892 2283 967 2333 dedit
979 2273 1009 2332 ἐκ
1019 2282 1074 2332 τοῖν
1085 2273 1235 2348 Ἀθηνεων,
1250 2297 1366 2348 eumque

259 2339 352 2402 Οότοί
367 2367 398 2402 τε
416 2345 452 2417 δὴ
472 2346 626 2417 πληγέντες
639 2347 768 2418 δώροισι]
822 2356 934 2402 secutus
949 2355 991 2401 est
1002 2349 1130 2400 Dinderi.

224 2420 303 2482 Quod
332 2435 381 2485 pre
410 2413 563 2486 πληγέντες
592 2419 769 2470 Florentinus

224 2503 283 2537 eum
298 2492 427 2552 quattuor
440 2487 504 2538 eliis
517 2481 770 2538 cedd.hebetrce'v-
1030 2519 1087 2569 OM,
1115 2520 1151 2568 VI

223 2569 283 2616 τες,
301 2555 576 2614 idexlibrerierurn,
595 2555 770 2620 quibusvul-
1089 2557 1095 2570 ⁸
1154 2559 1160 2572 '

223 2626 316 2686 gutum
335 2621 428 2671 durius
446 2623 546 2683 visum,
570 2624 683 2687 iugenio
698 2623 770 2672 deri·
855 2617 921 2684 περὶ
945 2619 1044 2685 δείλην
1063 2616 1186 2686 πρωίην]
1213 2621 1306 2682 „Esse
1324 2621 1367 2672 λιο-

223 2688 499 2752 vutWesselingius,
519 2705 681 2754 comparans
698 2689 768 2738 'l'he·
821 2705 875 2738 rum
895 2691 1107 2752 pomeridianum,
1133 2704 1186 2738 uno
1209 2705 1255 2738 ere
1279 2688 1366 2752 Hesy-

223 2756 309 2805 mistii
327 2755 415 2806 leeurn
430 2757 507 2806 Oret.
522 2757 557 2806 11.
572 2773 598 2822 p.
611 2755 703 2817 2616,
722 2756 769 2804 ubi
822 2756 911 2816 chius,
938 2756 1051 2818 Suides,
1081 2756 1195 2816 Moeris,
1227 2756 1367 2805 Gramma·

224 2823 341 2888 legimus
358 2815 509 2881 ταλάντοις
523 2814 576 2874 οὐκ
590 2817 690 2884 ἔτρωσε
703 2813 769 2874 οὐδ’
821 2824 870 2872 tiei
883 2838 977 2874 omnes
990 2823 1180 2888 profitentem*
1207 2823 1331 2873 Seleuci
1334 2841 1366 2886 η-

225 2885 345 2956 ἔκαμψε.
375 2890 767 2956 Magislruel'acitPlutereb.
820 2892 964 2941 lacerer.
1001 2891 1089 2952 Quale
1112 2892 1168 2941 diei
1191 2895 1298 2956 tempus
1320 2892 1366 2941 de-

223 2957 366 3009 Demosth.
384 2959 425 3008 25.
449 2975 474 3024 p.
494 2957 591 3008 8571).
622 2955 769 3023 πληγείς
822 2957 909 3008 claret
931 2956 1013 3024 δείλη
1035 2955 1129 3024 πρωΐη
1153 2959 1224 3024 apud
1243 2959 1366 3009 Herede-

223 3017 280 3076 ὑπὸ
299 3023 349 3091 τῆς
367 3023 558 3089 δωροδοκίας,
577 3026 664 3075 Cicer.
687 3027 725 3075 15.
741 3043 767 3091 p.
820 3031 890 3086 turn,
916 3027 985 3076 sutis
1007 3026 1148 3092 colligitur
1169 3043 1202 3076 cx
1225 3042 1270 3086 ee,
1297 3027 1367 3092 qued

223 3093 317 3143 8683.
347 3089 495 3158 πληγείς
517 3085 574 3142 ind
592 3091 644 3142 τοῦ
661 3091 767 3144 δεινοῦ.
821 3093 893 3142 idem
911 3109 971 3144 mox
991 3093 1082 3159 eep.9
1100 3099 1127 3144 et
1145 3109 1228 3159 supra
1247 3095 1297 3148 lv.
1320 3094 1366 3142 167

224 3163 285 3211 Nic.
302 3150 769 3226 16η).5261·“.άχεικα16αόματι
821 3160 879 3222 (ubi
903 3161 939 3211 cs.
957 3164 1038 3224 nott.)
1063 3162 1132 3211 dixit
1154 3161 1253 3226 δείλην
1275 3151 1367 3226 όψίην

224 3223 409 3292 πεπληγότες,
430 3235 457 3278 et
469 3229 565 3279 Merel.
579 3229 610 3279 Τ.
617 3229 650 3278 11.
662 3244 688 3296 p.
696 3230 767 3278 idll.
822 3227 936 3278 alteram
951 3243 1064 3293 eamque
1075 3230 1251 3294 posteriorem
1263 3234 1366 3294 tempe·

224 3292 340 3362 πληγεὶς
353 3295 497 3376 παρρησίη
513 3295 575 3346 cell.
589 3313 614 3361 p.
628 3295 678 3347 763
691 3297 722 3346 Β.
735 3323 769 3332 -
821 3297 857 3346 ris
870 3296 1051 3362 pomeridieni
1070 3303 1176 3361 partem
1195 3297 1229 3345 ab
1244 3297 1305 3362 ipse
1318 3313 1365 3346 uo·

223 3365 256 3414 ln
270 3379 347 3430 seqq.
361 3365 434 3415 edidi
446 3362 585 3428 Ενβοεῦσι
601 3381 614 3414 e
629 3365 768 3414 Sauerefti
821 3369 865 3413 ete
883 3365 1028 3428 ingruente
1047 3380 1101 3413 uon
1119 3365 1260 3414 admodum
1279 3381 1364 3414 reure-

223 3433 294 3483 libro
305 3433 446 3498 tribusque
458 3432 522 3482 eliis
534 3449 582 3498 pro
594 3432 667 3497 vulg.
676 3423 767 3492 Εόβο-
821 3437 876 3480 tum
891 3431 1060 3496 intelligens,
1075 3447 1155 3496 quam
1169 3447 1239 3496 quae
1253 3439 1364 3482 eutece-

224 3495 295 3564 ἐεσι,
314 3502 384 3565 quod
399 3501 466 3551 ferri
481 3515 561 3566 pesse
576 3507 660 3564 neget
670 3501 768 3550 Struve
820 3499 861 3548 dit
876 3503 1045 3564 pomeridicmr'
1061 3503 1182 3564 temperis
1201 3517 1267 3563 pure
1281 3504 1365 3564 μιτόν,

223 3571 304 3634 Spee.
319 3569 432 3629 Quaeri.
445 3570 480 3618 11.
493 3568 579 3634 pug.7
593 3569 767 3632 (opusculi.
821 3569 897 3617 circe
914 3573 1030 3633 ηυατλοοι
1048 3568 1105 3616 iere
1122 3573 1242 3616 uestrum
1260 3567 1364 3628 herum,

223 3653 249 3700 p.
267 3634 340 3698 332),
366 3637 480 3686 rescribi
503 3635 600 3686 iubens
617 3626 766 3701 Εὐβοεῦσι,
821 3651 854 3684 eu
867 3635 976 3685 dicatur
989 3633 1069 3699 δείλη
1081 3631 1175 3699 πρωίη
1186 3651 1300 3684 neeesse
1314 3641 1364 3684 est.

224 3701 428 3766 quodrecentt.
448 3705 590 3754 eddinde
609 3704 767 3755 eBekkere
820 3703 888 3752 lude
929 3719 1016 3767 ueque
1040 3701 1183 3762 intrem,
1204 3701 1249 3752 101
1274 3703 1365 3752 verbis

224 3775 396 3832 receperunt.
505 3793 509 3806 ·
819 3768 894 3834 πρωί
908 3720 948 3822 ἐτι
961 3769 1010 3834 τῆς
1022 3760 1144 3834 ἡμέρης,
1167 3770 1264 3834 quibus
1277 3777 1365 3819 metu·

259 3827 403 3886 ἐλάνθανε
423 3831 455 3886 δέ
473 3863 502 3872 -
524 3832 607 3905 ἔχων]
628 3841 645 3889 i.
659 3856 682 3888 e.
701 3841 767 3902 ipse·
819 3839 904 3888 tinum
923 3839 978 3888 diei
991 3843 1098 3901 tempus
1111 3838 1260 3894 iudicetur,
1280 3853 1363 3902 eppo-

225 3920 271 3970 que
286 3903 461 3954 l'demistuelcr
473 3909 584 3955 lueretur
596 3915 635 3956 est
645 3908 767 3971 reliquam
818 3906 891 3954 nitur
908 3903 974 3969 περὶ
992 3903 1091 3970 δείλην
1107 3907 1165 3955 sive
1184 3910 1291 3970 tempus
1304 3921 1365 3954 ves-

222 3973 385 4036 peermiarum
405 3979 504 4034 μανλινι
524 3977 637 4023 retinens
657 3975 768 4023 caeteris
818 3974 967 4038 pertinum:
991 3989 1078 4038 neque
1098 3973 1180 4022 aliter
1196 3973 1229 4022 de
1243 3979 1365 4037 tempore

225 4040 310 4088 inseiis
322 4054 344 4090 s.
356 4042 418 4088 clam
429 4042 553 4088 cacteris:
566 4057 617 4100 „er
626 4041 703 4090 hutle
717 4041 767 4091 dus
819 4041 974 4106 crepusculi
986 4041 1137 4105 vespertini
1147 4041 1290 4105 Lycurgus
1305 4056 1365 4090 eru·

225 4107 336 4170 librige,
351 4105 422 4156 elme
438 4106 502 4155 (less
517 4121 546 4155 es
557 4106 670 4169 jemand
682 4124 767 4158 wuss·
820 4113 861 4158 ter
878 4111 901 4169 ξ.
925 4108 953 4156 17
971 4109 1040 4157 dixit
1061 4104 1126 4169 περὶ
1146 4105 1245 4172 δείλην
1263 4099 1363 4169 ὀψίαν,

225 4174 289 4234 te‚“
304 4179 334 4222 ut
346 4173 464 4224 reddidit
476 4174 611 4224 Matthiae
624 4175 668 4225 (ir.
683 4177 728 4225 Gr.
742 4177 766 4236 δ.
821 4177 939 4240 itemque
952 4175 1083 4224 Aelianus
1101 4175 1143 4235 (A.
1158 4175 1192 4225 ll.
1205 4176 1231 4234 1,
1247 4173 1284 4224 ll.
1302 4176 1337 4224 Vl
1343 4176 1364 4238 l,

224 4241 281 4294 55⁴2.
293 4243 335 4290 De
345 4241 501 4306 imperfecti
513 4233 766 4305 ίοτεοαήπιστέατο,
820 4243 855 4304 i),
869 4243 1019 4307 Alciphren
1032 4243 1093 4308 (Ep.
1104 4243 1123 4304 1,
1138 4241 1176 4291 l‘l.
1190 4243 1242 4304 111,
1253 4242 1290 4305 5),
1305 4242 1364 4304 ulii,

226 4325 296 4374 quue
309 4310 408 4358 iterum
426 4309 560 4374 reperitur
572 4309 601 4358 in
613 4309 692 4358 huius
705 4309 769 4359 libri
821 4325 888 4374 ques
903 4310 1037 4359 excitavit
1048 4309 1193 4360 Ruhnken.
1208 4309 1243 4358 ad
1256 4309 1364 4360 Tiuruei

226 4393 306 4444 capp.
320 4377 361 4428 25.
373 4375 416 4427 88.
428 4375 470 4428 97.
485 4375 533 4428 132
548 4375 606 4440 (ubi
618 4377 690 4427 mele
704 4378 769 4427 elim
820 4379 888 4427 Lex.
910 4377 1017 4428 Pluton.
1042 4393 1069 4442 p.
1090 4377 1124 4427 75
1147 4375 1243 4442 δείλης
1266 4367 1363 4442 ὀψίας,
