3026 4970
235 417 297 479 274
669 413 933 474 HERODOTI

234 593 388 672 γίνεσθαι
406 581 621 674 Σπαρτιήτην
640 587 693 653 ἐπὶ
711 601 797 654 τοῖσι
815 581 944 654 αὐτοῖσι
963 583 1107 674 λόγοισι,
1131 603 1215 656 τοῖσι
1240 591 1296 658 καὶ
1314 587 1373 658 αὖ·

188 683 290 766 illatis
312 693 446 773 γίνεται.
488 689 598 754 Ταῦτα
623 687 658 755 di
677 688 784 774 λέγων
801 675 898 767 οὗτος
917 689 1063 776 ἐμιμέετο
1082 686 1308 778 Μελάμποδα,
1328 687 1374 770 ὦς

234 785 362 856 εἰκάσαι
379 793 555 874 βασιληίην
572 815 608 856 τε
626 789 681 856 καὶ
705 795 894 876 πολιτηΐην,
923 787 1121 877 αἰνεόμενος.
1157 792 1212 858 καὶ
1239 788 1303 880 γὰρ
1331 789 1373 878 δὴ

233 891 288 957 καὶ
304 887 519 978 Μελάμπους,
537 891 605 958 τεᾶν
624 885 786 975 ἐν”Αργεί
801 891 971 976 γυναικών
988 893 1183 978 μανεισέων,
1203 887 1248 972 ὥς
1265 921 1323 980 μιν
1341 898 1378 961 oi

230 985 368 1080 Ἀργεϊοι
395 993 594 1079 ἐμισθοῦντο
619 993 654 1058 ἐκ
678 988 796 1060 Πύλου
814 993 939 1059 παῦσαι
956 987 1013 1070 τὰς
1032 994 1192 1080 σφετέρας
1210 1010 1374 1080 γυναῖκας

231 1095 288 1178 τῆς
306 1089 449 1178 νούσου,
472 1087 596 1180 μισθὸν
613 1099 821 1182 προετείνετο
838 1095 895 1178 τῆς
917 1098 1090 1180 βασιληίης
1107 1090 1144 1161 τὸ
1164 1089 1272 1182 ἥμισυ.
1309 1091 1375 1163 οὐκ

230 1189 466 1282 ἀνασχομένων
485 1193 522 1261 di
539 1196 607 1263 τω”ν
622 1188 797 1282 Ἀργείων,
820 1188 894 1261 ἄλλ’
919 1189 1104 1282 ἀπιόντων,
1130 1189 1173 1274 ὦς
1199 1197 1375 1283 ἐμαίνοντο

228 1381 344 1456 Ἡγίην,
363 1391 483 1440 Pansan.
497 1391 550 1453 111,
566 1389 605 1440 ll.
621 1391 674 1450 §.5
691 1405 775 1457 nepo·

231 1463 286 1508 tem
304 1459 445 1508 'Pisameni
462 1463 545 1508 vocat
563 1450 657 1522 Ἀγίαν
672 1463 774 1520 vatem,

231 1527 278 1592 qui
295 1525 437 1588 Lysandro
455 1527 482 1574 in
504 1525 608 1590 proelio
627 1527 661 1575 ad
675 1527 775 1592 Aegos·

232 1597 355 1658 potamos
373 1593 516 1642 commisso
537 1593 621 1642 luerit
638 1595 774 1644 vaticina·

232 1667 283 1709 tus.
315 1660 460 1710 Caeterum
473 1665 503 1710 ut
514 1661 640 1724 Regiam,
656 1662 695 1710 ita
707 1663 774 1724 Tyr·

231 1733 324 1776 taeum
347 1743 451 1792 quoque
473 1729 501 1776 in
518 1729 714 1792 Spartanorum
736 1731 774 1778 ei·

231 1795 303 1844 vium
313 1810 452 1844 numerum
462 1795 548 1845 luisse
559 1801 698 1860 receptum
710 1801 775 1846 sunt

232 1863 277 1926 qui
296 1862 418 1922 tradant,
442 1878 603 1927 quamquam
621 1863 670 1912 alii
687 1865 774 1928 ipsius

230 1929 363 1979 Herodoti
381 1931 443 1991 (IX,
462 1930 504 2009 35)
525 1931 689 1979 auctoritate
709 1932 773 1980 freti

230 1997 773 2128 {tttirblttttitlttttlilla:

231 2131 310 2180 baeb.
329 2133 357 2180 in
372 2131 577 2182 Animadversa.
594 2148 619 2196 p.
640 2130 704 2180 nee
716 2148 772 2198 seq.

229 2199 270 2248 Ad
285 2199 369 2248 verba
382 2191 438 2249 lut
456 2199 527 2249 τοῖσι
541 2190 652 2249 αὐτοῖσι
665 2192 771 2264 λόγοισι

230 2266 284 2316 vid.
299 2266 386 2316 allata
400 2267 434 2316 ad
447 2267 494 2331 IX,
508 2265 549 2317 ab.

398 2435 465 2488 Cae.
485 2437 609 2486 XXXIV.

264 2527 393 2604 ἰμιμίετο
406 2530 490 2587 Metti
513 2535 598 2602 nadal
613 2539 631 2587 i.
644 2553 666 2589 e.
680 2539 774 2587 imitari

227 2607 337 2667 studuit,
355 2609 385 2653 ut
402 2621 462 2653 mox
494 2603 668 2669 μισθοῦντο,
686 2609 772 2655 locere

227 2675 377 2722 studuerunt
395 2687 415 2724 s.
434 2675 579 2726 uoluerunt.-
602 2673 635 2721 de
653 2687 706 2737 qua
724 2674 773 2721 im-

228 2740 347 2804 perfecti
365 2740 476 2787 notione
494 2739 548 2787 vid.
563 2740 621 2788 eitt.
637 2741 671 2788 ad
684 2741 696 2788 Ι
705 2777 711 2802 ,
725 2739 772 2802 68,

229 2807 262 2854 de
281 2807 341 2872 ipso
359 2806 444 2854 verbo
462 2805 516 2856 vid.
533 2813 600 2856 nott.
621 2807 656 2856 ad
674 2808 710 2868 V,
728 2807 770 2858 62.

228 2873 269 2922 De
284 2873 444 2936 Melampode
459 2873 514 2923 vid.
529 2873 569 2934 11,
582 2871 623 2922 49.
642 2875 769 2938 vl1‚221

227 2939 321 3004 ibique
340 2945 408 2988 nott.
439 2939 583 2990 Sebubart
598 2941 712 3003 Quaest.
726 2959 772 3008 ge-

827 1387 986 1454 significare
998 1387 1119 1440 voluisse
1132 1389 1307 1452 existimans,
1327 1392 1376 1440 Ti-

827 1470 966 1505 samenum
981 1457 1166 1522 postulatione
1177 1473 1272 1522 parem
1285 1459 1376 1508 luisse

826 1523 1002 1589 Melampodi,
1016 1525 1040 1573 si
1053 1538 1165 1589 regnum
1177 1525 1287 1576 civitati
1300 1541 1376 1575 eom-

826 1592 919 1655 parari
943 1591 1038 1656 possit.
1072 1593 1169 1656 ltaque
1195 1595 1375 1644 accusativos

826 1655 979 1724 βασιληίην
990 1673 1020 1710 τε
1033 1653 1082 1710 aeri
1095 1656 1261 1724 πολιτηίην,
1275 1661 1323 1724 qui
1337 1662 1375 1710 ad

826 1720 991 1791 αἰνεόμενος
1009 1727 1067 1776 aive
1086 1721 1254 1791 αἰτεόμενον
1271 1729 1375 1777 referri

825 1799 979 1857 nequeunt,
1010 1809 1071 1843 eum
1100 1800 1198 1843 neuter
1226 1801 1375 1860 utrumque

825 1861 941 1925 (regiam
952 1861 1114 1926 dignitatem
1125 1867 1153 1910 et
1163 1862 1375 1928 civitatem)pe-

825 1929 915 1990 fierit,
935 1928 969 1978 ad
982 1923 1096 1978 εἰκάσαι
1114 1928 1196 1978 retuli
1212 1936 1375 1994 etquenam

824 1995 1087 2059 Schweighaeusero
1105 1997 1211 2058 (Lexie.
1231 1997 1335 2048 Herod.
1350 1999 1374 2048 1.

825 2079 850 2126 p.
871 2062 928 2126 teo)
946 2062 1073 2128 intelligo
1090 2064 1144 2114 sie:
1167 2071 1291 2130 quolenus
1312 2069 1374 2115 lieet

823 2133 919 2194 replum
941 2132 1087 2195 diqnllalenr
1110 2147 1164 2180 eura
1185 2134 1240 2182 iure
1261 2134 1375 2184 eloitata‘a

823 2199 950 2261 eorrserre.
982 2197 1129 2248 Caeterum
1147 2199 1216 2248 bene
1241 2200 1372 2250 ll’esee-

822 2268 953 2328 linpiaa:
967 2266 1149 2328 „Tisamenus
1162 2267 1204 2316 ius
1214 2265 1373 2331 Spartanae

824 2333 946 2382 civitatis
960 2333 1124 2396 quaerebat,
1138 2334 1294 2398 Melampus
1306 2351 1373 2400 par-

815 2401 879 2448 'tem
896 2403 973 2465 regui
991 2402 1167 2464 Argivorum:
1191 2417 1273 2466 pares
1289 2405 1374 2453 ambo

824 2468 975 2532 eupiditate
994 2467 1128 2528 habendi,
1147 2469 1228 2518 valde
1243 2469 1375 2535 dispares

823 2535 852 2584 in
865 2551 893 2584 re
907 2535 1093 2585 desiderata.“

857 2601 1049 2667 apostotilam]
1075 2605 1133 2653 lloe
1156 2603 1217 2652 loeo
1234 2605 1374 2656 Sebaefe·

824 2685 881 2730 rua,
901 2685 980 2734 quem
993 2671 1107 2732 Mattia,
1126 2671 1238 2721 ltakkar
1250 2676 1279 2721 et
1295 2689 1372 2725 reee.

824 2738 885 2787 edd.
895 2743 1053 2802 sequuntur,
1066 2741 1168 2789 retinet
1177 2738 1372 2804 προετείνετο,

824 2806 894 2870 quod
916 2807 1070 2857 Florentini
1094 2807 1263 2871 aliorumque
1289 2809 1372 2860 eodd.

824 2875 991 2924 auctoritate
1001 2874 1158 2940 Schweigb.
1168 2880 1197 2924 et
1207 2875 1297 2924 θεῖοί.
1310 2891 1374 2926 nru-

823 2945 917 2990 tarunt
932 2942 961 2991 in
978 2941 1176 3005 προετείνατο,
1196 2942 1278 3006 paule
1296 2951 1371 3008 post,

227 3005 311 3056 neall.
329 3023 392 3072 pag.
411 3007 443 3056 73
461 3023 517 3072 seq.
539 3007 586 3056 108
598 3023 655 3074 seq.
692 3011 771 3060 Com·
824 3009 871 3058 ubi
884 3009 955 3058 idem
968 3011 1079 3060 verbum
1093 3010 1181 3060 denuo
1194 3011 1308 3075 legitur,
1323 3027 1373 3060 ea-

227 3075 320 3138 perari
333 3081 424 3124 autem
437 3074 539 3124 debent
549 3091 610 3124 eum
623 3076 675 3126 hae
685 3079 772 3128 llere-
822 3077 950 3126 hibentes
974 3075 1175 3140 προετείνετο,
1202 3079 1281 3127 euius
1305 3078 1372 3128 loeo

227 3141 285 3191 doti
307 3143 465 3192 narratione
488 3143 600 3194 Diodor.
622 3143 705 3196 Siaul.
723 3147 769 3209 lv,
822 3159 871 3193 noe
895 3159 956 3193 enm
980 3145 1093 3209 reliquis
1120 3145 1180 3194 edd.
1206 3145 1372 3197 retinuimus

226 3207 267 3258 68.
288 3207 378 3260 schol.
398 3209 432 3259 ad
447 3210 559 3260 Pindar.
572 3213 649 3262 Nem.
663 3213 713 3273 IX,
728 3213 768 3264 30.
820 3210 1024 3275 apostatante.
1055 3214 1096 3261 l)e
1113 3213 1173 3276 ipso
1192 3212 1277 3261 verbo
1291 3217 1369 3264 oonl.

225 3277 346 3327 Pausan.
365 3277 405 3340 11,
428 3277 466 3328 18.
484 3279 508 3340 ξ.
526 3279 554 3339 4,
581 3294 633 3344 quo
656 3286 768 3332 auctore
820 3285 890 3328 nott.
904 3279 938 3329 ad
951 3281 1008 3336 vll.
1024 3277 1078 3328 1110.

226 3344 277 3394 hoe
290 3345 407 3406 accidit,
421 3361 481 3395 eum
492 3347 673 3412 Anaxagoras
686 3350 770 3414 Argei
854 3337 918 3396 ἀλλ’
931 3338 1087 3413 α’πιόντων]
1107 3348 1125 3397 1.
1139 3363 1163 3396 e.
1178 3361 1238 3396 auur
1253 3363 1281 3397 re
1296 3350 1369 3399 inle-

225 3413 297 3464 lilius
309 3429 422 3478 regnum
435 3415 518 3478 Argia
530 3421 646 3465 teneret.
667 3417 701 3465 111
714 3418 767 3468 vid.
820 3418 867 3463 eta
889 3415 995 3465 domum
1015 3415 1125 3464 abirent
1140 3416 1304 3480 Argivorum
1328 3417 1369 3466 le-

226 3497 331 3546 quoque
344 3481 424 3532 Ovid.
438 3482 504 3531 Met.
518 3482 575 3543 XV,
589 3482 648 3535 322.
820 3484 878 3546 gati
901 3499 934 3532 ex
951 3483 1033 3548 Pylo,
1060 3497 1112 3548 quo
1136 3497 1166 3532 so
1191 3491 1367 3548 receperant,

258 3539 295 3606 ὥς
314 3541 426 3599 εἰκάσαι
445 3546 600 3614 βασιληίην
616 3565 645 3600 τε
659 3547 706 3600 roi
719 3567 768 3602 πο·
819 3549 1017 3616 Melampodem
1037 3567 1053 3600 a
1066 3550 1153 3600 Neleo
1172 3551 1307 3600 adscitum
1325 3555 1369 3614 (ut

226 3612 353 3682 λιτηίην,
380 3611 557 3682 αἰνεόμενος]
582 3617 683 3668 Omnes
704 3619 768 3670 libri
819 3617 955 3668 Diodorus
973 3619 990 3668 l.
1010 3619 1027 3668 l.
1044 3619 1150 3680 narrat)
1169 3618 1286 3682 indeque
1305 3635 1368 3670 enm

226 3685 322 3748 scripti
343 3678 521 3748 αἰνεόμενος,
547 3687 619 3750 quod
636 3686 767 3737 Sebaele·
820 3685 905 3735 Neleo
931 3688 958 3736 in
981 3687 1049 3750 Pylo
1073 3690 1229 3736 versantem
1255 3687 1368 3739 adituri.

225 3765 278 3811 rus,
293 3767 372 3814 quem
386 3757 502 3801 recenti.
517 3753 577 3802 edd.
591 3753 655 3802 inde
669 3770 685 3803 ο
696 3755 768 3804 Bek-
818 3753 850 3801 In
868 3757 989 3818 proxime
1007 3753 1186 3818 sequentibus
1202 3754 1309 3804 verbis:
1327 3747 1367 3814 ὠς

225 3817 291 3866 kero
308 3824 467 3882 sequuntur,
491 3826 589 3884 sponte
606 3824 723 3872 mutavit
739 3825 768 3872 in
820 3811 972 3885 ἐμαίνοντο
995 3819 1088 3888 zotto
1106 3819 1226 3878 tristiore
1243 3821 1300 3870 raia
1316 3837 1366 3886 ην-

225 3879 412 3949 αἰτεόμενον,
436 3903 522 3953 eoque
540 3889 636 3938 retulit
653 3905 767 3941 aecusa—
819 3889 926 3938 ναινοίν
942 3907 994 3940 vox
1012 3888 1107 3953 ποίἰῴ
1126 3905 1143 3938 a
1155 3889 1316 3940 Florentino
1330 3891 1364 3939 li-

225 3953 296 4002 tivos
319 3949 471 4020 βασιληίην
491 3969 520 4004 τε
537 3952 586 4005 καί
604 3955 766 4024 πολιτηίην,
818 3957 866 4006 bro
885 3957 1000 4023 aliisque
1015 3959 1108 4018 abest,
1126 3957 1243 4021 indeque
1261 3959 1365 4008 omissa

225 4027 360 4070 commate
378 4027 440 4085 post
461 4017 573 4074 εἰκοίοαι
591 4025 766 4090 interposil0;
818 4041 835 4073 a
847 4025 974 4075 Belrkero
988 4031 1016 4076 et
1029 4025 1183 4084 Dindorli03
1202 4025 1364 4076 rtiersehina

224 4089 349 4152 equidem
375 4105 434 4138 eum
452 4091 713 4158 Schweighaeusero
739 4103 767 4144 et
817 4094 896 4142 uncis
909 4109 969 4143 eam
982 4094 1109 4156 inclusit,
1123 4094 1221 4158 quibus
1234 4093 1363 4156 equidem

224 4155 383 4205 Gaist'ordio
393 4158 421 4205 in
431 4157 551 4208 lectione
564 4159 641 4210 libris
654 4163 766 4227 seriptis
815 4159 985 4211 liberandam
1008 4163 1072 4212 duxi
1095 4177 1205 4222 vocem,
1231 4174 1302 4224 quae
1329 4161 1365 4211 ad

223 4221 311 4273 allata
323 4223 472 4274 subsistere
486 4227 581 4286 malui,
600 4244 680 4294 quam
694 4231 765 4279 bene
817 4228 903 4292 ipsam
927 4231 1092 4280 sententiam
1114 4229 1273 4280 necessaria
1296 4231 1363 4278 milri

223 4295 316 4340 tuetur
339 4291 400 4340 liltz
429 4293 554 4354 (Jalrrbb.
582 4297 600 4346 ί.
627 4297 763 4362 Philolog.
816 4297 933 4348 videtur.
952 4299 1053 4349 Furore
1069 4303 1214 4363 correptae
1225 4301 1364 4350 erantAr-

222 4359 316 4425 Suppl.
334 4359 395 4410 Vol.
408 4360 454 4409 IX.
474 4378 499 4426 p.
521 4362 578 4426 l‘ll)
597 4365 763 4414 Herodotum
816 4364 897 4428 given
923 4367 1044 4416 feminae
1070 4361 1120 4417 διὰ
1143 4363 1196 4433 τήν
1218 4366 1363 4420 Διονύσον
