3026 4970
501 425 764 486 CALLIOPE.
789 425 878 485 VIII.
900 435 944 487 51.
1226 425 1287 488 297

151 593 169 669 ὁ
187 593 329 689 ποταμὸς
346 593 482 670 ἄνωθεν
500 601 536 667 έκ
552 601 614 667 τοῦ
629 600 841 688 Κιθαιρῶνος
859 599 926 686 ῥέει
944 593 1032 666 κάτω
1051 599 1083 676 ές
1100 592 1137 667 τὸ
1160 602 1288 684 πεδίον,

151 703 274 790 θιὲχων
290 696 344 770 ἀπ’
358 695 511 788 ἀλλήλων
528 696 567 770 τὰ
578 699 701 789 ῥέεθρα
713 695 793 768 ὅσον
805 724 868 786 περ
880 706 956 787 τρία
968 696 1098 787 στάδια,
1111 701 1165 768 καὶ
1178 705 1289 768 ἔπειτα

150 809 329 892 συμμίσγει
348 805 379 881 ἐς
396 797 512 872 τώυτό·
530 797 658 890 οὔνομα
677 803 718 870 δέ
731 805 766 869 oi
778 795 902 890 Ὠερόη.
922 802 1093 890 θυγατέρα
1111 800 1148 870 δὲ
1161 795 1289 888 ’ταύτην
1349 809 1359 830 “

150 999 699 1067 stampertinere:undeextenditurpla·
748 997 825 1048 brem
857 999 885 1048 in
920 998 1147 1049 antecedentibus
1182 999 1290 1049 fecerat

152 1069 244 1127 nities,
255 1069 333 1118 cuius
343 1068 491 1132 imaginem
502 1066 698 1117 exhibuitWil-
747 1067 926 1128 mentionem,
957 1081 1018 1116 cum
1042 1067 1067 1116 h.
1092 1066 1109 1115 l.
1134 1067 1175 1116 ite
1198 1067 1289 1132 potius

151 1136 234 1186 liams
258 1137 286 1185 in
308 1135 331 1185 0
354 1151 413 1185 ere:
438 1134 532 1184 Select
553 1135 643 1185 Views
667 1135 698 1185 oi
747 1134 864 1192 scribat,
888 1139 919 1182 ut
941 1131 1024 1183 alium
1045 1133 1155 1184 fluvium
1172 1135 1290 1184 nondum

153 1204 259 1254 Greeee
279 1201 325 1252 182
345 1239 352 1252 .
386 1204 426 1253 Ao
447 1207 533 1252 totam
555 1203 695 1268 regionam
747 1205 937 1264 memoratum,
955 1201 1072 1251 nondum
1085 1202 1223 1267 cognitum
1236 1203 1291 1268 ipsi

153 1275 284 1322 accurate
308 1273 371 1336 post
392 1271 466 1320 viros
490 1270 598 1329 doctos,
630 1285 695 1334 quos
746 1269 1124 1334 inmentefuisseappareat.
1143 1269 1290 1333 Hincquo-

152 1339 222 1397 dixi,
240 1339 389 1403 descripsit
406 1338 501 1388 addita
517 1337 612 1387 tabuit
630 1353 694 1402 geo·
746 1351 798 1400 que
816 1335 900 1414 paulo
916 1337 1031 1419 interius
1053 1336 1290 1418 idem5pers'cribit

152 1404 696 1538 inlustres..tuellis
747 1399 1290 1536 §.serenitudinisrr:

151 1541 211 1608 ipse
235 1557 297 1592 eam
321 1540 512 1606 perlustravit3
538 1539 599 1589 add.
625 1555 696 1604 quae
748 1553 796 1596 νος
810 1539 1115 1605 (i.e.puemeanelocum
1126 1542 1290 1596 circumcirca

153 1613 314 1660 monuerunt
332 1607 485 1673 Goettling:
511 1607 695 1658 Gesammelte
749 1605 833 1656 Odroe'
847 1607 932 1670 Asopi
942 1609 998 1669 fllia
1015 1609 1135 1656 discindit
1152 1622 1172 1657 s.
1183 1609 1286 1657 circum·

151 1675 299 1726 Abhandll.
308 1677 330 1726 1.
340 1693 366 1742 p.
378 1675 426 1726 134
437 1691 513 1740 seqq.
527 1681 555 1726 et
567 1674 695 1725 Vischer:
746 1673 826 1738 (lnior
840 1689 909 1738 quae
923 1675 984 1739 ipsa
996 1675 1065 1724 satis
1078 1675 1215 1734 evincunt,
1229 1691 1290 1725 ver·

151 1745 360 1808 Erinnerungen
383 1748 436 1794 eto.
457 1759 521 1808 pag.
542 1741 592 1793 54³
609 1757 695 1807 seqq„
748 1743 785 1791 ba
802 1756 885 1806 supra
902 1741 988 1792 allata
1006 1757 1061 1792 non
1078 1743 1131 1791 nisi
1149 1743 1182 1792 de
1201 1741 1290 1792 Oiirot

151 1813 199 1877 qni
213 1815 240 1862 et
253 1813 306 1877 ipsi
318 1812 456 1875 regionem
469 1811 635 1872 inviserant;
654 1811 695 1860 di·
746 1808 865 1873 intelligi
887 1823 976 1876 posse.
1013 1809 1073 1871 Quo
1096 1811 1185 1876 magis
1208 1811 1291 1860 miror

152 1881 275 1945 sputavit
291 1877 324 1928 de
341 1879 385 1928 his
402 1893 509 1943 qnoque
528 1877 625 1928 Grote:
644 1877 694 1927 Hi·
746 1875 875 1926 Siebelis.
890 1877 937 1939 (ad
948 1877 1066 1927 Pausan.
1076 1876 1093 1926 l.
1105 1877 1144 1940 l.),
1159 1878 1205 1942 qui
1218 1878 1291 1943 apud

152 1954 227 2011 story
240 1947 272 1996 oi
281 1946 387 1997 Greeoe
397 1947 429 1996 V.
440 1963 465 2011 p.
480 1944 526 1994 197
538 1960 615 2010 seqq.
628 1945 695 1994 deli·
745 1944 915 1994 Herodotum
942 1935 958 1994 ὁ
982 1936 1109 2011 ποταμὸς
1136 1961 1186 2010 per
1213 1945 1291 2010 leges

151 2017 310 2068 restionem
319 2014 441 2078 regionis
451 2013 595 2072 adiiciens,
608 2013 694 2062 eliis·
746 2012 942 2078 grammaticas
964 2027 1017 2062 non
1040 2013 1095 2062 nisi
1118 2013 1153 2062 ad
1170 2013 1291 2078 Asopum

152 2083 224 2148 perti
234 2079 693 2147 opere(Atlasv.Hellastab.XIV)
745 2079 844 2130 referri
861 2094 940 2144 posse
958 2079 1108 2131 contendit.
1143 2080 1220 2142 Quod
1243 2097 1291 2131 cur

152 2151 351 2216 depromptam,
365 2163 446 2214 quem
458 2148 584 2213 repetiit,
599 2147 633 2197 de
646 2147 693 2197 iis·
745 2147 932 2197 necessarlum
944 2147 993 2210 sit,
1007 2147 1132 2212 equidem
1143 2163 1197 2197 non
1210 2147 1290 2197 intel·

152 2217 214 2268 dem
223 2215 519 2280 disserens,Wheeler:
531 2213 697 2280 Geography
747 2214 818 2279 lig0;
836 2229 925 2280 neque
938 2214 1086 2292 quidquam
1098 2215 1194 2280 opinor
1206 2216 1290 2280 impe·

152 2286 183 2335 oi
197 2285 329 2335 Herodot.
351 2299 415 2350 pag.
432 2281 466 2333 70
483 2297 560 2347 seqq.
594 2282 697 2348 Attigit
747 2281 800 2343 dit,
826 2297 879 2346 quo
895 2283 984 2331 minus
1002 2297 1017 2331 o
1035 2274 1161 2345 ποταμὸς
1182 2297 1235 2332 non
1256 2281 1290 2332 de

153 2353 271 2415 denique
283 2352 354 2400 haec
367 2351 462 2401 eadem
475 2351 557 2400 Ross:
575 2351 695 2400 Wande·
747 2349 838 2414 Asopo
850 2348 899 2398 sed
912 2349 945 2398 de
958 2349 1047 2399 Οὲτοὲ
1062 2349 1230 2413 accipietur3
1244 2351 1290 2414 qui

153 2435 249 2484 rungg.
268 2419 297 2468 in
310 2417 499 2470 Grieohenl.1.
513 2433 578 2483 pag.
594 2415 633 2466 16.
664 2417 696 2466 In
748 2417 822 2466 rivus
844 2431 878 2466 ex
896 2415 954 2466 alto
971 2415 1138 2467 Cithaerone
1160 2415 1291 2481 delapsus

153 2488 244 2551 ipsam
273 2499 393 2550 pugnarn
421 2485 533 2549 eiusque
562 2485 696 2535 rationem
747 2485 777 2533 in
789 2482 946 2548 planitiem,
964 2489 1029 2533 ente
1042 2485 1129 2548 ipsum
1142 2481 1290 2534 Plataeen-

152 2557 265 2618 praeter
277 2553 347 2603 alios
362 2552 563 2616 inquisiverunt
573 2551 697 2615 Koechly
747 2551 817 2601 sium
834 2551 929 2601 urbem
946 2551 975 2600 in
992 2551 1059 2601 duos
1077 2550 1181 2600 divisus
1196 2567 1291 2602 amnes

153 2619 336 2670 etRnestow:
356 2619 524 2680 Grieclrisch.
542 2619 697 2686 Kriegswe·
748 2618 837 2700 efficit
865 2618 996 2681 insulem,
1027 2619 1056 2668 in
1084 2633 1166 2683 quem
1190 2618 1291 2670 Graeci

154 2685 618 2820 ⁵⁰rrzr.⁰².mu...,..,.,
747 2686 1291 2820 insternunturtris:

152 2823 199 2872 nui
217 2823 245 2872 in
258 2823 383 2873 omnibus
401 2823 479 2873 libris
496 2827 525 2872 et
538 2823 649 2887 scriptis
668 2827 696 2872 et
747 2827 790 2872 tes
808 2825 836 2871 in
853 2822 938 2872 variis
956 2823 1017 2886 egri
1030 2821 1206 2872 Plataeeneis
1224 2821 1291 2872 deli-

152 2891 235 2943 editis
247 2891 396 2955 prolatum3
412 2891 440 2939 in
453 2884 549 2954 Περέη
562 2893 695 2939 mutatum
747 2889 922 2940 neationibus
942 2889 997 2940 ulio
1014 2905 1123 2954 prorsus
1141 2889 1202 2940 loco
1216 2890 1290 2940 erhi-

152 2957 211 3009 vnlt
223 2957 374 3023 GoettIIng.
392 2957 409 3007 l.
427 2957 446 3007 1.
465 2957 546 3022 idque
564 2973 613 3022 pro
625 2955 695 3006 nn-
746 2957 864 3007 buerunt
880 2956 1045 3023 geographi,
1064 2958 1151 3008 omnis
1170 2957 1291 3022 regionis

152 3017 205 3089 ρόη
222 3025 324 3076 dictum
342 3025 458 3091 accipit,
483 3031 540 3074 tem
561 3025 590 3074 iu
607 3024 693 3075 Hero·
746 3025 853 3076 ratione
874 3040 1004 3090 perversa
1026 3029 1055 3075 et
1074 3025 1159 3090 ipsius
1180 3041 1290 3091 pugnae

151 3093 209 3143 doti
218 3093 288 3155 loco,
299 3107 380 3156 quam
390 3093 419 3142 in
427 3093 576 3152 Pausania,
588 3093 635 3157 qui
645 3093 694 3154 lx,
745 3092 933 3158 intelligentia
942 3093 1083 3158 impedite.
1103 3092 1219 3142 Meliora
1230 3092 1291 3144 edo-

151 3161 176 3210 4.
196 3161 220 3221 §.
233 3160 249 3212 3
266 3161 326 3210 loco
343 3159 461 3209 maxime
480 3159 589 3224 gemino
606 3160 695 3224 ipsum
746 3161 804 3209 cuit
816 3160 903 3209 Kruse
918 3157 946 3222 (l.
959 3159 978 3208 l.
991 3161 1026 3222 11,
1043 3159 1066 3208 l.
1078 3175 1143 3225 pag.
1156 3157 1291 3213 491-493

151 3227 320 3279 Herodotum
343 3225 417 3276 haud
439 3227 499 3276 seio
524 3241 560 3275 an
583 3231 696 3276 secutus
745 3226 825 3276 Atlas
842 3241 882 3276 nr.
895 3227 958 3287 VI),
976 3228 1036 3292 ipse
1049 3232 1160 3277 secutus
1172 3227 1290 3294 Anglum

151 3296 251 3346 scribit
267 3294 350 3344 haec:
376 3284 406 3343 έκ
421 3291 568 3351 Πλαταίας
586 3287 619 3343 dl
634 3287 695 3344 ἰοῦ·
745 3295 834 3344 virum
846 3293 953 3344 doctum
965 3292 1105 3358 Stenhope
1115 3295 1143 3343 in
1154 3294 1224 3346 libro
1233 3295 1290 3345 lau·

152 3375 198 3413 σιν
208 3353 237 3420 ές
248 3355 330 3427 Θήβα
356 3353 483 3425 ποταμός
494 3351 570 3410 ἔστιν
581 3349 694 3426 Ὠερόη·
746 3361 812 3411 dato
834 3376 899 3426 pag.
922 3360 964 3409 71.
990 3361 1022 3408 72
1047 3361 1170 3425 aliosque
1194 3362 1289 3412 doctos

152 3421 300 3495 θυγατέρα
314 3377 346 3478 dl
359 3419 501 3491 εἶναιτὴν
515 3416 634 3492 Ὠερόην
645 3425 697 3478 τοῦ
746 3428 861 3494 Anglos‚
880 3429 1000 3502 itemque
1016 3427 1153 3478 Letronne
1172 3427 1190 3478 l.
1209 3443 1291 3494 supra

150 3487 273 3547 Ἀσωποῦ
284 3489 405 3560 λέγουσι.
434 3493 514 3546 Unde
527 3495 596 3545 satis
608 3499 694 3560 patet,
746 3496 765 3545 l.
779 3513 805 3561 p.
818 3495 868 3544 722
880 3509 929 3560 seq
949 3531 955 3542 .
975 3499 1056 3560 atque
1070 3495 1143 3544 (leil.
1161 3495 1211 3556 (Le
1230 3497 1290 3562 phi·

153 3564 224 3628 quod
236 3565 319 3614 etiam
329 3563 462 3614 orationis
474 3567 554 3612 tenor
567 3577 696 3612 annexus
746 3563 792 3614 lol.
810 3564 859 3613 IV.
876 3579 903 3628 p.
921 3511 972 3612 alo
988 3577 1046 3627 seq.
1064 3563 1095 3610 V.
1110 3578 1135 3627 p.
1148 3560 1199 3611 288
1211 3564 1289 3627 seq.).

153 3633 248 3693 docet,
266 3631 339 3696 apud
350 3631 518 3681 Herodotum
535 3630 622 3680 verba
640 3643 695 3694 σχι-
747 3630 815 3681 Add.
828 3629 897 3679 c.0.
905 3628 1034 3680 Mueller:
1048 3628 1211 3680 Orchomen.
1226 3647 1290 3696 pag.

153 3691 272 3762 ξάμενος
287 3688 302 3748 ὁ
320 3691 446 3763 ποταμὸς
462 3687 580 3748 ἄνωθεν
597 3689 627 3748 έκ
645 3695 696 3747 τοῦ
746 3696 797 3748 488
815 3701 843 3748 et
859 3697 1029 3764 potissimum
1046 3696 1141 3748 Lealre
1164 3697 1291 3759 (Travcls

152 3763 336 3829 Κιθαιρῶνος
349 3758 406 3830 ὅέει
419 3757 496 3816 κάτω
509 3756 537 3824 ἐς
549 3757 581 3815 τὸ
593 3762 696 3816 πεδίον
746 3767 776 3816 in
788 3763 924 3816 Northern
938 3765 1043 3816 Greeoe
1056 3766 1093 3815 11.
1111 3782 1136 3831 p.
1151 3763 1200 3816 324
1213 3781 1289 3832 seqq.

153 3849 178 3883 κ.
191 3849 214 3882 τ.
229 3833 252 3882 t.
266 3848 320 3884 non
333 3833 367 3882 de
379 3832 477 3898 Asopo,
489 3836 520 3882 ut
532 3833 694 3899 quibusdam
746 3849 810 3900 pag.
817 3833 866 3886 357
875 3831 954 3899 seo),
965 3833 1152 3899 quIHerodoti
1161 3833 1247 3884 verba
1256 3833 1290 3885 da

153 3899 260 3966 placuit
283 3901 390 3965 ipsique
414 3901 571 3952 Pausaniae
596 3901 695 3951 editori
746 3901 836 3952 insula
849 3917 882 3952 ao
895 3902 976 3953 fluvio
990 3901 1079 3952 Oiiroii
1092 3906 1222 3953 accurate
1235 3907 1290 3952 tra-

153 3967 298 4017 Siebelisio
316 3983 380 4032 pag.
398 3966 436 4016 14.
457 3967 502 4030 15,
524 3969 573 4018 sed
591 3969 624 4018 de
643 3969 694 4018 hoo
747 3973 805 4019 ctat
826 3970 916 4020 locum
934 3969 1158 4032 indicarimus,
1184 3971 1230 4034 qui
1247 3986 1289 4020 se·

154 4035 213 4100 ipso
226 4034 330 4084 Otroiis
346 4035 406 4084 rivo
424 4049 485 4086 esse
502 4035 693 4100 intelligenda.
746 4037 929 4102 ptentrionem
940 4052 1036 4089 versus
1054 4052 1071 4086 a
1083 4037 1289 4088 Plataeensium

152 4101 254 4152 Obstat
279 4103 349 4152 eninr
371 4102 523 4152 Herodotei
545 4101 600 4154 loci
624 4102 694 4152 ratio
745 4103 814 4152 urbe
827 4105 994 4166 extenditur,
1015 4105 1050 4154 ab
1067 4106 1127 4171 ipso
1139 4106 1230 4171 Asopo
1243 4105 1290 4154 de·

152 4169 293 4235 ipsiusque
310 4170 430 4236 regionis
449 4170 583 4232 conditi03
607 4171 648 4218 ita
665 4173 695 4218 ut
746 4187 806 4220 cem
824 4172 916 4221 stadia
933 4177 1064 4222 remotum
1088 4173 1163 4224 illum
1182 4173 1290 4236 quidem

152 4251 291 4302 nunquam
319 4237 386 4286 mihi
414 4237 574 4302 persuaderi
602 4237 696 4301 patiar
747 4241 776 4288 et
792 4241 874 4303 prata
892 4240 1078 4289 continentem
1096 4240 1200 4304 aliquot
1216 4239 1289 4288 rivu-

151 4303 320 4354 Herodotum
337 4303 386 4354 illa
403 4305 488 4355 verba
505 4305 647 4370 scripsisse
661 4303 694 4355 de
745 4305 795 4367 lis,
809 4306 855 4370 qui
869 4306 897 4354 in
909 4321 990 4356 unum
1004 4307 1102 4357 deinde
1115 4309 1222 4364 cedant,
1237 4305 1291 4353 dis-

151 4371 243 4437 Asopo
261 4371 443 4438 cogitantem,
470 4373 547 4424 ouius
562 4379 619 4424 tem
636 4387 696 4423 ere·
746 4377 839 4423 secta:
863 4371 936 4422 hunc
955 4372 1046 4423 locum
1066 4373 1177 4439 planum
1193 4373 1290 4420 insulae
