3074 4960
530 409 736 472 URANIA.
760 412 849 470 VIII.
872 419 917 474 11.
937 419 982 476 12.
1265 417 1325 479 103

184 582 321 674 ψάμμου
348 581 488 674 πλήρεες
515 580 746 674 ἐσεφορέοντο,
774 584 829 652 καὶ
849 585 981 654 ἐλίνυον
1003 579 1127 654 οὐδένα
1150 581 1272 676 χρόνον
1293 591 1328 654 ol

184 683 413 774 βοηθήσαντες
437 681 661 776 ἐργαζόμενοι,
688 681 765 755 οὔτε
786 681 906 766 νυκτὸς
927 681 1005 755 οὔτε
1030 679 1162 774 ἡμέρης.
1217 692 1263 757 ot
1287 687 1324 757 δὲ
1332 698 1371 759 72

185 785 400 876 βωθήοαντες
419 790 452 868 ἐς
469 783 527 857 τόν
542 781 675 876 Ἰσθμὸν
687 789 852 876 πανδημεὶ
870 791 942 856 οἵδε
959 776 1045 874 ἦσαν
1058 780 1237 876 Ἑλλήνων·
1257 797 1324 860 Λα-

185 887 394 978 κεδαιμόνιοί
407 916 444 957 τε
461 889 517 958 καὶ
540 885 695 977 Ἀρκάδες
713 885 835 968 πάντες
853 890 908 957 καὶ
929 883 1051 958 'Histoi
1069 891 1124 958 κα1
1148 896 1324 980 Κορίνθιοι

186 992 240 1059 καὶ
251 987 434 1060 Σικυώνιοι
452 993 507 1059 καὶ
523 985 728 1080 Ἐπιδαύριοι
746 991 801 1059 καὶ
821 987 971 1059 Φλιάσιοι
990 991 1045 1059 καὶ
1069 988 1252 1078 Τροιζήνιοι
1270 993 1324 1060 καὶ

180 1085 372 1180 Ἑρμιονέες.
426 1079 517 1161 οὗτοι
543 1091 605 1180 μὲν
631 1079 716 1179 ἦσαν
741 1097 776 1160 ot
798 1090 1027 1179 βοηθήσαντες
1052 1093 1109 1160 καὶ
1131 1086 1324 1183 ὑπεραρρω-

187 1191 317 1273 δέοντες
339 1195 379 1282 tq*
398 1186 529 1262 Ἑλλάδι
552 1190 813 1282 κινδυνευούσῃ·
837 1208 922 1262 τοῖσι
948 1193 985 1261 δὲ
1008 1188 1137 1263 άλλοισι
1154 1203 1323 1263 Πελοπον-

184 1301 328 1384 νησίοισι
352 1299 446 1382 ἔμελε
469 1290 578 1364 οὐδέν.
631 1289 793 1384 Ὀλύμπια
818 1294 933 1363 δὲκαὶ
957 1291 1105 1384 Κάρνεια
1123 1292 1325 1386 καροιχῶκεε

184 1527 404 1592 loponnesiorum
432 1526 533 1577 Persas
565 1527 728 1578 invadentes
779 1542 808 1576 re
826 1527 904 1590 sequi
923 1526 1021 1589 malui,
1040 1527 1324 1592 probanteBredovio

184 1595 365 1644 metuentium
394 1595 478 1659 operti
505 1595 638 1644 exstructi
663 1595 727 1644 reli·
778 1611 804 1660 p.
826 1593 885 1652 166,
909 1610 961 1660 quo
983 1596 1037 1644 iam
1060 1610 1143 1660 supra
1161 1594 1195 1643 ad
1211 1595 1290 1656 VIII,
1312 1595 1322 1643 l

185 1662 267 1728 quiae
279 1677 342 1710 unm
356 1661 445 1712 adhuc
458 1664 609 1726 supersint,
629 1677 646 1712 a
660 1662 728 1712 viris
778 1677 924 1724 naussum,
939 1663 963 1711 si
973 1663 1082 1727 quidem
1093 1661 1248 1712 Herodotus
1258 1677 1324 1726 pau-

186 1729 274 1780 doctis
299 1729 449 1794 Iisdemque
473 1729 728 1796 peregrinatoribus
780 1731 820 1779 cis
843 1729 913 1780 locis
937 1731 1060 1796 exceptis
1088 1733 1247 1780 constanter
1266 1729 1323 1780 vul·

184 1801 279 1847 nostra
297 1801 389 1846 aetate
407 1797 488 1847 valde
506 1799 659 1861 quaesitum
673 1803 727 1858 εει,
779 1813 874 1861 garam
892 1797 1005 1847 formam
1026 1798 1186 1847 adhibuisse
1206 1797 1323 1847 videtur.

186 1865 223 1914 cl.
241 1864 350 1915 Leuke:
375 1864 490 1914 Travels
513 1865 541 1914 iu
559 1865 655 1914 Mores
675 1865 726 1914 III.
779 1863 936 1914 Dindorfius
961 1865 1048 1914 tribus
1072 1865 1115 1914 lris
1143 1863 1213 1914 locis
1238 1865 1325 1914 edidit

184 1931 274 1998 psus
291 1947 349 1996 seq.
384 1933 494 1982 Etenim
512 1931 601 1981 adhuc
620 1933 726 1998 conspi-
780 1925 1153 1998 dmdq'oavrsqquodipsum
1164 1931 1325 1982 Dietschius

186 2001 295 2050 ciuntur
317 2000 438 2064 vestigia
459 2015 593 2050 murorum
611 2003 728 2049 structu·
780 1999 883 2050 duobus
896 2000 1032 2065 prioribus
1049 2000 1118 2050 locis
1135 2000 1223 2058 dedit,
1241 2000 1324 2050 tertio

185 2083 233 2117 rae
247 2067 389 2116 admodum
402 2065 521 2116 solidae:
536 2083 605 2132 quac
616 2082 680 2116 num
694 2067 729 2116 ad
780 2067 854 2131 loco,
870 2069 915 2132 qui
948 2067 1010 2118 aulo
1023 2069 1139 2118 inferius
1151 2067 1267 2132 legitur,
1282 2083 1323 2116 re-

184 2136 256 2184 bnno
275 2149 377 2184 murum
394 2135 565 2198 pertineant,
584 2150 619 2183 au
635 2134 669 2184 ad
681 2151 728 2200 po·
779 2135 907 2200 liuquens
920 2083 1128 2200 άοηθήοαντες.
1143 2160 1177 2170 -
1194 2133 1236 2184 Ad
1254 2135 1323 2184 dati·

185 2203 308 2252 sterioris
321 2202 421 2251 aetatis
434 2219 450 2252 o
471 2211 527 2264 era,
545 2201 729 2252 eodiilicilius
780 2217 843 2252 vum
860 2201 894 2268 τῇ
908 2194 1022 2253 Ἐλλάδι
1041 2203 1144 2252 consul.
1163 2201 1262 2251 Matth.
1277 2201 1322 2252 Gr.

186 2269 336 2332 discernas,
351 2270 422 2334 quod
434 2219 510 2319 ilIuru
522 2285 626 2319 murum
638 2275 729 2335 poste·
782 2269 827 2319 Gr.
841 2271 864 2330 ἓ.
878 2267 936 2320 394.

185 2338 223 2386 ris
240 2337 407 2402 temporibus
424 2337 572 2402 aliquoties
593 2337 730 2387 relectum

184 2410 398 2469 renovatumque
415 2420 476 2454 osse
493 2405 610 2470 legImus
628 2405 663 2454 ad
682 2405 728 2454 ho·

184 2477 241 2523 stes
259 2472 425 2522 accedentes
443 2488 460 2521 a
477 2473 668 2538 Peloponneso
687 2488 727 2521 ar-

185 2539 300 2600 cendos;
330 2539 385 2591 vid.
410 2541 579 2605 potissimum
604 2539 727 2589 Curtius:

184 2607 366 2672 Peloponnes.
380 2607 401 2657 I.
439 2624 483 2672 ag.
500 2607 599 2671 ideoq.
617 2607 651 2657 11.
664 2623 727 2672 pag.

184 2675 243 2725 551.
257 2673 320 2736 suo,
340 2623 439 2725 Beati:
458 2675 564 2725 Etudes
582 2691 628 2724 sur
640 2675 665 2724 1ο
678 2675 728 2724 Pe-

185 2742 326 2809 loponnes.
339 2743 361 2792 1.
375 2758 439 2806 pag.
451 2743 510 2792 475.
540 2742 585 2792 Sic
598 2743 728 2792 Iustinia-

184 2826 236 2860 nus
257 2811 406 2875 imperator
427 2825 502 2860 muro
520 2810 555 2859 ab
573 2825 626 2860 uno
645 2811 728 2860 maris

184 2877 264 2928 litore
283 2877 317 2927 ad
330 2877 446 2927 alterum
464 2877 546 2926 ducto
558 2877 727 2942 Peloponne-

186 2962 245 2996 sum
263 2943 450 2995 interclusisse
468 2945 581 3006 dicitm,
603 2946 727 3010 idemque

184 3015 306 3078 suscepit
323 3027 394 3064 anno
413 3030 440 3079 p.
459 3011 522 3062 Chr.
540 3029 566 3062 n.
588 3011 652 3062 1415
670 3013 727 3062 bla-

184 3081 248 3131 nuel
261 3083 418 3146 imperator,
432 3081 534 3130 additis
547 3080 596 3130 158
609 3081 728 3130 turribus

185 3149 219 3199 sd
242 3163 347 3198 murum
369 3149 414 3199 vel
435 3149 524 3212 magis
542 3147 728 3208 muniendum

184 3221 214 3266 tu
236 3216 292 3265 vid.
315 3231 385 3280 quae
408 3216 533 3281 exposuit
549 3215 669 3265 Ellissen
693 3215 728 3264 ad

185 3283 345 3334 Plethonem
359 3285 399 3333 in:
419 3282 575 3332 Analelrten
587 3283 613 3334 d.
626 3283 728 3333 mittel-

185 3351 728 3470 Yaeneffggiienffl'e&ffligfflguffi’gug'ffi'
779 3383 877 3447 quibus
897 3382 976 3434 Eleos
1000 3389 1096 3433 contra
1118 3384 1235 3432 Xerxem
1257 3381 1322 3430 reli·

237 3455 243 3468 ¹
780 3465 892 3515 qnorum
910 3450 1077 3500 Graecorum
1101 3455 1193 3499 castra
1213 3453 1323 3498 secutos

185 3479 287 3552 χιομόν
299 3486 453 3536 Herodotus
472 3490 665 3536 commemorat
679 3486 727 3548 VI,
781 3533 842 3568 esso
864 3517 961 3567 scribit
977 3517 1133 3566 Pausanias
1149 3517 1186 3578 v,
1209 3516 1234 3564 q¹
1257 3517 1280 3576 ἓ.
1298 3515 1321 3573 5,
1342 3534 1343 3537 ,

184 3551 229 3614 36,
243 3553 290 3604 ubi
303 3554 355 3604 rid.
369 3557 438 3607 nott.
779 3591 866 3702 nelgm
877 3583 988 3634 Diodor·
1007 3585 1038 3635 q·⁸
1051 3585 1087 3634 ΠΙ
1102 3599 1166 3650 Μ,
1181 3583 1230 3632 547
1244 3584 1322 3633 Weg.

778 3669 808 3704 se
822 3689 829 3703 .

358 3755 425 3806 Cur.
445 3755 559 3806 LXXII.
812 3745 950 3821 Ὀλύμπια
969 3746 1001 3803 δὲ
1019 3747 1068 3803 καλ
1080 3747 1209 3818 Κάρνεια
1221 3767 1322 3816 παροι-

779 3816 866 3889 χώκεε
878 3813 945 3890 ἤδη]
965 3821 1020 3872 Ubi
1033 3813 1096 3886 ιἐρά
1110 3819 1230 3885 intelligi
1242 3824 1323 3870 notat

220 3884 260 3942 01
275 3885 314 3952 ,δὲ
336 3883 532 3958 dedicasses]
554 3891 598 3940 lta
615 3893 726 3942 Wesse-
778 3891 893 3941 Fischer
911 3889 946 3940 ad
958 3887 1070 3939 Weller.
1083 3889 1138 3951 111,
1153 3888 1173 3938 1.
1188 3905 1252 3954 pag.
1263 3886 1321 3938 258.

184 3960 250 4024 ling.
265 3975 298 4010 ex
310 3959 438 4010 Eustath.
450 3959 484 4009 ad
496 3959 576 4008 Iliad.
586 3977 612 4024 p.
622 3958 682 4022 228,
698 3957 729 4008 16
778 3959 821 4009 Ad
833 3959 947 4008 formam
960 3957 1038 4008 verbi
1051 3949 1225 4022 παροιχώκεε
1237 3957 1322 4022 perti-

184 4044 207 4078 s.
223 4025 287 4088 218,
309 4026 351 4076 21.
392 4027 471 4076 Libri
493 4027 589 4092 scripti
611 4032 639 4076 et
661 4025 728 4077 editi
778 4031 857 4084 nent,
871 4041 941 4091 quac
956 4025 988 4075 ad
1002 4025 1049 4086 IV,
1065 4023 1113 4074 128
1126 4025 1322 4084 excitavimus;

184 4099 249 4146 ante
278 4095 492 4160 Wesseliugium
521 4086 725 4161 βοηθήσαντες,
780 4093 918 4156 add.VII‚
936 4091 992 4142 164.
1010 4093 1087 4156 VIII,
1106 4090 1162 4141 126.
1198 4093 1241 4141 De
1258 4091 1319 4141 Car·

184 4161 256 4228 quod
279 4167 309 4212 ut
326 4163 354 4212 in
372 4162 426 4212 fine
444 4178 506 4228 cap.
525 4162 725 4222 antecedentis,
778 4165 831 4211 aeis
844 4162 950 4227 egimus
967 4161 1002 4210 ad
1014 4161 1079 4222 VII,
1094 4158 1154 4208 216.
1189 4159 1321 4220 QuIesce·

184 4231 225 4280 ita
253 4231 282 4280 in
311 4231 432 4296 proxime
461 4231 639 4295 sequentibus
666 4231 727 4296 pari
778 4229 847 4280 bant
864 4234 955 4280 autem
972 4245 1061 4290 arma,
1084 4228 1155 4277 baec
1178 4226 1240 4276 dum
1258 4241 1322 4289 agc-

184 4297 264 4348 modo
282 4313 376 4348 omnes
392 4297 457 4348 libri
470 4299 524 4348 scri
545 4297 567 4347 ti
579 4297 727 4363 praebente
778 4297 878 4348 bantur
890 4298 977 4358 festa,
992 4311 1044 4346 nec
1058 4301 1122 4346 ante
1136 4294 1230 4360 egredi
1242 4291 1322 4342 licuit

185 4381 251 4431 quos
269 4365 396 4432 equidem
414 4381 475 4418 cum
488 4315 615 4416 usitare
634 4367 660 4414 in
675 4365 726 4414 lmc
777 4364 921 4430 Spartanis
935 4365 970 4415 ad
982 4363 1094 4414 bellum.

814 2372 887 2420 τοῖσι
901 2363 933 2419 sl
946 2362 1054 2420 άλλοιοι
1065 2367 1324 2434 Πελοποννησίοισι

781 2430 861 2503 ἔμελε
879 2427 977 2500 οὐδέν]
1005 2438 1103 2488 Merito
1126 2438 1196 2487 haee
1219 2437 1325 2486 attendi

780 2505 840 2555 vult
863 2504 1028 2555 Dahlmann.
1053 2505 1081 2554 in
1105 2504 1236 2555 Herodot.
1259 2519 1323 2570 pag.

782 2571 842 2634 184,
856 2579 887 2622 ut
901 2589 915 2622 e
928 2571 1026 2636 quibus
1039 2573 1147 2637 insigne
1159 2573 1244 2622 nostri
1257 2573 1323 2621 scri·

780 2641 867 2705 pteris
883 2639 1000 2689 studium
1018 2639 1139 2700 eluceat,
1161 2656 1213 2705 quo
1226 2639 1323 2689 dnotrrs

780 2723 861 2757 unum
874 2723 976 2770 verum,
990 2707 1060 2772 quod
1072 2707 1101 2758 in
1114 2707 1229 2773 singulis
1242 2707 1323 2756 rebus

779 2775 937 2840 indagando
950 2781 1134 2840 compererat,
1153 2775 1263 2825 tradere
1275 2789 1322 2824 vo-

780 2843 843 2902 luit,
870 2842 905 2892 ab
930 2843 1002 2892 omni
1025 2845 1144 2908 partium
1168 2842 1258 2892 studio
1283 2843 1323 2891 ita

781 2911 900 2972 alienus,
914 2915 956 2971 ut,
972 2926 1042 2974 quae
1056 2911 1150 2960 iorsan
1162 2911 1252 2960 minus
1265 2909 1323 2958 lau·

780 2978 885 3028 debilia
898 2979 1021 3042 adeoque
1034 2980 1146 3044 ingrata
1156 2978 1199 3028 his
1212 2977 1268 3027 illis
1281 2977 1323 3026 lu·

779 3047 880 3108 issent,
897 3061 951 3095 non
965 3046 1070 3096 celaret
1086 3047 1232 3096 silentiose
1244 3060 1323 3111 prse-

779 3113 950 3164 termitteret.
965 3115 1062 3179 Itaque
1073 3115 1157 3164 etiam
1166 3114 1193 3164 b.
1203 3113 1220 3165 l.
1228 3118 1323 3178 aperte

779 3181 898 3243 indicat,
926 3181 1036 3246 quinam
1057 3181 1130 3231 inter
1150 3181 1322 3246 Peloponne-

779 3249 835 3298 sios
848 3248 985 3298 Graeciae
1002 3249 1160 3298 libertatem
1177 3249 1248 3298 tueri
1267 3251 1322 3297 stu·

780 3316 901 3374 duerint,
931 3316 1030 3381 quique
1059 3317 1243 3380 neglexerint.
1290 3316 1322 3364 Iu
