3040 4962
239 445 280 506 54
675 430 942 492 HERODO'PI

194 618 362 691 39νοντας
385 610 440 679 καί
459 603 649 686 διώκοντας.
692 601 837 684 Τούτους
863 603 899 672 ol
918 599 995 684 τούς
1014 601 1076 672 δύο
1094 604 1222 690 Δελφοί
1247 604 1386 690 λέγουσι

241 711 327 784 εἶναι
352 714 547 800 ἐπιχωρίους
565 701 692 797 ἥρωας,
717 702 1014 776 denudaverat
1039 699 1226 792 Αὐτόνοον,
1251 707 1320 774 τῶν
1343 702 1387 774 τὰ

239 810 378 904 aspirari
396 814 464 881 ἐστι
487 811 563 898 περὶ
581 803 618 878 τό
636 804 725 898 ἱρόν,
746 804 904 877 Φυλάκου
921 807 984 896 μὲν
1001 801 1081 896 παρ’
1100 801 1206 892 αὐτὴν
1222 802 1284 893 τὴν
1301 801 1387 876 ὁδόν

240 912 430 1004 κατύπερθε
454 913 514 982 τοῦ
538 911 615 1000 ipos]
636 912 693 997 τῆς
717 915 904 999 Προνηίης,
942 905 1114 978 Αὐτονόου
1139 908 1176 976 δὲ
1200 911 1301 988 πέλας
1324 911 1385 995 τῆς

242 1022 430 1104 Κασταλίης
448 1009 514 1084 ὑπὸ
531 1013 574 1102 τῇ
591 1005 749 1102 Ὑαμπείῃ
768 1013 909 1099 κορυφῇ.
949 1015 993 1080 Oi
1009 1010 1046 1079 di
1065 1006 1222 1089 πεσόντες
1240 1005 1387 1079 ἀπὸτοῦ

242 1216 326 1266 iorem
337 1211 465 1264 heroibus
475 1215 608 1262 staturam
619 1209 785 1274 tribuebant,

242 1287 270 1332 et
281 1281 342 1332 add.
350 1279 537 1334 L.F.Fenner
546 1293 598 1328 von
610 1277 785 1343 Fennebergr

241 1348 490 1412 Untersuehunpen
509 1347 577 1396 iiber
595 1345 639 1396 die
659 1347 785 1410 Lingeu-

241 1431 331 1468 masss
345 1415 394 1466 der
404 1414 509 1466 Vlillrer
522 1413 547 1464 d.
561 1413 676 1464 Alterth.
691 1413 785 1476 (Bero-

240 1485 292 1537 lini
313 1482 387 1546 teos)
405 1497 470 1550 pag.
490 1481 530 1532 lo.

410 1649 478 1700 Car.
497 1649 622 1700 XXXIX.

275 1743 351 1804 sisar
376 1741 546 1816 ίπτχωρίουρ
568 1739 675 1817 ἥρωας]
705 1753 748 1802 lta
772 1768 786 1801 e

242 1818 404 1872 Florentino
428 1817 546 1868 aliisue
569 1817 633 1868 dedi
661 1834 721 1869 cum
745 1835 787 1869 re·

242 1891 329 1938 eentt.
354 1885 415 1938 edd.
456 1833 545 1950 Vuigo
574 1885 685 1936 verbum
710 1879 788 1937 εἶναι

242 1955 355 2020 reliquis
374 1953 556 2020 postponitur.
587 1953 677 2003 Simili
696 1959 787 2004 autem

241 2021 320 2074 modo
338 2020 491 2072 Pausanias
509 2019 607 2070 scribit
619 2022 657 2082 X,
670 2020 712 2072 23.
725 2024 748 2084 ξ.
761 2021 785 2084 3,

242 2089 330 2140 Gallis
350 2103 455 2156 quoque
474 2087 613 2138 terribiles
627 2089 787 2154 adparuisse

242 2163 299 2210 tres
318 2157 416 2208 heroes
435 2155 537 2222 templo
551 2156 683 2206 auxilium
697 2157 787 2208 feren·

241 2231 298 2288 tes,
311 2223 482 2286 bondenum,
497 2224 704 2290 Hyperochum‚
721 2227 787 2288 Pyr-

242 2293 332 2354 rhum;
352 2291 450 2358 quibus
469 2297 582 2356 quartus
595 2293 679 2344 etiam
692 2309 709 2342 a
722 2293 786 2343 Del·

241 2362 305 2480 piris
319 2365 482 2412 accensetur
494 2359 641 2424 Phylacen
656 2361 788 2426 indigena

262 2443 336 2490 eros,
356 2429 433 2480 cuius
447 2427 578 2478 sacellum
591 2445 675 2496 prope
688 2429 788 2478 Miner-

241 2511 294 2547 vae
313 2497 456 2546 Pronoean
475 2496 605 2562 templum
628 2513 787 2546 commemo·

242 2569 287 2614 rat
299 2563 371 2612 idern
385 2563 539 2614 Pausanias
553 2564 586 2626 X,
599 2562 624 2613 8.
638 2566 661 2624 §-
674 2565 698 2614 4.
718 2564 789 2628 Phy-

243 2629 299 2680 laci
318 2634 400 2693 atque
419 2631 537 2680 Antanoi
560 2624 692 2694 τεμένεα,
736 2646 788 2680 uae

242 2695 400 2748 Herodotus
428 2697 526 2746 scribit
554 2697 639 2747 fuisse
667 2647 734 2760 napi
756 2689 788 2748 τὸ

243 2755 317 2826 tota,
330 2763 346 2812 i.
356 2777 380 2812 e.
393 2762 468 2812 circa
479 2763 585 2828 (prope)
598 2763 727 2830 templum
738 2766 788 2814 Mi·

243 2845 346 2880 nervae
357 2824 512 2894 Προνηίης,
527 2829 642 2881 alterum
654 2832 688 2882 ad
701 2833 789 2897 ipsam

242 2897 316 2948 viam
334 2911 417 2961 supra
434 2895 648 2962 hoetemplum,
674 2899 790 2950 alterum

242 2979 328 3030 prope
346 2961 499 3012 Castaliam
517 2963 590 3014 inira
607 2967 788 3032 Hyampeam‚

245 3031 402 3098 quaerenda
426 3030 520 3096 procul
543 3031 626 3082 dubio
645 3034 672 3082 in
691 3035 788 3084 vieini-

244 3103 303 3150 tate
321 3097 401 3148 huius
419 3096 515 3163 templi
532 3105 624 3162 erunt,
644 3117 660 3150 a
674 3118 726 3166 quo
744 3104 790 3166 qui

244 3165 368 3232 Delphos
378 3181 473 3216 versus
482 3167 737 3232 progrediebantur,
748 3171 787 3220 in·

244 3239 288 3284 tra
311 3233 362 3284 hoo
381 3233 469 3298 ipsum
493 3233 623 3300 templum
646 3240 674 3286 at
693 3236 789 3288 Casta-

245 3301 313 3352 liam
332 3305 472 3352 exstructa
485 3301 555 3352 haec
567 3296 699 3368 aspiras,
720 3305 787 3356 alte-

243 3386 302 3421 rum
320 3369 450 3432 inferius,
476 3369 593 3420 alterum
611 3373 736 3436 superius
755 3374 790 3424 ad

243 3441 332 3505 ipsam
351 3439 425 3490 viam
441 3437 539 3502 opinor
551 3443 716 3490 exstructum
729 3457 789 3490 cum

245 3510 328 3567 esset,
342 3505 545 3572 praeteribant:
560 3507 637 3556 cuius
648 3507 788 3573 utriusque

245 3573 315 3638 quod
325 3573 428 3624 nullum
439 3574 587 3640 vestigium
599 3575 687 3626 adhuc
699 3591 790 3641 anper·

245 3645 299 3702 est,
319 3643 365 3690 vix
377 3643 485 3704 mirum,
506 3657 567 3692 curn
579 3641 733 3693 huiusmodi
745 3637 788 3694 ti·

243 3721 329 3771 μενος
337 3707 494 3772 plerumque
506 3725 599 3760 aream
612 3715 717 3760 tantum
728 3727 788 3776 par-

243 3789 320 3834 vam,
338 3789 413 3824 muro
425 3776 574 3838 inclusam,
589 3793 657 3842 quae
672 3793 747 3828 aram
761 3785 788 3828 et

244 3847 446 3892 monumentum
458 3843 613 3908 sepulcrale
624 3847 787 3909 contineret,

244 3909 374 3971 haberet,
393 3923 481 3974 neque
498 3911 585 3976 ipsius
603 3913 722 3978 regionis
740 3929 788 3963 na-

245 3983 307 4026 tura
329 3975 419 4026 locum
448 3978 517 4026 satis
545 3979 662 4044 amplum
686 3982 787 4045 templo

245 4043 404 4109 spatiosiori
422 4045 582 4108 praeberet:
602 4062 718 4111 namque
731 4051 785 4107 via,

246 4127 317 4178 quae
342 4126 359 4160 a
381 4110 524 4162 Minervae
549 4113 651 4178 templo
675 4115 703 4176 ti.
722 4131 745 4165 c.
771 4133 788 4166 a

245 4179 389 4242 Panagiae
402 4177 532 4243 ecclesia)
548 4195 632 4244 nsque
645 4181 679 4231 ad
690 4181 786 4234 Casta·

245 4246 412 4307 liamduoit‚
432 4245 512 4296 valde
532 4253 651 4314 angusta
664 4255 719 4313 est,
738 4253 787 4302 im·

246 4315 413 4366 minantibus
432 4314 544 4382 rupibus
562 4317 690 4382 saxisque
709 4337 786 4385 prae·

246 4383 386 4450 cipitibus.
426 4384 467 4434 'l'u
490 4384 544 4440 vid.
565 4385 707 4438 Thierseh.
733 4389 749 4438 l.
770 4389 787 4438 l.

837 1225 901 1275 pag.
924 1208 962 1260 13.
986 1208 1031 1272 14,
1056 1208 1175 1258 l'lrichs.
1194 1208 1213 1258 1.
1231 1207 1249 1258 1.
1267 1224 1330 1273 pag.
1349 1207 1385 1257 46

838 1293 867 1328 se
889 1315 895 1328 .

871 1294 959 1404 initae
976 1343 1026 1410 τῆς
1043 1341 1217 1410 Κασταλίης]
1238 1344 1280 1394 De
1295 1345 1384 1394 Gessa-

837 1417 885 1473 tio,
900 1414 975 1463 lente
989 1413 1178 1474 celeberrimo,
1192 1411 1247 1462 vid.
1261 1412 1382 1462 Pansam.

838 1483 876 1542 X,
894 1479 919 1531 8.
939 1482 963 1542 §-
982 1481 998 1532 5
1017 1481 1084 1546 ibiq.
1113 1480 1216 1530 Siebel.
1240 1495 1304 1545 pag.
1325 1479 1382 1540 182,

838 1549 1013 1612 Kruse11,'2.
1033 1565 1059 1613 p.
1076 1546 1107 1598 lo
1118 1564 1176 1612 aeq.
1194 1545 1228 1599 44
1239 1563 1298 1612 seq.
1327 1549 1380 1598 De·

838 1618 951 1684 scripsit
969 1620 998 1666 et
1014 1617 1043 1665 in
1055 1616 1151 1667 tabula
1164 1615 1223 1665 aeri
1235 1615 1324 1665 incisa
1342 1632 1384 1664 re-

838 1686 1029 1752 praesentavit
1047 1683 1162 1734 Clarke:
1181 1682 1298 1733 Travels
1309 1684 1344 1742 11,
1358 1683 1382 1734 3.

840 1770 900 1820 cap.
923 1754 970 1802 Vl.
996 1769 1021 1818 p.
1048 1750 1095 1801 184
1118 1767 1174 1816 seq.
1220 1751 1273 1800 His
1302 1751 1383 1812 adde,

839 1837 909 1888 quae
923 1821 1076 1870 recentiore
1090 1824 1183 1870 aetate
1197 1819 1229 1868 de
1241 1818 1294 1869 hoc
1308 1818 1384 1868 sonte

840 1889 1011 1940 tradiderunt
1028 1887 1124 1938 Leake
1143 1887 1160 1936 l.
1174 1886 1191 1934 l.
1205 1887 1240 1936 11.
1256 1903 1319 1952 pag.
1333 1887 1385 1936 556

839 1975 906 2022 seq,
926 1956 1037 2005 Ulrichs
1056 1955 1073 2004 l.
1094 1955 1111 2005 1.
1130 1971 1194 2020 pag.
1208 1953 1241 2002 40
1256 1969 1332 2019 seqq.
1352 1955 1384 2004 47

839 2041 930 2089 seqq..
955 2023 1083 2073 Vischcr:
1108 2023 1309 2087 Erimrerungg.
1335 2039 1385 2072 aus

840 2091 997 2144 Griechenl.
1011 2107 1074 2156 pag.
1087 2090 1137 2140 oto
1150 2106 1216 2154 seq,
1237 2091 1283 2154 qui
1295 2091 1384 2155 ipsum

839 2161 943 2212 iontem
960 2159 1112 2208 inviserant
1135 2163 1319 2222 accurateque
1337 2158 1385 2208 de-

839 2229 1022 2292 scripserunt,
1043 2227 1201 2276 immutatas
1220 2226 1266 2290 qui
1284 2227 1386 2275 mansit

839 2311 924 2360 usque
944 2294 978 2343 sd
996 2299 1091 2344 nostra
1109 2297 1246 2358 tempora,
1265 2293 1327 2357 ipsa
1345 2299 1385 2344 to-

840 2365 894 2413 tius
912 2362 1034 2426 regionis
1056 2365 1155 2410 natura
1173 2359 1246 2410 haud
1264 2367 1384 2410 mutatae

841 2448 858 2480 a
876 2429 993 2492 sacello,
1014 2429 1085 2496 quod
1103 2429 1205 2478 Sancto
1223 2430 1320 2478 loanni
1338 2429 1385 2478 de-

841 2500 961 2548 dicatum
985 2513 1067 2562 supra
1086 2497 1189 2546 fontem
1208 2497 1236 2546 in
1253 2497 1322 2561 ipsis
1340 2513 1386 2546 sa-

842 2567 883 2616 xis
901 2567 1018 2616 incisum
1037 2569 1091 2624 est,
1111 2579 1183 2614 nunc
1196 2563 1291 2614 Sancti
1303 2565 1385 2614 losn-

841 2635 883 2684 nis
903 2633 1014 2698 (Hoplea
1026 2633 1139 2683 Ioannes
1151 2647 1172 2681 s.
1186 2632 1223 2681 Αι·
1235 2631 1322 2693 Ionas)
1338 2649 1386 2681 no·

841 2718 903 2752 men
922 2701 1032 2765 accepit
1051 2700 1124 2760 sons,
1150 2699 1196 2762 qui
1219 2714 1317 2762 aquam
1337 2715 1385 2764 pn-

842 2787 899 2820 ram
922 2785 955 2819 ac
979 2767 1106 2832 frigidam
1135 2781 1222 2830 aeque
1249 2781 1320 2816 nunc
1344 2771 1385 2816 at·

843 2853 894 2904 que
918 2837 1070 2902 antiquitus
1095 2834 1202 2884 amittit.
1243 2834 1274 2882 ln
1302 2849 1386 2899 opere

842 2901 1233 3034 calennae
1251 2901 1386 3018 canc

1230 3003 1237 3028 ‚
1378 3007 1385 3018 .

844 3039 1063 3090 tauromeniae
1084 3039 1145 3087 fons
1163 3041 1387 3102 repraesentatur

841 3110 870 3158 iu
888 3106 984 3157 tabula
1008 3106 1065 3155 aeri
1089 3105 1177 3155 ineisa
1201 3111 1229 3154 et
1248 3104 1386 3156 coloribus

841 3175 963 3225 inducta.

873 3233 931 3292 sind
943 3239 978 3305 τῇ
988 3231 1125 3306 Ὑαμπείῃ
1136 3237 1263 3305 κορυφῇ]
1279 3241 1386 3290 Mavult

841 3308 1007 3359 Valckenar.
1025 3302 1165 3373 ’Ταμπέῃ,
1188 3313 1219 3357 ut
1242 3323 1286 3356 ma
1308 3308 1331 3356 ‘s
1350 3310 1386 3357 sit

843 3377 972 3427 lonicum.
992 3374 1269 3440 Conr.13redov.p.1
1307 3413 1312 3424 .
1330 3374 1383 3425 188.

841 3444 974 3508 Equidem
996 3459 1057 3493 cum
1076 3449 1191 3493 recenti.
1212 3443 1271 3492 edd.
1290 3441 1384 3508 viriga-

841 3518 898 3561 tnm
917 3512 944 3560 in
962 3513 1071 3561 nomine
1090 3512 1199 3577 proprio
1212 3511 1331 3560 retinere
1343 3527 1385 3560 sa-

842 3581 897 3628 tius
915 3579 988 3630 duxi.
1024 3581 1161 3644 Hpompeo
1178 3593 1274 3644 rupes,
1299 3593 1313 3627 s
1332 3593 1386 3642 qua

840 3649 901 3712 ipsa
911 3648 1061 3712 prorumpit
1071 3647 1207 3707 Castalia,
1221 3661 1303 3710 supra
1314 3645 1385 3695 hunc

841 3715 945 3765 iontem
962 3715 991 3764 in
1004 3713 1091 3764 altum
1104 3715 1237 3778 exsurgit,
1258 3713 1305 3762 ubi
1318 3727 1386 3762 saxa

840 3784 956 3832 maxime
980 3783 1158 3848 praecipitia,
1184 3781 1255 3832 unde
1279 3781 1384 3830 iecino-

840 3865 916 3900 rosos
940 3855 968 3900 et
990 3851 1088 3916 impios
1112 3851 1234 3900 deiicere
1257 3849 1386 3898 solebant

840 3917 985 3980 (vocantur
1002 3923 1093 3968 autem
1111 3917 1311 3980 Plraedriades‚
1331 3916 1385 3968 vid.

839 4002 922 4050 supra
941 3985 1110 4047 advl11,37
1127 3985 1221 4047 nott),
1242 3985 1384 4050 octingen-

839 4059 883 4103 tos
893 4053 977 4118 pedes
992 4068 1076 4118 snpra
1085 4051 1209 4118 Delphos
1222 4057 1250 4102 et
1265 4051 1317 4101 duo
1327 4052 1385 4101 rnil-

839 4121 878 4170 lia
896 4121 994 4186 pedum
1018 4137 1101 4187 supra
1123 4136 1198 4170 mare
1220 4120 1384 4170 eminentia:

839 4203 911 4238 nrrne
923 4193 1039 4238 vocatur
1050 4187 1225 4253 Pilerapnlros.
1245 4188 1305 4238 vid.
1313 4187 1344 4237 C.
1352 4187 1384 4238 0.

839 4255 1384 4322 Mueller:Orchomcn.pag.4li⁶t,Kruse:

839 4321 912 4371 Heli.
937 4322 954 4371 1.
973 4323 992 4372 1.
1011 4339 1076 4389 pag.
1097 4323 1164 4374 5-8
1187 4328 1216 4372 et
1237 4323 1383 4389 praecipue

840 4389 951 4440 Ulrichs
974 4391 993 4440 1.
1017 4389 1034 4440 l.
1059 4407 1124 4458 pag.
1143 4391 1176 4442 40
1194 4406 1251 4456 seq.
1276 4391 1309 4441 47
1326 4407 1383 4456 seq.
