2984 4962
254 460 314 522 436
669 453 984 518 COMMENTATIO

337 630 442 682 Contra
469 631 573 700 aliquot
597 647 664 682 sane
689 629 716 681 iu
733 628 866 682 Herodoti
886 627 964 680 libris
990 628 1189 698 superstitibus
1212 627 1394 679 inveniuntur
1468 677 1469 684 ,

253 715 313 782 loci,
329 715 356 766 in
375 716 476 784 quibus
488 716 655 768 Hecataeum
668 713 712 766 vel
727 731 858 783 expresse
874 712 916 765 vel
931 713 1014 764 tacite
1030 712 1116 781 tangi,
1130 713 1241 765 dubium
1255 729 1319 764 esse
1337 729 1393 764 noa

252 807 353 870 potest.
385 799 516 853 cavillari
531 801 697 853 Hecataeum
711 805 739 850 et
754 797 906 867 aequalium
920 797 990 850 risui
1005 815 1142 868 exponere
1158 799 1266 850 Noster
1285 797 1395 850 ridetur

252 885 288 952 ll,
306 887 364 954 113,
384 885 430 937 ubi
449 885 504 938 vid.
523 891 592 937 nott.
608 885 668 936 Vol.
690 885 713 936 1.
729 901 756 952 p.
773 886 824 936 155
842 887 870 934 et
882 882 944 934 add.
960 881 1094 936 Klausan.
1111 883 1129 934 1.
1145 881 1163 933 1.
1179 901 1207 952 p.
1222 885 1238 936 0
1254 899 1324 952 ιαμ,
1343 899 1394 934 nec

250 970 346 1022 melius
375 970 490 1023 eundem
517 977 617 1023 tractat
642 969 689 1035 VI,
707 967 832 1022 1371011.
848 966 939 1034 1131,
964 967 1011 1020 ubi
1031 968 1187 1020 Hecataeus
1208 966 1306 1020 bellum
1333 983 1394 1019 cum

251 1054 346 1106 Persis
370 1054 519 1108 ineundum
545 1054 710 1107 dissuadens
736 1052 865 1106 laudatur
885 1051 979 1104 addito
1005 1052 1086 1104 titulo
1102 1054 1152 1106 τοῦ
1173 1053 1334 1122 λογοποιοῦ,
1362 1059 1396 1103 ut

251 1139 288 1206 11,
307 1142 366 1194 143.
395 1140 471 1203 Quin
494 1140 621 1192 acerbius
642 1139 809 1191 Hecataeum
832 1136 922 1204 tangit
943 1136 965 1203 1,
987 1139 1046 1205 146,
1071 1138 1118 1189 ubi
1138 1139 1173 1190 cf.
1196 1143 1266 1189 nott.
1288 1136 1350 1188 Vol.
1368 1137 1392 1187 1.

250 1243 277 1294 p.
293 1227 346 1279 300
369 1231 397 1277 et
416 1225 549 1278 Klausen.
574 1223 592 1277 1.
614 1223 631 1276 l.
649 1241 675 1292 p.
695 1226 752 1289 108,
774 1223 811 1288 11,
834 1225 876 1274 21.
892 1224 935 1287 23,
948 1221 996 1274 ubi
1011 1221 1067 1274 vid.
1090 1227 1161 1274 nott.
1179 1221 1239 1273 Vol.
1255 1221 1278 1272 1.
1293 1239 1322 1290 p.
1339 1224 1394 1274 413

250 1308 310 1362 coll.
327 1308 374 1378 IV,
391 1311 417 1362 8.
434 1329 461 1380 p.
476 1313 537 1365 302.
554 1309 614 1360 Vol.
632 1309 659 1360 Il
675 1308 900 1385 1111311113.
917 1309 977 1373 311,
994 1306 1062 1358 adeo
1079 1313 1109 1358 ut
1124 1313 1215 1359 terrae
1226 1306 1394 1375 descriptio-

250 1412 308 1448 nem
323 1393 428 1446 minime
444 1414 478 1448 ex
494 1395 632 1447 Hecataeo
647 1393 822 1462 repetendam
838 1390 1013 1456 crediderim,
1035 1398 1067 1443 ut
1088 1391 1251 1461 quibusdam
1272 1390 1395 1460 placuit:

249 1481 285 1531 cl.
310 1478 489 1548 annniger:
511 1479 552 1531 De
575 1477 742 1547 geographia
762 1475 897 1529 Herodoti
917 1494 944 1545 p.
959 1479 984 1544 5,
1003 1477 1167 1530 Grotet'end.
1186 1477 1346 1545 Geograph.
1364 1493 1394 1527 u.

250 1563 351 1616 Gesch.
380 1581 407 1616 v.
435 1563 538 1616 Altital.
565 1564 588 1618 1.
614 1583 641 1632 p.
667 1567 708 1615 14.
747 1561 837 1632 Atque
855 1561 933 1613 etiam
950 1561 984 1613 de
1000 1561 1103 1630 Caspio
1118 1561 1183 1614 mari
1199 1577 1270 1630 quae
1285 1561 1396 1612 Noster

249 1648 345 1700 scribit
359 1665 425 1700 vera
442 1649 464 1714 1,
480 1653 540 1716 202,
557 1666 589 1700 ea
605 1655 699 1700 contra
714 1647 895 1712 Hecataeum,
918 1646 966 1715 qui
982 1645 1113 1716 Caspium
1127 1663 1200 1698 mare
1218 1663 1268 1714 pro
1284 1645 1396 1697 Oceani

249 1733 310 1784 sinu
340 1732 474 1799 babuerit,
502 1733 605 1802 scripta
628 1749 691 1784 esse
718 1731 859 1784 contendit
875 1730 1007 1783 Kluusen.
1033 1730 1051 1782 l.
1073 1730 1090 1782 l.
1111 1749 1174 1800 pag.
1189 1734 1233 1797 02,
1249 1730 1293 1782 cui
1310 1730 1397 1782 etiam

248 1821 289 1886 (p.
308 1819 370 1884 131)
388 1818 547 1870 Herodotus
568 1817 604 1884 11,
621 1809 792 1884 &Hilarior
814 1811 844 1869 dl
866 1811 973 1884 λέγουσι
988 1808 1057 1868 ἄλλα
1079 1833 1108 1870 τε
1122 1809 1226 1885 μάταια
1237 1809 1326 1868 πολλὰ
1342 1815 1396 1868 acti

248 1895 286 1962 ὡς
307 1904 448 1970 γυναικῶν
467 1899 517 1963 τὰς
538 1896 661 1969 γλοὶοσας
682 1894 696 1954 ὁ
717 1895 896 1970 Ψαμμήτιχος
916 1893 1042 1969 ἐκταμὼν
1056 1919 1083 1955 κ.
1101 1919 1125 1953 c.
1142 1905 1166 1954 l.
1189 1901 1258 1953 hanc
1279 1899 1396 1953 fabulae

248 1986 456 2056 discrepantiam
473 1989 499 2039 in
517 1987 647 2039 Hecataei
668 1985 738 2038 libro
760 1986 861 2054 legisse
879 1985 997 2052 videtur,
1014 1986 1117 2055 quique
1132 1990 1173 2056 (p.
1194 1985 1257 2050 128)
1273 1985 1395 2037 eundem

246 2071 412 2124 Hecataeum
435 2071 549 2140 intelligi
572 2080 599 2123 et
618 2071 717 2141 respici
740 2077 819 2140 putat
834 2071 870 2136 11,
889 2071 961 2122 15111
978 2070 1022 2138 iis,
1035 2087 1106 2139 quae
1121 2071 1155 2122 de
1170 2070 1254 2123 rebus
1271 2087 1394 2138 geogra-

247 2155 334 2224 phicis
349 2156 431 2208 lones
444 2163 579 2224 statuunt,
597 2163 624 2208 et
636 2157 672 2222 11,
690 2159 739 2209 150
756 2157 783 2208 in
802 2156 846 2222 iis,
862 2171 931 2224 quae
947 2155 981 2206 de
993 2155 1084 2208 insula
1101 2155 1192 2208 mobili
1206 2156 1287 2207 habet
1299 2156 1396 2212 Hero-

247 2241 329 2292 dotus
346 2259 439 2310 purum
462 2242 515 2311 ipsi
540 2241 689 2294 credibilia.
723 2241 786 2294 Vid.
805 2242 901 2308 fragm.
918 2240 1014 2291 Hecat.
1035 2259 1062 2310 p.
1080 2244 1138 2294 123.
1170 2241 1207 2292 Et
1220 2240 1396 2292 Hecataeum

245 2325 383 2379 Milesium
406 2327 531 2397 aliosque
552 2325 676 2380 Milesios
696 2334 839 2392 auctores,
855 2323 1009 2392 Thaletem,
1026 2324 1271 2392 Anaximandrum,
1286 2324 1396 2376 Anaxi-

246 2428 364 2478 menem,
390 2412 536 2480 Cadmum,
562 2429 678 2482 quorum
699 2411 846 2481 populares
874 2409 1163 2478 plurimacommercia
1186 2427 1235 2478 per
1249 2410 1396 2476 Scythiam

245 2496 362 2565 egerint,
375 2505 488 2550 secutus
504 2497 615 2550 videtur
628 2496 788 2549 Herodotus
803 2496 839 2562 Il,
856 2497 898 2559 34,
922 2494 968 2546 ubi
982 2503 1076 2546 narrat
1090 2495 1192 2547 istrum
1214 2487 1284 2562 πρὸς
1304 2501 1399 2548 πολ-

244 2581 311 2632 λῶν
326 2577 528 2649 γινώσκεσθαιι
552 2583 624 2632 conl.
645 2581 724 2634 etiam
746 2581 782 2648 11,
803 2583 845 2634 33.
869 2576 933 2632 Vol.
950 2580 973 2631 1.
992 2597 1018 2648 p.
1034 2581 1086 2632 498
1102 2586 1130 2630 et
1150 2579 1205 2630 vid.
1222 2580 1332 2631 Kruse:
1350 2581 1397 2632 De

245 2665 310 2716 istri
328 2667 406 2718 ostiis
421 2685 448 2735 p.
465 2671 508 2719 20.
547 2667 577 2716 ln
595 2666 678 2718 rebus
693 2665 828 2732 Scythicis
844 2664 912 2716 adeo
934 2679 1052 2716 novasse
1071 2663 1201 2716 nonnulla
1216 2664 1397 2717 Herodotum

245 2749 374 2816 opinatur
392 2751 572 2803 Rrandstiiter
593 2750 740 2818 (Scythica.
760 2767 787 2818 p.
812 2751 939 2814 1311),
963 2755 993 2800 ut
1006 2749 1160 2814 Hecataeo,
1179 2749 1226 2818 qui
1243 2749 1276 2800 de
1291 2749 1397 2805 iisdem

244 2832 395 2900 retulisset,
412 2853 443 2886 se
455 2839 616 2904 opponeret.

327 2917 404 2970 Haec
430 2920 538 2988 quidem
565 2917 652 2969 omnia
680 2917 707 2968 in
735 2933 816 2969 arnum
842 2925 1017 2986 conspectum
1035 2917 1123 2986 posita
1139 2933 1301 2987 quamquam
1317 2921 1397 2972 satis

243 3010 455 3054 commonstrare
482 3003 620 3067 videntur,
646 3001 788 3053 Herodoto
817 3002 956 3068 Hecataei,
983 3003 1037 3054 viri
1064 3002 1138 3054 inter
1160 3001 1290 3071 aequales
1318 3021 1397 3055 suos

244 3087 440 3153 eminentioris,
459 3095 489 3140 ut
504 3086 545 3138 vel
563 3086 648 3138 eloco
664 3087 697 3154 V,
714 3089 748 3140 30
764 3092 887 3156 apparet,
904 3086 1006 3155 scripta
1018 3087 1129 3154 cognita
1150 3087 1239 3139 luisse
1257 3105 1288 3139 ac
1302 3089 1398 3155 digna

244 3188 354 3241 quoque
371 3172 476 3238 habita,
496 3188 566 3240 quae
589 3179 702 3241 propter
716 3171 861 3241 scriptoris
876 3171 1066 3225 auctoritatem
1073 3167 1103 3239 *)
1118 3172 1244 3224 crebrius
1263 3173 1395 3241 respice-

243 3261 299 3323 ret,
323 3257 429 3308 minime
447 3263 534 3308 tamen
557 3255 625 3308 illud
646 3271 846 3326 usquequaque
867 3257 976 3310 allicere
993 3274 1076 3326 posse
1094 3256 1233 3324 videntur,
1250 3265 1280 3309 ut
1295 3257 1397 3310 Hero-

243 3346 335 3392 dotum
348 3341 478 3394 Hecataei
500 3341 586 3394 libros
611 3341 771 3410 compilasse
794 3341 913 3411 indeque
938 3341 1009 3394 haud
1030 3358 1118 3410 pauca
1139 3342 1167 3393 in
1190 3357 1266 3394 suam
1288 3359 1396 3396 narra-

242 3425 342 3477 tionem
369 3425 547 3478 transtulisse
573 3426 745 3492 arbitremur,
772 3427 933 3496 praesertim
956 3443 1014 3478 cum
1041 3443 1082 3494 es,
1110 3443 1182 3496 quac
1199 3443 1232 3478 ex
1243 3426 1397 3480 Hecataeo

243 3511 340 3562 hausta
362 3519 509 3579 putentur,
533 3529 548 3563 e
571 3529 622 3563 suo
638 3527 748 3581 quoque
764 3529 836 3580 penu
860 3529 911 3563 non
928 3511 1018 3563 minus
1034 3512 1105 3563 bene
1121 3513 1245 3580 prolerre
1261 3514 1396 3579 patuerit

242 3595 355 3662 Noster,
376 3613 454 3664 quem
470 3597 523 3648 ista
539 3596 598 3648 loca
613 3596 702 3664 ipsum
717 3595 820 3648 adiisse
836 3613 920 3665 supra
937 3595 1077 3648 evicimus.
1107 3595 1190 3649 Conl.
1211 3597 1291 3648 etiam
1312 3596 1396 3649 Mat-

242 3679 290 3732 ler.
307 3677 324 3731 l.
341 3679 359 3734 l.
375 3697 437 3748 pag.
453 3679 516 3732 XIV
532 3699 591 3750 seq.
622 3681 703 3734 Immo
719 3681 790 3732 haud
805 3697 905 3750 pauca,
922 3697 1001 3750 quae,
1020 3680 1107 3733 uthis
1125 3687 1203 3747 utar,
1217 3680 1245 3732 in
1261 3680 1395 3750 Aegypti

241 3763 426 3832 descriptione
452 3766 485 3816 ab
501 3765 642 3817 Herodoto
658 3765 850 3835 praetermissa
866 3761 1060 3833 miramur**),
1083 3764 1126 3817 vel
1149 3783 1205 3818 eam
1222 3765 1256 3818 ob
1272 3781 1394 3818 oausam

241 3849 274 3898 ab
296 3847 535 3902 Halicarnassensi
557 3850 657 3902 omissa
679 3869 741 3902 esse
762 3849 936 3916 crediderim,
959 3851 1033 3920 quod
1048 3851 1114 3902 baec
1131 3851 1244 3903 uberius
1262 3849 1313 3902 iam
1339 3871 1392 3904 ex-

241 3932 331 4001 posita
360 3935 466 3986 viderat
491 3936 524 3987 ab
548 3935 701 4000 Hecataeo,
729 3935 808 3988 ouius
837 3935 940 4005 scripta
965 3936 1076 3988 multum
1101 3936 1227 3988 manibus
1254 3935 1395 3988 terebant

241 4063 440 4071 -—-——...

307 4129 334 4196 *)
353 4133 394 4181 Dc
413 4146 467 4196 qua
485 4131 539 4180 vid.
560 4147 628 4197 quae
649 4137 831 4197 exposuerunt
857 4133 1049 4183 Wostermanu
1073 4135 1101 4183 in
1120 4133 1208 4198 Pauly
1226 4133 1393 4198 liealoncy·

240 4199 310 4264 clop.
334 4200 384 4248 111.
403 4215 465 4264 pag.
493 4197 565 4256 1083,
587 4199 719 4249 Creuzer:
744 4200 847 4250 Hister.
872 4203 959 4251 Kunst
981 4202 1006 4252 d.
1027 4201 1136 4252 Grieclr.
1155 4217 1181 4266 p.
1200 4199 1251 4250 280
1274 4202 1317 4252 ed.
1342 4219 1398 4252 se-

241 4265 330 4324 cund,
349 4267 441 4316 Mure:
461 4266 574 4330 History
591 4273 642 4316 etc.
664 4268 708 4316 lv.
728 4284 791 4334 pag.
813 4267 868 4318 110.

306 4331 348 4400 ²⁴³)
368 4333 465 4382 Sioda
484 4333 600 4383 Thebis:
619 4335 673 4384 viri.
694 4341 760 4383 nott.
780 4335 814 4384 ad
834 4337 869 4399 11,
891 4335 929 4396 15,
948 4353 974 4401 p.
994 4335 1142 4386 4113111111
1162 4337 1202 4401 11,
1222 4335 1264 4385 28.
1284 4353 1311 4402 p.
1334 4337 1394 4386 48⁴2

239 4401 299 4452 Vni.
321 4403 463 4467 lpropter
481 4401 566 4450 multa
585 4401 642 4450 ulia
661 4405 688 4450 in
707 4403 788 4451 robus
800 4404 981 4467 Aegyptiacis
1000 4405 1034 4453 ab
1047 4405 1186 4454 Herodoto
1206 4406 1325 4468 onrissa;
1349 4407 1392 4456 cs.

240 4485 345 4534 quoque
364 4475 430 4518 nott.
451 4469 485 4517 ad
503 4469 549 4530 vl,
568 4469 609 4517 55.
631 4469 688 4517 l'ol.
706 4470 756 4517 111.
774 4485 799 4534 p.
817 4470 876 4521 2113.
