2980 4978
300 449 358 508 DE
381 449 485 510 VITA
504 447 567 508 ΕΤ
585 446 776 508 SORIP'I'IS
796 445 1032 508 HERODOTI.
1169 449 1231 514 495

103 623 133 672 12
148 621 234 674 Partt.
272 620 413 673 ,111111111
434 621 770 690 ‚marmannorum
794 635 849 690 quo
870 623 898 672 et
914 617 980 686 styli
998 618 1149 674 Herodotei
1170 621 1231 673 uni--

100 723 180 758 verse
202 705 273 758 ratio
293 704 434 758 enucleate
456 705 610 775 explicatur
627 711 656 757 et
674 721 754 774 quam
770 704 878 774 plurimi
893 703 1034 758 Musarum
1049 703 1101 758 looi
1120 723 1153 758 ex
1168 723 1232 774 pro·

101 791 174 844 fesso
193 789 382 859 illustrantur,
403 790 505 860 passim
523 790 601 844 etiam
617 789 714 860 partim
729 789 836 842 Graeca
857 789 936 842 lectio
951 789 1048 858 partim
1070 789 1162 844 versio
1180 792 1231 844 lm-

100 875 172 942 tine,
195 893 264 945 quas
280 877 363 928 offert
380 875 624 944 Argentoratensis
646 874 748 941 editio,
771 873 815 928 vel
830 873 985 928 vindicatur
1005 873 1050 927 vel
1062 875 1230 928 emendatur.

99 959 234 1014 Instruxit
264 961 401 1014 lohannes
430 960 710 1029 Schweighaeuser.“
753 957 932 1028 Argentorati
958 965 986 1012 et
1010 959 1127 1012 Parisiis
1154 963 1231 1014 1814.

98 1044 124 1096 11
140 1045 210 1098 Voll.
233 1048 260 1099 8.
283 1046 403 1114 itemque
417 1045 538 1098 loondin.
554 1046 631 1098 1841.
667 1045 726 1097 Η11
740 1044 769 1096 in
786 1044 905 1098 editione
921 1044 987 1114 quid
1005 1045 1177 1114 praestiterit
1190 1045 1233 1098 vir

99 1129 271 1198 praeclarus,
298 1129 430 1182 neminem
459 1131 546 1198 lugit,
574 1129 621 1199 qui
644 1129 677 1181 ad
700 1129 869 1182 Herodotum
892 1128 947 1182 ullo
969 1129 1047 1182 modo
1072 1130 1231 1184 accesserit.

97 1214 214 1268 Tertum
229 1214 346 1268 infinitis
361 1214 428 1268 locis
444 1214 539 1268 melios
553 1213 713 1280 constituit,
730 1214 825 1268 eximie
840 1214 953 1267 adiutus
971 1214 1065 1285 optimi
1077 1213 1232 1268 Florentini

98 1299 199 1351 codicis
215 1317 279 1369 ope3
302 1300 456 1352 versionem
471 1299 595 1352 Launem
609 1298 697 1352 textui
715 1299 864 1354 subiectam
885 1299 919 1352 de
940 1299 1049 1369 integro
1066 1301 1126 1354 lere
1149 1301 1230 1354 relin-

98 1383 152 1450 xit,
179 1392 210 1435 ut
233 1401 317 1454 supra
337 1384 388 1438 ium
407 1385 610 1452 enarravimus,
636 1383 773 1438 variarum
793 1384 939 1438 lectionum
963 1385 1066 1454 copiam
1086 1385 1233 1454 diligenter

98 1468 234 1522 collectam
251 1469 365 1538 adiecit,
381 1469 572 1522 adnotationes
589 1468 767 1538 Wesselingii
784 1476 813 1523 et
824 1469 996 1524 Valckenarii
1011 1469 1134 1538 integras
1153 1487 1231 1539 repe—

97 1552 143 1604 tiit
156 1569 278 1623 suesque
293 1553 412 1606 addidit:
434 1555 526 1608 lacobi
542 1554 678 1606 Gronovii
701 1561 780 1607 notes
801 1554 874 1625 quod
896 1555 1000 1622 omisit,
1022 1555 1117 1609 merito
1137 1553 1231 1608 dolen-

97 1637 169 1690 dum.
207 1639 292 1692 Tomo
311 1644 408 1708 quarto
424 1640 535 1694 additus
552 1646 596 1692 est
612 1637 720 1692 libellus
740 1639 783 1692 De
799 1640 856 1692 vita
870 1639 996 1707 Homeri,
1018 1641 1137 1710 itemque
1155 1656 1231 1692 acoe-

97 1722 166 1775 dunt
179 1741 211 1776 ex
223 1723 334 1776 Ctesias
345 1724 464 1778 Persicis
476 1725 615 1794 Excerpts
629 1725 770 1794 quaedam,
788 1741 858 1796 quae
871 1725 963 1778 eadem
974 1724 1151 1792 Wessclingii
1162 1741 1231 1794 quo-

96 1823 149 1876 que
161 1807 295 1875 editione,
313 1815 444 1880 utsupra
460 1799 592 1878 diximus,
609 1809 794 1862 continentur.
828 1809 918 1878 Typis
933 1811 1050 1879 repetita
1065 1811 1131 1862 bueo
1147 1809 1230 1863 editio

95 1893 185 1946 fertur
202 1893 321 1946 Londini
339 1894 412 1964 apud
425 1894 562 1962 Pricstley
581 1896 648 1948 1818
669 1911 718 1948 sex
733 1894 821 1960 Voll.,
845 1894 937 1948 additd
959 1894 1126 1966 geographid
1141 1895 1230 1948 Hero·

95 1977 190 2044 doted,
207 1978 313 2032 Aemilii
328 1978 405 2032 Porti
420 1980 522 2033 Lexico
535 1979 645 2048 lonico,
667 1979 760 2032 tabuld
779 1979 910 2033 Laroberi
930 1979 1136 2049 chronologici,
1158 1979 1229 2046 aliis,

95 2079 166 2131 quae
181 2064 215 2116 sd
229 2063 398 2118 Herodotum
419 2064 610 2118 illustrandum
626 2065 774 2134 pertinent.
809 2064 878 2118 Mihi
898 2065 967 2118 banc
982 2065 1129 2118 editionem
1144 2064 1230 2134 inspi-

94 2165 156 2200 cere
170 2149 289 2201 nondum
304 2149 392 2202 licuit.

177 2231 246 2286 Post
258 2233 549 2302 Schweighaeuserum
564 2249 660 2286 noram
672 2233 805 2300 Herodoti
822 2234 969 2288 editionem
983 2234 1093 2304 pararit
1103 2234 1230 2286 Gaislor-

93 2317 173 2384 dius,
189 2335 260 2388 quse
275 2318 378 2388 prodiit
388 2318 513 2372 Oxoniee
531 2319 597 2372 1824
614 2324 642 2370 et
656 2319 684 2370 in
700 2318 849 2372 Germania
866 2335 965 2372 recusa
979 2327 1022 2371 ert
1037 2318 1149 2388 Lipsiae
1164 2321 1231 2372 182⁴

93 2419 172 2471 seqq.
196 2402 314 2472 itemque
335 2403 445 2456 tertium
462 2403 553 2455 Oxon.
570 2404 646 2457 1849.
669 2405 711 2456 8.1
739 2403 900 2470 „Herodoti
915 2402 1121 2456 Halicarnassei
1135 2402 1231 2454 Histo-

93 2485 216 2552 „riurum
227 2485 290 2540 libri
301 2486 348 2539 111.
367 2487 493 2541 Codicem
504 2487 644 2540 Seuerol'ti
655 2488 870 2557 manuscriptum
881 2488 972 2540 denno
984 2487 1101 2540 contulit
1110 2503 1161 2538 nec
1176 2504 1230 2539 non

92 2569 246 2640 „reliquam
270 2571 395 2626 lectionis
420 2573 578 2626 varietatem
600 2571 765 2626 commodius
791 2572 909 2640 digessit
928 2572 1047 2625 Thomas
1068 2571 1230 2640 Gaislord,“

91 2656 202 2708 duobus
221 2655 291 2710 Voll.
312 2656 373 2710 sire
394 2665 526 2729 quattuor
540 2658 648 2726 Tomis,
671 2657 749 2728 prius
764 2655 897 2712 Volumen
917 2658 1003 2711 verba
1017 2658 1124 2710 Graeca
1142 2657 1230 2708 conti-

91 2747 154 2808 net,
174 2742 275 2810 qaibus
290 2741 415 2796 lectionis
433 2743 553 2796 venetas
567 2743 770 2796 accuratissime
786 2743 894 2812 digesta
907 2742 1069 2809 subiicitur;
1089 2741 1230 2811 posterius

90 2833 173 2878 notas
190 2825 382 2896 Wesselingii,
401 2827 589 2895 Valckenarii,
610 2828 882 2897 Schweighaeuseri,
901 2845 955 2882 non
972 2827 1080 2898 quidem
1096 2827 1229 2896 integras,

88 2912 141 2964 sed
159 2913 274 2965 resectis
290 2912 340 2978 iis,
364 2929 435 2982 quae
450 2913 550 2966 nullam
565 2914 654 2966 adbuc
668 2922 810 2984 proestare
825 2913 955 2966 videntur
971 2909 1160 2984 coniurent).
1196 2911 1229 2963 ln

87 3003 168 3049 textu
187 2997 381 3051 constituendo
395 2998 534 3052 Sanorot'ti
555 2999 648 3052 codice
664 2999 761 3051 eximio
781 2997 855 3051 illurn
869 2998 990 3052 adiutum
1005 2997 1094 3052 luisse
1113 2997 1165 3049 iam
1182 3013 1229 3049 su-

86 3099 141 3150 pra
164 3084 189 3143 S.
214 3083 246 3134 18
268 3082 400 3150 diximus,
428 3091 459 3135 nt
484 3101 551 3136 sune
571 3083 904 3152 Schweighaeuserianam
929 3083 1116 3136 recensionem
1136 3087 1229 3134 textus

88 3165 165 3217 haud
180 3165 276 3234 paucis
297 3165 325 3218 in
349 3165 416 3220 locis
437 3167 645 3222 emendatiorem
662 3168 822 3222 exhibuisse
839 3167 980 3238 putandus
996 3168 1049 3220 sit:
1071 3184 1157 3237 quere
1179 3183 1228 3218 no-

85 3257 166 3304 strae
182 3249 310 3302 editionis
330 3250 431 3319 prioris
448 3251 652 3306 fundumentum
674 3253 830 3323 posuimus,
851 3253 894 3306 bis
909 3253 976 3305 locis
991 3253 1069 3304 modo
1086 3251 1228 3306 disceden-

84 3343 152 3400 tes,
167 3334 214 3385 ubi
229 3333 406 3388 Gaislordius
422 3336 502 3388 nimio
517 3337 619 3391 codicis
631 3337 816 3390 Sancroitiani
828 3337 920 3390 studio
933 3338 1064 3407 abreptus
1075 3353 1138 3388 esse
1150 3335 1229 3388 nobis

83 3418 255 3488 videbatur,
279 3424 328 3471 eut
341 3419 388 3472 ubi
404 3426 527 3474 nostrum
542 3421 671 3474 iudicium
687 3422 775 3475 secuti
793 3438 809 3472 1
826 3421 944 3474 lectione
957 3428 1068 3490 recepta
1086 3419 1227 3472 disceden-

83 3507 153 3559 dum
170 3521 233 3557 esse
248 3504 427 3574 petebamus,
451 3523 525 3559 nunc
542 3506 666 3576 quidem,
683 3507 711 3559 in
727 3507 777 3560 bac
793 3505 880 3560 altera
897 3506 1017 3560 editione
1032 3504 1077 3558 vel
1091 3503 1177 3573 magis
1194 3503 1229 3558 ab

158 3771 188 3838 *J
205 3773 238 3822 ln
247 3771 291 3822 bis
301 3772 379 3838 pouit
389 3770 561 3824 Gaisiordius
575 3787 706 3824 censuras
718 3773 848 3824 editionis
858 3787 875 3823 a
884 3772 1086 3824 Iao.(lronovio
1100 3785 1227 3836 procura·

79 3852 147 3904 tae,
163 3841 292 3891 vitiorum
304 3841 542 3906 interpretationis
554 3842 673 3892 Latinae
687 3857 704 3891 a
717 3842 867 3892 Laurentio
879 3841 962 3892 Vella
977 3840 1123 3890 consectas
1136 3855 1227 3890 emen·

79 3911 244 3974 dationem,
263 3909 403 3958 ratianum
420 3908 567 3960 lectionum
586 3909 770 3960 verbosiorem
784 3925 864 3974 quam
877 3924 927 3975 par
940 3909 1023 3958 luerit
1035 3921 1228 3958 commemora-

78 3983 201 4030 tionem.
232 3977 304 4038 „His
317 3975 449 4042 aliisque,
467 3979 557 4043 pergit
571 3977 724 4042 Gaisford.,
738 3977 860 4028 eiusdem
873 3977 982 4043 generis
995 3975 1125 4036 sublatis,
1144 3975 1184 4024 ita
1196 3979 1227 4024 ut

78 4059 204 4112 „comm
223 4044 488 4094 animadversionum
506 4061 570 4111 pare
588 4045 698 4095 circiter
716 4050 814 4110 quarta
831 4044 981 4106 deleretur,
1001 4043 1111 4094 servavi
1127 4041 1227 4093 1111111

78 4111 208 4180 „omnim
223 4127 292 4177 quae
302 4112 346 4163 vel
356 4116 510 4164 sententias
521 4113 641 4163 auctoris
652 4113 733 4178 paulo
744 4111 915 4162 difficiliores
926 4113 1074 4177 aperirent,
1087 4109 1132 4162 vel
1142 4109 1225 4160 histo-

78 4184 179 4250 „riam
191 4187 313 4230 veteram
329 4179 502 4232 illustrarent
517 4182 563 4232 vel
580 4181 705 4230 eruditae
723 4181 897 4246 antiquitatis
914 4181 1045 4231 studiosis
1064 4193 1225 4244 quoeunque

78 4245 189 4316 „modo
201 4247 368 4312 prodessent.
398 4249 483 4299 Immo
500 4248 619 4300 fideliter
634 4249 847 4313 pronuntiarim,
864 4247 933 4298 nibil
951 4249 1009 4298 lere
1023 4263 1065 4296 me
1079 4247 1223 4308 abiecisse,

76 4315 163 4384 „nisi
176 4315 246 4380 qnod
258 4315 310 4366 viri
322 4317 551 4380 praestantissimi
569 4321 598 4367 et
615 4317 762 4381 praeconio
781 4331 840 4366 meo
858 4315 939 4382 louge
957 4317 1088 4376 maiores,
1108 4315 1131 4364 ai
1143 4313 1224 4364 bodie

76 4388 135 4453 „in
154 4381 226 4432 vivis
244 4390 337 4433 essent
356 4385 510 4450 nostrisque
528 4389 670 4436 uterentur
692 4391 720 4435 et
737 4383 912 4450 opinionibus
930 4389 957 4434 et
975 4382 1143 4448 disciplinis,
1171 4381 1224 4448 ipsi

76 4449 207 4523 „cupide
221 4453 407 4502 resecarent.“
