3066 4964
483 487 745 550 CALLIOPII.
769 491 828 550 IX.
851 499 982 555 94-96.
1235 497 1297 559 357

162 657 206 744 ἀς
223 657 241 731 ὁ
259 668 429 751 Δηίφονος
455 659 663 749 ἐπιβατεύων
684 665 746 731 τοῦ
768 657 920 752 Εὐηνίου
943 657 1141 752 οὐνόματος,
1168 663 1298 756 έξελάμ·

161 771 244 852 βανε
262 766 315 834 ἐπὶ
332 759 393 853 τῆν
406 758 547 834 Ἐλλάδα
564 769 662 854 ἔργα,
686 759 750 834 eulx
768 761 832 834 ἐάν
850 760 1000 852 Εὐηνίου
1018 781 1106 847 παῖς.
1149 775 1240 837 Τοῖσι
1260 768 1344 837 (1196

41 887 51 912 ·
152 861 287 955 Ἕλλησι
310 860 354 946 ὥς
380 867 589 956 έκαλλίρησε,
613 861 738 955 ἀνῆγον
760 863 818 947 τάς
840 869 917 947 νέας
941 870 977 936 έιι
1000 870 1058 956 τῆς
1077 865 1194 956 Δῆλου
1216 866 1297 960 πρὸς

159 965 220 1056 τῆν
243 966 368 1058 Σάμου.
406 970 476 1037 ἐπεὶ
496 967 533 1036 δέ
552 969 704 1056 ἐγένοντο
721 970 779 1056 τῆς
796 964 1027 1060 Σαμίηςπρός
1044 967 1246 1060 Καλάμοισι,
1265 976 1300 1041 ol

158 1071 220 1160 μὲν
244 1066 350 1140 αὐτοῦ
370 1064 583 1158 ὁρμισάμενοι
602 1067 684 1138 ιιατά
700 1066 737 1140 τὸ
751 1065 887 1160 Ἡραῖον
908 1067 945 1140 τὸ
969 1068 1090 1161 ταύτῃ,
1116 1094 1296 1162 παρεσκευ-

158 1171 272 1257 άζοντο
296 1174 328 1252 ἐς
351 1179 548 1260 ναυμαχίην.
584 1175 618 1241 ol
635 1172 672 1241 tl
689 1173 833 1262 Πέρσαι,
859 1169 1049 1262 πυθόμενοί
1068 1194 1173 1262 σφεας
1197 1196 1295 1264 προσ-

157 1275 287 1362 πλέειν,
313 1269 440 1361 ἀνῆγον
464 1274 519 1342 καὶ
545 1268 640 1344 αὐτοὶ
664 1269 744 1364 πρὸς
761 1271 823 1362 τῆν
841 1270 979 1365 ἤπειρον
996 1271 1053 1356 τάς
1070 1277 1147 1356 νέας
1165 1273 1222 1357 τάς
1240 1273 1296 1346 άλ-

157 1384 234 1463 λας,
269 1371 326 1456 τάς
354 1375 391 1444 (ll
410 1381 578 1446 Φοινίκων
601 1370 734 1464 ἀπῆκαν
757 1371 944 1446 ἀποπλέειν.
981 1380 1211 1467 βουλομένοισι
1233 1377 1296 1469 γάρ

157 1497 217 1566 σφι
236 1475 348 1548 taines
365 1483 552 1567 ναυμαχίην
569 1473 614 1566 μῆ
632 1481 814 1548 ποιέεσθαι·
833 1473 874 1548 οὐ
891 1474 955 1570 γάρ
974 1467 1023 1549 ἀν
1042 1476 1177 1550 ἐδόκεον
1189 1474 1296 1570 ὁμοῖοι

189 1667 362 1742 ἐξελάμβανε
384 1667 431 1726 let
447 1669 500 1741 τῆν
513 1668 636 1728 Ἐλλάδα
655 1670 699 1741 ἔρ·
751 1675 823 1744 νῆας
839 1677 950 1743 repoeui
967 1669 1048 1742 νέας,
1070 1681 1101 1726 ut
1118 1676 1171 1742 IX,
1190 1675 1232 1731 97.
1252 1675 1294 1728 98.

174 1741 203 1810 α]
238 1745 291 1796 Pro
317 1735 516 1795 ἐπιπείσεαι
540 1747 700 1796 coniecerat
750 1744 791 1796 99.
806 1743 862 1795 106.

156 1760 274 1876 ἀπιών,
288 1813 379 1863 uteIt:
400 1813 533 1863 Graeciam
545 1812 696 1870 alienarid-
784 1807 855 1878 πρὸς
875 1804 1048 1878 Καλάμοιοι]
1075 1813 1130 1862 Hie
1151 1811 1229 1863 locus
1249 1816 1295 1864 vix

155 1897 209 1999 gule
227 1880 366 1998 plolanlet
379 1879 700 1998 Igrcnerosrelcepentrnt
750 1880 869 1998 §lliirlncle¹
881 1881 1083 1998 cognitug731iFai
1102 1880 1295 1998 elrllhemo

175 1963 554 1999 ewer.ea1e.e
621 1964 699 1999 osea
824 1965 965 2010 ‚.a.
1074 1985 1079 1996 .
1147 1964 1294 1999 neuunc

154 1964 310 2082 Schweigh.
324 2017 353 2066 iu
365 2017 430 2066 Lex.
444 2015 546 2066 Herod.
559 2017 581 2066 I.
595 1966 622 2082 β).
634 2015 697 2066 249ι
750 2017 779 2066 in
791 1964 931 2066 Herodolo
940 1963 1051 2066 geditum
1069 2009 1229 2081 Καλάμοιοι
1245 2033 1294 2082 pro

156 2085 411 2149 ,‚vldendumvero‚
427 2085 479 2144 ait,
494 2083 698 2135 neineandem
749 2083 814 2134 olim
838 2083 942 2149 vulgat.
965 2081 1169 2149 Καλαμίσοισι,
1200 2100 1293 2150 quam·

154 2154 319 2204 cententiam
342 2152 433 2202 teneri
455 2152 574 2216 potuerit
596 2151 697 2202 debua-
749 2150 1100 2217 quamSchweighaeueere
1114 2151 1293 2204 dubitandum

153 2222 242 2286 ritqne
261 2221 330 2271 adeo
346 2219 476 2270 librorum
494 2219 548 2268 ceri
570 2225 644 2282 tura,
667 2223 698 2270 ut
748 2219 872 2283 videtur,
895 2219 1051 2270 Herodotus
1069 2235 1132 2269 nurn
1152 2221 1295 2288 scripserit

153 2305 250 2354 nempe
264 2235 696 2352 lalrrlv‘Ellelcluvaleatrpar-
747 2285 891 2352 Καλαμίσι
909 2303 945 2336 an
957 2279 1125 2352 Καλάμοιαι.
1160 2287 1202 2336 Tu
1219 2289 1294 2339 conl.

152 2356 426 2421 aimperiiraeciam.“
441 2355 696 2416 Quotamenaenan
749 2353 866 2405 GuclrIn:
890 2353 1028 2420 Descript.
1048 2354 1082 2404 de
1101 2353 1158 2404 l¹ile
1177 2353 1211 2405 de
1228 2355 1293 2404 Pat-

154 2424 326 2488 ireqnentiue
350 2422 450 2472 dicitur
472 2413 539 2471 άνά
562 2416 616 2487 τὴν
636 2416 694 2472 Ἑλ·
748 2439 806 2474 moa
819 2422 892 2473 etde
905 2421 1038 2488 Semoep.
1054 2419 1170 2486 lecaeq.
1201 2421 1292 2473 Aliam

153 2485 238 2541 λάθα.
273 2490 327 2540 Sed
345 2489 475 2540 omnium.
485 2489 562 2539 codd.
581 2491 696 2556 scriptu·
749 2490 872 2542 eiusdem
884 2490 1000 2540 nominis
1012 2489 1106 2538 urbem
1115 2489 1143 2538 in
1153 2487 1293 2541 Messenia

154 2575 212 2608 ram
229 2558 356 2608 deserere
374 2572 434 2608 curn
451 2557 498 2606 vix
514 2555 613 2616 liceat,
630 2559 696 2608 reti·
748 2557 829 2609 affert
841 2557 996 2608 Pausanias
1008 2557 1062 2614 VI,
1074 2555 1122 2615 31,
1139 2555 1155 2608 3
1172 2558 1292 2624 itemque

153 2627 201 2676 nni
214 2615 260 2676 lut
274 2641 335 2676 cum
348 2624 507 2684 Schaelero,
522 2625 629 2681 Matth..
642 2626 696 2676 Ne·
747 2625 904 2692 Stephanus
916 2625 1085 2688 Byzantinus
1098 2640 1119 2674 e.
1133 2639 1158 2674 v.
1184 2625 1226 2675 De
1239 2627 1292 2676 He·

153 2693 209 2758 grie
227 2699 255 2744 et
272 2709 343 2743 rece.
364 2692 425 2742 edd.
443 2693 507 2742 inde
526 2709 543 2743 a
559 2693 695 2746 Bcklrero.
746 2709 822 2753 raca,
848 2693 917 2758 quod
941 2708 995 2742 non
1018 2691 1099 2758 longe
1121 2697 1252 2743 remotum
1275 2709 1292 2744 a

154 2761 232 2812 Unde
260 2761 331 2826 quod
355 2760 438 2826 vulgo
464 2761 694 2828 interpretantur:
746 2763 816 2812 mari
835 2761 919 2812 sericae
937 2759 1074 2824 scribunt,
1092 2760 1147 2810 vid.
1167 2767 1236 2811 nott.
1256 2761 1292 2812 ad

151 2846 246 2895 operar
269 2829 424 2880 vaticinandi
446 2835 537 2879 contra
562 2830 700 2881 Graeciae.
746 2830 803 2894 111,
816 2828 857 2879 60.
888 2831 985 2893 Itaque
1004 2829 1137 2878 accedere
1159 2844 1213 2878 non
1230 2845 1291 2896 poe·

150 2899 326 2958 conduxerat,
351 2895 444 2946 malim
462 2897 591 2948 reddere:
615 2900 701 2948 arraial
749 2913 806 2948 eum
820 2897 862 2958 iia,
877 2912 948 2962 quae
960 2897 1058 2946 scribit
1068 2895 1163 2946 Grote:
1177 2897 1292 2962 History

151 2982 204 3016 eram
227 2981 332 3030 operam
351 2979 421 3014 auam
443 2965 483 3027 (iu
508 2965 697 3030 vaticinando)

150 3035 244 3098 paeaim
251 3049 301 3098 per
308 3033 440 3082 Graeciam
451 3037 564 3083 elocaaae
571 3033 697 3096 (multial3

151 3117 214 3151 nam
222 3093 528 3166 έιιλαμβάνεινβίοἰιοτ,
537 3101 582 3167 qui
593 3116 698 3166 operam

150 3185 220 3219 raam
232 3169 309 3219 certi
324 3165 385 3218 scil.
398 3168 518 3232 pecunia
535 3183 557 3218 a.
571 3169 697 3220 mercede

151 3241 248 3304 pacta,
267 3237 344 3286 alteri
360 3238 452 3284 elocat.
482 3236 524 3284 De
544 3250 596 3300 quo
609 3237 698 3286 citant

151 3303 294 3354 Plutarch.
307 3302 401 3366 Pelop.
415 3302 455 3352 25.
476 3318 538 3368 pag.
550 3301 598 3352 2111
612 3304 645 3353 B.
660 3304 694 3354 11.

150 3371 277 3438 pagello
288 3372 320 3420 E.
344 3368 439 3432 Polyb.
457 3369 513 3431 111,
530 3369 572 3418 4¹2.
606 3369 695 3421 Unum

151 3441 291 3506 negotium
316 3437 432 3488 facessit
449 3428 496 3487 iat
513 3437 566 3486 hac
584 3439 695 3488 notione

150 3509 244 3574 ulique
262 3506 416 3568 insolitum,
444 3519 605 3570 quamquam
627 3505 695 3555 alte-

150 3592 207 3626 ram
218 3576 242 3625 ai
252 3589 350 3640 aequor
360 3573 624 3639 interpretationem,
632 3573 695 3638 qnid

149 3644 202 3693 hoo
220 3643 280 3694 loco
297 3642 351 3692 eibi
370 3640 438 3692 velit
450 3647 541 3692 contra
554 3642 693 3700 Graeciae,

150 3711 222 3761 haud
241 3725 309 3761 eane
328 3710 461 3775 percipio.
495 3709 595 3776 Negris
612 3709 694 3759 inter·

150 3783 286 3844 pretatur:
317 3769 475 3840 ταξιδεάων
499 3771 540 3836 τίς
563 3769 617 3844 τῆν
636 3767 693 3826 ‘El-

150 3839 225 3897 λάδα
244 3837 329 3912 έηρηο
351 3837 443 3911 aloyae
467 3835 514 3896 ἐπὶ
531 3843 639 3910 μισθῷ,
665 3849 694 3896 et

151 3907 219 3978 έρηα
233 3863 422 3980 ἐκλαμβάνειν
439 3913 512 3963 idem
525 3929 584 3964 eaeo
600 3914 640 3964 ait
652 3919 692 3963 at·

151 3997 202 4048 que
217 3973 390 4048 ἐργολαβεῖν.

332 4185 398 4238 Car.
416 4184 511 4252 XCVI.

195 4309 233 4378 ele
263 4311 441 4387 ἒναλλίρησε]
471 4319 532 4370 Vid.
561 4325 629 4394 nott.
656 4319 691 4370 ad

150 4389 216 4448 vn,
245 4387 292 4438 134
321 4391 349 4438 et
376 4388 411 4438 acl
436 4387 547 4438 verbum
570 4383 691 4453 ανάηειν

150 4455 230 4520 VIII,
249 4453 290 4506 60.
309 4457 332 4518 §.
354 4454 374 4506 l.
393 4457 472 4519 VIII,
486 4453 529 4508 76.
563 4447 626 4506 Mox
643 4472 691 4522 pro

749 2966 781 3016 oi
794 2965 900 3016 Graece
911 2965 941 3014 V.
957 2964 1094 3030 pagam,
1112 2964 1201 3015 videri
1216 2965 1291 3016 aliud

748 3033 800 3084 hoc
812 3033 872 3083 loco
884 3031 1092 3098 intelligendum
1106 3047 1166 3082 eece
1178 3033 1290 3084 Iunonia

748 3101 878 3166 templum
891 3101 920 3150 in
930 3099 987 3150 alla
997 3099 1104 3150 insulae
1113 3099 1187 3150 Sami
1196 3106 1289 3166 parter

748 3185 799 3218 nec
812 3184 880 3219 eane
893 3166 996 3218 uncrin
1012 3168 1031 3218 l.
1044 3168 1062 3218 l.
1076 3183 1139 3234 pag.
1155 3167 1202 3217 179
1214 3185 1289 3234 aeqq.

748 3236 777 3286 in
800 3235 978 3286 recensendis
1002 3236 1154 3285 Samiorum
1180 3235 1289 3302 templis

746 3303 830 3353 ullum
848 3304 925 3354 novit
942 3302 1016 3352 aliud
1029 3303 1141 3352 Iunonie
1159 3303 1289 3368 templum

746 3375 856 3436 praeter
889 3369 1096 3420 celeberrimum
1132 3369 1200 3418 illud
1233 3371 1287 3420 He·

745 3453 854 3500 neum,
880 3438 950 3503 quod
973 3437 1024 3488 hoc
1046 3452 1151 3502 quoque
1169 3436 1229 3486 loco
1247 3438 1287 3486 in·

745 3505 872 3570 teIIIgere
886 3505 989 3555 malim.

789 3564 1033 3636 παρεσκευάζοντο
1058 3563 1086 3629 ἐς
1110 3569 1285 3636 ναυμαχίην]

744 3639 877 3691 Voculam
894 3630 932 3697 ὥς
950 3644 1014 3689 ante
1032 3631 1060 3696 ές
1076 3637 1139 3689 olim
1158 3639 1287 3690 incertam

745 3709 874 3774 ignorant
885 3707 959 3767 libri,
972 3707 1018 3772 qui
1030 3707 1054 3758 ai
1067 3707 1179 3766 ferrent,
1194 3713 1287 3757 tenen·

745 3777 806 3826 dum
823 3777 917 3841 utique
937 3774 1004 3824 illud
1022 3779 1097 3825 recte
1112 3774 1209 3825 statuit
1221 3775 1287 3826 Val-

745 3844 857 3894 ckcnar.
869 3842 1165 3908 citanaXenophontea
1175 3840 1219 3907 [de
1230 3845 1287 3908 qui-

745 3912 795 3962 bua
808 3911 882 3962 coni.
897 3911 984 3962 Stura.
1000 3911 1027 3960 in
1036 3911 1103 3961 Lex.
1114 3910 1286 3976 Xenophont.

743 3981 790 4031 lv.
833 3996 876 4045 ag.
898 3976 957 4044 607]
982 3983 1009 4029 et
1025 3977 1147 4041 Thucyd.
1167 3977 1205 4028 VI
1212 4015 1219 4041 ,
1241 3978 1282 4028 67.

743 3997 866 4099 naulum
876 4046 1038 4112 particulam
1048 4035 1086 4104 alr
1095 4046 1170 4096 inira
1181 4041 1284 4112 quoque

743 4117 789 4178 lx,
804 4113 846 4166 98.
859 4113 893 4166 99
904 4114 1003 4166 Noster
1014 4113 1086 4164 hand
1101 4115 1237 4180 apposuit.
1249 4142 1283 4150 -

741 4185 783 4235 Ad
807 4188 970 4235 structuram
999 4183 1143 4234 verborum
1166 4171 1284 4248 ἀπῆκαν

742 4241 898 4303 ἀποπλέειν
915 4250 986 4302 conl.
1005 4255 1072 4302 nott
1091 4248 1236 4314 adV1‚84
1253 4255 1282 4302 et

743 4321 778 4371 ad
805 4320 861 4370 vim
879 4317 1043 4398 martiaulae
1070 4305 1111 4368 ala
1139 4319 1166 4368 iu
1191 4319 1284 4370 verbis

742 4380 847 4506 σάθηιέρ
868 4402 908 4438 αν
925 4377 1043 4438 licerer
1059 4385 1157 4437 Matth.
1176 4385 1220 4438 Gr.
1234 4386 1279 4437 Gr.

742 4457 765 4518 l·
799 4457 840 4508 ²·
1144 4463 1153 4490 ⁴
